<mjloggm ver="2.3"><GO type="169" lobby="0"/><UN n0="%33%39%E3%81%95%E3%82%93" n1="%E3%81%8B%E3%81%A5%E3%81%8D%EF%BC%B8%EF%BC%A9" n2="%E3%81%A8%E3%81%A3%E3%81%A8%E3%83%BC" n3="%E6%BB%9D%E6%9C%AC%E3%81%B2%E3%81%B5%E3%81%BF%EF%BC%81" dan="17,16,16,17" rate="2180.33,2079.96,2068.63,2197.75" sx="M,M,M,M"/><TAIKYOKU oya="0"/><INIT seed="0,0,0,2,4,91" ten="250,250,250,250" oya="0" hai0="21,122,28,76,72,22,35,68,113,118,10,123,31" hai1="131,86,124,132,39,7,13,59,102,61,56,54,6" hai2="49,4,115,60,82,69,0,112,11,93,24,117,43" hai3="107,135,74,2,45,99,77,114,17,42,66,104,119"/><T30/><D68/><U3/><E3/><V120/><F120/><W53/><G114/><T92/><D72/><U94/><E39/><V16/><F117/><W63/><G135/><T25/><D76/><U5/><E132/><V34/><F82/><W41/><G41/><T97/><D118/><U106/><E106/><V57/><F69/><W109/><G53/><T78/><D78/><U127/><E131/><V75/><F75/><W67/><G67/><T36/><D36/><U64/><E13/><V89/><F49/><W128/><G17/><T84/><D113/><U103/><E103/><V8/><F34/><W1/><G109/><T90/><D35/><U38/><E38/><V70/><F43/><W101/><G104/><T52/><D10/><U33/><E33/><V126/><F126/><W51/><G128/><T100/><D22/><U44/><E44/><V96/><F70/><W105/><G105/><T48/><D122/><U20/><E20/><V134/><F134/><W95/><G119/><T32/><D32/><U71/><E71/><V46/><F46/><W80/><REACH who="3" step="1"/><G107/><REACH who="3" ten="250,250,250,240" step="2"/><T12/><D123/><U14/><E124/><V116/><F116/><W73/><G73/><T29/><D29/><U121/><E127/><V50/><F115/><W37/><G37/><T125/><D125/><U81/><E121/><V58/><F112/><W65/><G65/><T88/><D28/><U87/><E64/><V129/><F129/><W27/><G27/><T19/><D30/><U62/><E54/><V111/><F24/><W85/><G85/><T133/><D84/><U79/><E86/><RYUUKYOKU ba="0,1" sc="250,-10,250,-10,250,-10,240,30" hai3="1,2,42,45,51,63,66,74,77,80,95,99,101" /><INIT seed="1,1,1,4,5,111" ten="240,240,240,270" oya="1" hai0="42,128,120,67,77,10,103,112,135,83,19,52,71" hai1="131,91,79,62,64,121,13,1,24,30,96,74,90" hai2="101,3,78,53,81,106,76,9,15,116,114,93,104" hai3="27,50,28,82,130,113,97,109,117,126,31,61,86"/><U7/><E121/><V21/><F116/><W43/><G109/><T33/><D33/><U102/><E131/><V72/><F3/><W110/><G110/><T16/><D42/><U85/><E1/><V127/><F127/><W119/><G97/><T123/><D128/><U118/><E118/><V32/><F32/><W57/><G126/><T11/><D103/><U48/><E48/><V38/><F21/><W108/><G108/><T40/><D40/><U84/><E74/><V34/><F34/><W134/><G130/><T29/><D29/><U115/><E13/><V66/><F66/><W70/><G134/><T39/><D39/><U44/><E44/><V2/><F78/><W87/><G87/><N who="0" m="48623" /><D67/><U49/><E7/><V25/><F2/><W99/><G99/><T51/><D71/><U14/><E14/><V68/><F68/><W5/><G5/><T22/><D135/><U73/><E73/><V12/><F106/><W41/><G28/><T26/><D112/><U8/><E30/><V47/><F104/><W35/><G113/><T56/><D19/><U46/><E79/><V37/><F114/><W107/><G107/><T65/><D65/><U69/><E115/><V132/><F132/><W60/><G70/><T0/><D0/><U80/><E69/><V95/><F38/><W54/><G117/><T122/><AGARI ba="1,1" hai="10,11,16,22,26,51,52,56,120,122,123" m="48623" machi="122" ten="30,4000,0" yaku="13,1,54,2" doraHai="111" who="0" fromWho="0" sc="240,53,240,-21,240,-11,270,-11" /><INIT seed="2,0,0,4,2,6" ten="293,219,229,259" oya="2" hai0="2,62,110,68,9,125,103,61,52,4,32,75,21" hai1="38,25,57,16,94,28,131,7,51,84,43,66,106" hai2="100,26,98,17,23,93,79,19,63,119,42,37,49" hai3="45,64,18,80,67,132,86,73,35,90,87,115,27"/><V121/><F121/><W22/><G132/><T123/><D32/><U97/><E106/><V83/><F119/><W134/><G134/><T11/><D123/><U76/><E131/><V135/><F135/><W96/><G115/><T85/><D75/><U50/><E38/><V102/><F37/><W0/><G73/><T30/><D125/><U104/><E104/><V109/><F109/><W74/><G74/><T95/><D68/><U46/><E7/><V65/><F100/><W126/><G0/><T14/><D110/><U81/><E57/><V77/><F83/><W71/><G71/><T133/><D133/><U107/><E66/><V116/><F116/><W129/><G35/><T120/><D120/><U39/><E107/><V56/><F19/><W8/><G96/><T127/><D127/><U70/><E70/><V78/><F49/><W112/><G112/><T105/><D105/><U54/><E54/><V117/><F117/><W92/><G129/><T89/><D103/><U72/><E72/><V1/><F1/><W40/><G126/><T59/><D21/><N who="1" m="13479" /><E28/><V41/><AGARI ba="0,0" hai="17,23,26,41,42,56,63,65,77,78,79,93,98,102" machi="41" ten="30,3000,0" yaku="0,1,8,1" doraHai="6" who="2" fromWho="2" sc="293,-10,219,-10,229,30,259,-10" /><INIT seed="2,1,0,3,1,71" ten="283,209,259,249" oya="2" hai0="85,60,42,103,48,22,117,51,125,59,69,88,35" hai1="113,106,9,20,52,105,111,97,39,5,87,46,1" hai2="79,55,36,121,8,101,91,119,112,104,61,118,131" hai3="34,116,94,19,25,110,108,68,75,37,76,130,90"/><V6/><F121/><W82/><G116/><T77/><D35/><U45/><E113/><V133/><F112/><W73/><G73/><T80/><D69/><U89/><E111/><N who="3" m="42538" /><G68/><T96/><D125/><U28/><E97/><V83/><F91/><W74/><G74/><T128/><D128/><U13/><E39/><V29/><F29/><N who="3" m="19759" /><G19/><T31/><D117/><U2/><E106/><V107/><F131/><W40/><G130/><T33/><D33/><U123/><E105/><V57/><F101/><W132/><G132/><T41/><D51/><U81/><E123/><V44/><F133/><W78/><G78/><T66/><D48/><U50/><REACH who="1" step="1"/><E46/><REACH who="1" ten="283,199,259,249" step="2"/><V100/><F119/><W72/><G72/><T10/><D77/><U126/><E126/><V134/><F118/><W95/><G90/><T17/><D88/><U114/><E114/><V47/><F134/><W127/><G127/><T49/><D85/><U70/><E70/><V92/><F107/><W43/><G37/><T99/><D103/><U26/><AGARI ba="1,1" hai="1,2,5,9,13,20,26,28,45,50,52,81,87,89" machi="26" ten="30,7900,0" yaku="1,1,0,1,54,1,53,1" doraHai="71" doraHaiUra="21" who="1" fromWho="1" sc="283,-21,199,92,259,-40,249,-21" /><INIT seed="3,0,0,2,0,10" ten="262,291,219,228" oya="3" hai0="13,115,18,68,63,61,33,70,78,14,119,55,92" hai1="80,109,114,27,62,124,2,93,66,94,25,16,6" hai2="46,96,89,98,104,125,73,31,38,5,102,81,42" hai3="43,90,100,22,117,0,45,40,127,47,107,60,32"/><W67/><G117/><T28/><D119/><U101/><E109/><V110/><F110/><W35/><G127/><T85/><D28/><U129/><E114/><V53/><F125/><W37/><G0/><T74/><D74/><U71/><E124/><V41/><F31/><W133/><G133/><T11/><D33/><U126/><E126/><V3/><F42/><W24/><G90/><T30/><D30/><U54/><E129/><V26/><F53/><W48/><G100/><T51/><D115/><U95/><E101/><V17/><F17/><W79/><G79/><T1/><D1/><U64/><E6/><V134/><F26/><W29/><REACH who="3" step="1"/><G107/><REACH who="3" ten="262,291,219,218" step="2"/><T123/><D78/><U7/><E2/><V72/><F134/><W97/><G97/><T49/><D123/><U39/><E95/><V58/><F98/><W20/><G20/><T113/><D92/><U59/><E94/><V108/><F108/><W19/><G19/><T135/><D113/><U21/><E93/><V82/><F89/><W131/><G131/><T34/><D18/><U103/><E103/><V77/><F82/><W9/><G9/><T91/><D11/><U112/><E80/><V4/><F4/><W44/><G44/><T105/><D91/><U87/><E7/><V116/><F116/><W88/><G88/><T75/><D105/><U36/><E16/><V76/><F76/><W23/><G23/><T128/><D128/><U50/><E21/><V122/><F122/><W99/><G99/><T57/><D135/><U120/><E120/><V69/><F104/><W111/><G111/><T65/><D34/><RYUUKYOKU ba="0,1" sc="262,-10,291,-10,219,-10,218,30" hai3="22,24,29,32,35,37,40,43,45,47,48,60,67" /><INIT seed="3,1,1,3,1,94" ten="252,281,209,248" oya="3" hai0="54,63,76,24,62,119,34,96,14,87,28,71,65" hai1="61,13,91,45,10,66,112,43,97,64,107,51,108" hai2="116,56,79,105,88,55,84,15,117,60,4,81,31" hai3="80,38,86,110,92,103,50,8,74,90,30,0,17"/><W114/><G114/><T132/><D119/><U125/><E108/><V131/><F131/><W20/><G38/><T42/><D132/><U44/><E112/><V39/><F105/><W113/><G113/><T100/><D42/><U67/><E125/><V11/><F39/><W58/><G110/><T46/><D14/><U128/><E128/><V72/><REACH who="2" step="1"/><F31/><REACH who="2" ten="252,281,199,248" step="2"/><W35/><G30/><T77/><D87/><U129/><E129/><V3/><F3/><W111/><G0/><T52/><D63/><U78/><E107/><V89/><F89/><W53/><G111/><T27/><D77/><U40/><E78/><V36/><F36/><W73/><G35/><T37/><D76/><U75/><E61/><V126/><F126/><W48/><G48/><T19/><D37/><U18/><E75/><V98/><F98/><N who="3" m="59847" /><G73/><T5/><D28/><U47/><E51/><V22/><F22/><W122/><G74/><T101/><D34/><U102/><E91/><V118/><F118/><W99/><G122/><T95/><D101/><U7/><E102/><V59/><F59/><W121/><G121/><T124/><D124/><U1/><REACH who="1" step="1"/><E97/><REACH who="1" ten="252,271,199,248" step="2"/><V29/><F29/><W12/><G99/><T9/><D96/><U123/><E123/><V85/><F85/><W83/><G86/><T104/><D100/><U82/><E82/><AGARI ba="1,3" hai="4,11,15,55,56,60,72,79,81,82,84,88,116,117" machi="82" ten="30,3900,0" yaku="1,1,7,1,54,1,53,0" doraHai="94" doraHaiUra="127" who="2" fromWho="1" sc="252,0,271,-42,199,72,248,0" /><INIT seed="4,0,0,5,2,53" ten="252,229,271,248" oya="0" hai0="92,113,116,88,89,131,67,70,86,87,2,124,34" hai1="134,11,85,33,1,14,58,42,112,57,129,15,23" hai2="71,16,125,104,47,94,111,95,78,18,115,60,74" hai3="5,102,83,40,29,25,122,45,126,49,6,101,27"/><T13/><D2/><U80/><E129/><V20/><F111/><W51/><G126/><T3/><D116/><U99/><E33/><V43/><F104/><W46/><G122/><T135/><D3/><U7/><E134/><V56/><F71/><W100/><G83/><T108/><D34/><U127/><E127/><V132/><F125/><W106/><G106/><T12/><D124/><U107/><E42/><V52/><F115/><W30/><REACH who="3" step="1"/><G100/><REACH who="3" ten="252,229,271,238" step="2"/><T4/><D135/><U54/><E107/><V91/><F95/><W69/><G69/><T59/><D70/><U63/><E112/><V44/><F94/><W26/><G26/><T64/><D113/><U55/><E80/><V118/><F132/><W62/><G62/><T114/><D114/><U72/><E72/><V90/><F74/><W36/><G36/><T121/><D121/><U32/><E63/><V77/><F60/><W0/><G0/><T82/><D108/><U65/><E1/><V50/><F118/><W39/><G39/><T68/><D68/><U73/><E73/><V8/><F50/><W37/><G37/><T84/><D92/><U22/><E15/><N who="0" m="5705" /><D82/><U61/><E14/><V35/><F8/><W130/><G130/><T28/><D131/><U19/><E11/><V76/><F76/><W9/><G9/><T31/><D4/><U117/><E7/><V10/><F78/><W21/><G21/><T98/><D89/><U133/><E117/><V128/><F128/><W48/><G48/><T66/><D88/><U97/><E133/><V109/><F91/><W123/><G123/><T75/><D75/><RYUUKYOKU ba="0,1" sc="252,-10,229,-10,271,-10,238,30" hai3="5,6,25,27,29,30,40,45,46,49,51,101,102" /><INIT seed="5,1,1,4,5,65" ten="242,219,261,268" oya="1" hai0="19,40,90,55,49,86,57,11,30,54,7,134,25" hai1="43,125,79,34,100,94,119,10,5,133,82,21,58" hai2="116,110,128,35,88,1,105,50,120,48,111,41,121" hai3="70,72,114,71,15,77,112,66,73,87,18,103,37"/><U118/><E34/><V4/><F105/><W74/><G37/><T99/><D134/><U109/><E133/><V42/><F35/><W20/><G66/><T69/><D40/><U60/><E125/><V44/><F128/><W64/><G64/><T28/><D99/><U96/><E43/><V61/><F4/><W78/><G103/><T122/><D69/><N who="3" m="26121" /><G87/><T126/><D126/><U32/><E32/><V63/><F88/><W106/><G106/><T47/><D122/><U13/><E21/><V115/><F1/><W93/><G93/><T52/><D19/><U6/><E6/><V97/><F97/><W31/><G31/><T131/><D131/><U113/><E109/><V104/><F104/><W36/><G36/><T98/><D98/><U27/><E27/><V59/><F59/><W108/><G108/><T80/><D57/><U51/><E51/><V56/><F56/><W8/><G8/><T92/><D92/><U117/><E58/><V81/><F81/><W129/><G129/><T62/><D28/><U89/><E60/><V135/><F135/><W24/><G24/><T14/><D62/><U102/><E100/><V9/><F9/><W17/><G17/><T127/><D127/><U22/><E102/><V16/><F16/><W76/><G76/><T39/><D39/><U84/><REACH who="1" step="1"/><E22/><AGARI ba="1,1" hai="7,11,14,22,25,30,47,49,52,54,55,80,86,90" machi="22" ten="30,3900,0" yaku="7,1,8,1,54,1" doraHai="65" who="0" fromWho="1" sc="242,52,219,-42,261,0,268,0" /><INIT seed="6,0,0,0,5,9" ten="294,177,261,268" oya="2" hai0="82,50,16,121,96,76,33,125,14,98,89,7,117" hai1="132,38,10,30,64,24,77,58,131,36,20,59,87" hai2="26,15,100,42,53,34,103,25,27,61,86,19,70" hai3="135,118,109,46,37,113,1,63,69,21,111,106,52"/><V92/><F34/><W39/><G1/><T123/><D117/><U67/><E131/><V23/><F42/><W75/><G75/><T8/><D33/><U73/><E73/><V88/><F70/><W17/><G106/><T60/><D125/><U32/><E132/><V48/><REACH who="2" step="1"/><F61/><REACH who="2" ten="294,177,251,268" step="2"/><W130/><G69/><T83/><D60/><U22/><E36/><V127/><F127/><W28/><G63/><T40/><D123/><U97/><E38/><V94/><F94/><W31/><G37/><T91/><D40/><U93/><E32/><V74/><F74/><W105/><G39/><T124/><D124/><U126/><E126/><V72/><F72/><W55/><G105/><T104/><D104/><U49/><E93/><V5/><F5/><W18/><G118/><T84/><D121/><U134/><E49/><V116/><F116/><W68/><G68/><T114/><D50/><U71/><E71/><V80/><F80/><W35/><G35/><T51/><D7/><U56/><E67/><V6/><F6/><W0/><G135/><T112/><D51/><U110/><E64/><V95/><F95/><W129/><G130/><T122/><D122/><U99/><E134/><V128/><F128/><W54/><G129/><T11/><D83/><U120/><E120/><V81/><F81/><W45/><G54/><T57/><D82/><U3/><E77/><V44/><AGARI ba="0,1" hai="15,19,23,25,26,27,44,48,53,86,88,92,100,103" machi="44" ten="30,12000,1" yaku="1,1,0,1,8,1,52,1,54,1,53,0" doraHai="9" doraHaiUra="101" who="2" fromWho="2" sc="294,-40,177,-40,251,130,268,-40" /><INIT seed="6,1,0,4,2,68" ten="254,137,381,228" oya="2" hai0="132,8,129,126,51,123,62,78,73,120,4,112,113" hai1="59,10,61,72,0,5,36,106,133,43,85,58,49" hai2="53,23,47,60,88,91,50,90,121,34,94,115,104" hai3="29,89,45,111,19,114,11,76,39,57,48,25,103"/><V38/><F34/><W131/><G111/><T1/><D51/><U99/><E49/><V32/><F32/><W81/><G131/><T96/><D96/><U42/><E133/><V101/><F121/><W65/><G114/><N who="0" m="44139" /><D62/><U98/><E72/><V130/><F130/><W86/><G103/><T77/><D77/><U37/><E59/><N who="2" m="34927" /><F38/><W12/><G57/><T22/><D78/><U41/><E85/><N who="2" m="52495" /><F104/><W83/><G65/><T135/><D73/><U108/><E108/><V56/><F101/><W82/><G39/><T122/><D129/><U79/><E79/><V87/><F23/><W69/><G69/><T35/><D35/><U16/><E98/><V102/><F102/><W21/><REACH who="3" step="1"/><G76/><REACH who="3" ten="254,137,381,218" step="2"/><T84/><D123/><U52/><E106/><V3/><F56/><W67/><G67/><T20/><D122/><U27/><REACH who="1" step="1"/><E99/><REACH who="1" ten="254,127,381,218" step="2"/><V55/><F115/><W134/><G134/><T127/><D120/><U17/><E17/><V109/><F109/><W80/><G80/><T26/><D132/><U95/><E95/><V9/><F87/><W110/><G110/><T66/><D84/><U33/><E33/><V93/><F93/><W13/><G13/><T97/><D97/><U105/><E105/><V118/><F91/><W74/><G74/><T46/><D135/><U92/><E92/><V124/><F90/><W40/><AGARI ba="1,2" hai="11,12,19,21,25,29,40,45,48,81,82,83,86,89" machi="40" ten="20,8000,1" yaku="1,1,0,1,7,1,8,1,53,1" doraHai="68" doraHaiUra="14" who="3" fromWho="3" sc="254,-21,127,-21,381,-41,218,103" /><INIT seed="7,0,0,5,5,59" ten="233,106,340,321" oya="3" hai0="17,114,10,130,123,106,42,63,22,86,65,117,21" hai1="111,98,51,15,71,91,70,16,73,41,40,108,92" hai2="47,5,50,4,112,116,94,8,90,56,9,68,11" hai3="14,60,53,33,107,78,12,75,3,48,28,43,96"/><W38/><G3/><T103/><D117/><U131/><E73/><V64/><F112/><W129/><G129/><T13/><D123/><U81/><E131/><V122/><F68/><W132/><G132/><T20/><D130/><U46/><E71/><V69/><F69/><W62/><G38/><T121/><D121/><U31/><E70/><V18/><F116/><W95/><G107/><T32/><D32/><U67/><E67/><V85/><F122/><W30/><G43/><T54/><D65/><U7/><E111/><V120/><F120/><W125/><G125/><T1/><D42/><U39/><E108/><V79/><F79/><W102/><G78/><T55/><D55/><U133/><E133/><V36/><F36/><W37/><G37/><T89/><D1/><U24/><E7/><N who="2" m="2635" /><F56/><N who="3" m="32807" /><G33/><T6/><D114/><U26/><E39/><V72/><F72/><W58/><G75/><T134/><D106/><U83/><E41/><N who="2" m="24943" /><F64/><N who="3" m="38935" /><G62/><T127/><D127/><U66/><E66/><V57/><F57/><W19/><G12/><AGARI ba="0,0" hai="8,9,11,12,18,85,90,94" m="24943,2635" machi="12" ten="30,1000,0" yaku="8,1" doraHai="59" who="2" fromWho="3" sc="233,0,106,0,340,10,321,-10" owari="233,-17.0,106,-39.0,350,45.0,311,11.0" /></mjloggm>