<mjloggm ver="2.3"><GO type="185" lobby="0"/><UN n0="%E7%A9%BA%E3%81%AB%E8%8A%B1%E7%81%AB" n1="%E3%83%9D%E3%82%B1%E3%83%83%E3%83%88" n2="%E6%B0%B4%E6%9B%9C%E4%BA%BA" n3="" dan="17,18,16,0" rate="2217.62,2354.16,2181.23,1500.00" sx="M,M,M,C"/><TAIKYOKU oya="0"/><INIT seed="0,0,0,0,4,110" ten="350,350,350,0" oya="0" hai0="53,118,55,95,135,3,86,34,84,115,130,108,77" hai1="113,106,64,114,102,101,36,91,78,126,87,125,93" hai2="122,92,39,51,40,88,33,129,123,90,103,131,67" hai3=""/><T61/><D34/><U57/><E36/><V132/><N who="2" m="31264" /><V82/><N who="2" m="31520" /><V48/><F33/><T117/><D3/><U38/><E38/><V128/><F132/><T89/><D135/><U119/><E57/><V59/><F82/><T46/><D130/><U96/><E64/><V120/><N who="2" m="30752" /><V66/><F39/><T83/><D108/><U58/><E58/><V72/><F72/><T85/><D115/><N who="1" m="44043" /><E119/><V1/><F1/><T81/><D46/><U43/><E43/><V98/><F40/><T107/><D107/><U52/><E52/><V73/><F73/><T74/><D61/><U42/><E42/><V99/><F90/><T70/><D70/><U100/><E106/><V2/><F2/><T116/><D53/><U47/><E47/><V44/><F44/><T134/><D55/><U62/><E62/><V41/><F41/><T69/><D69/><U50/><E50/><N who="2" m="18987" /><F59/><T112/><D112/><U127/><E78/><V68/><F68/><T97/><D134/><U76/><E76/><AGARI ba="0,0" hai="74,76,77,81,83,84,85,86,89,95,97,116,117,118" machi="76" ten="40,7700,0" yaku="34,3" doraHai="110" who="0" fromWho="1" sc="350,77,350,-77,350,0,0,0" /><INIT seed="0,1,0,3,5,44" ten="427,273,350,0" oya="0" hai0="114,90,78,107,58,60,37,50,32,132,92,99,70" hai1="56,38,35,83,68,118,119,124,76,65,71,46,113" hai2="134,111,81,66,52,112,85,105,128,87,79,73,133" hai3=""/><T91/><D32/><U0/><E35/><V33/><F33/><T110/><D114/><U3/><E56/><V103/><F112/><T43/><D132/><U96/><E96/><V116/><F111/><T109/><D78/><U69/><E65/><V82/><F128/><T39/><D70/><U115/><E124/><V80/><F116/><T100/><D50/><U127/><E127/><V101/><F66/><T123/><N who="0" m="31520" /><T48/><D48/><U84/><E115/><V63/><F73/><T88/><D107/><U89/><E113/><V49/><F63/><T42/><D39/><U117/><E76/><V94/><F105/><T61/><D37/><U51/><REACH who="1" step="1"/><E38/><REACH who="1" ten="427,263,350,0" step="2"/><V98/><F103/><T104/><D58/><U72/><E72/><V57/><REACH who="2" step="1"/><F81/><REACH who="2" ten="427,263,340,0" step="2"/><T129/><D110/><U36/><E36/><V102/><F102/><T93/><D109/><U121/><N who="1" m="31008" /><U130/><E130/><V41/><F41/><AGARI ba="1,2" hai="0,3,41,46,51,68,69,71,83,84,89,117,118,119" m="31008" machi="41" ten="50,8000,1" yaku="1,1,52,2,53,1" doraHai="44" doraHaiUra="86" who="1" fromWho="2" sc="427,0,263,102,340,-82,0,0" /><INIT seed="1,0,0,5,1,103" ten="427,365,258,0" oya="1" hai0="71,58,108,69,40,53,33,120,72,81,128,105,96" hai1="91,65,2,61,104,86,63,70,75,106,36,117,111" hai2="74,62,116,121,114,126,3,60,54,135,55,0,93" hai3=""/><U94/><E117/><V82/><N who="2" m="31008" /><V77/><F116/><T49/><N who="0" m="30752" /><T37/><D33/><U47/><E2/><V51/><F114/><T68/><D128/><U123/><N who="1" m="31520" /><U122/><N who="1" m="31264" /><U89/><E75/><V134/><F126/><T115/><D115/><U97/><E111/><V129/><F129/><T32/><D32/><U46/><E61/><V38/><F38/><T39/><D108/><U92/><REACH who="1" step="1"/><E36/><REACH who="1" ten="427,355,258,0" step="2"/><V132/><F62/><T35/><D35/><U107/><AGARI ba="0,1" hai="46,47,63,65,70,86,89,91,92,94,97,104,106,107" m="31264,31520" machi="107" ten="30,16000,3" yaku="1,1,2,1,0,1,52,5,53,0" doraHai="103" doraHaiUra="79" who="1" fromWho="1" sc="427,-80,355,170,258,-80,0,0" /><INIT seed="1,1,0,0,2,32" ten="347,525,178,0" oya="1" hai0="33,132,131,93,80,106,116,63,36,120,57,53,99" hai1="35,90,100,110,69,101,54,47,38,45,72,102,87" hai2="111,135,81,49,70,0,79,108,88,37,118,66,59" hai3=""/><U48/><E35/><V62/><F118/><T78/><N who="0" m="30752" /><T128/><D33/><U107/><E72/><V74/><F135/><T64/><D116/><U68/><E107/><V133/><F133/><T60/><D36/><U3/><E110/><V43/><F88/><T84/><D106/><U96/><E96/><V104/><F104/><T85/><D132/><U65/><E65/><V97/><F97/><T134/><D85/><U56/><E3/><V127/><F127/><T117/><D117/><U115/><E115/><V129/><F129/><N who="0" m="49738" /><D134/><U40/><REACH who="1" step="1"/><E45/><REACH who="1" ten="347,515,178,0" step="2"/><V114/><F114/><T92/><D99/><U2/><E2/><V61/><F0/><T83/><D83/><AGARI ba="1,1" hai="38,40,47,48,54,56,68,69,83,87,90,100,101,102" machi="83" ten="40,2000,0" yaku="1,1,53,0" doraHai="32" doraHaiUra="91" who="1" fromWho="0" sc="347,-22,515,32,178,0,0,0" /><INIT seed="1,2,0,1,5,36" ten="325,547,178,0" oya="1" hai0="48,49,42,126,47,67,100,112,86,87,55,53,44" hai1="132,65,118,66,33,101,78,130,96,43,85,107,116" hai2="91,45,98,104,41,74,88,99,58,76,2,84,120" hai3=""/><U72/><E33/><V111/><N who="2" m="30752" /><V51/><F2/><T68/><D112/><U115/><E115/><V35/><F35/><T109/><D109/><U80/><E132/><V64/><F111/><T56/><D100/><U60/><E130/><V39/><F74/><T122/><N who="0" m="31264" /><T133/><D126/><U34/><E34/><V90/><F104/><T3/><D3/><U59/><E66/><V135/><F135/><T62/><D133/><U70/><E59/><V61/><F39/><AGARI ba="2,0" hai="39,42,44,47,48,49,53,55,56,62,67,68,86,87" m="31264" machi="39" ten="30,8000,1" yaku="7,1,24,2,52,2" doraHai="36" who="0" fromWho="2" sc="325,84,547,0,178,-84,0,0" /><INIT seed="2,0,0,2,1,86" ten="409,547,94,0" oya="2" hai0="131,49,70,120,94,45,116,128,54,65,3,40,32" hai1="66,81,124,72,73,92,46,64,109,129,100,52,78" hai2="114,117,38,58,59,61,1,87,33,107,90,82,0" hai3=""/><V34/><F114/><T93/><N who="0" m="30752" /><T112/><D32/><U106/><E109/><V103/><F38/><T115/><D3/><U84/><E124/><V98/><F117/><T95/><D116/><U126/><E129/><N who="0" m="49737" /><D54/><U89/><E73/><V60/><F33/><T2/><D2/><U135/><E135/><V105/><F34/><T91/><D91/><U47/><E126/><V69/><F69/><T88/><D88/><U85/><E84/><V99/><F59/><T125/><D125/><U42/><E52/><V75/><F75/><T134/><D134/><U56/><E56/><V36/><F36/><T35/><D35/><U79/><E78/><V67/><REACH who="2" step="1"/><F60/><AGARI ba="0,0" hai="40,45,49,60,65,70,93,94,95,112,115" m="49737,30752" machi="60" ten="40,2600,0" yaku="19,1,52,1" doraHai="86" who="0" fromWho="2" sc="409,26,547,0,94,-26,0,0" /><INIT seed="4,0,0,0,2,118" ten="435,547,68,0" oya="0" hai0="2,116,115,73,82,48,79,90,129,125,120,131,71" hai1="52,89,133,130,98,96,94,81,72,74,60,117,34" hai2="91,127,95,65,49,107,86,84,32,135,101,88,50" hai3=""/><T37/><RYUUKYOKU type="yao9" ba="0,0" sc="435,0,547,0,68,0,0,0" hai0="2,37,48,71,73,79,82,90,115,116,120,125,129,131" /><INIT seed="4,1,0,1,2,70" ten="435,547,68,0" oya="0" hai0="99,34,42,71,112,127,75,97,1,64,117,83,63" hai1="35,121,119,65,86,51,50,110,87,66,124,33,133" hai2="32,105,73,120,126,48,96,36,129,123,41,0,54" hai3=""/><T106/><D34/><U45/><N who="1" m="31008" /><U128/><E110/><V69/><F48/><T76/><D1/><U103/><E119/><V67/><F54/><T80/><D117/><U46/><E133/><V116/><F41/><T47/><D127/><U58/><E124/><V135/><F67/><T74/><D112/><U43/><E128/><V122/><N who="2" m="30752" /><V98/><F98/><T37/><REACH who="0" step="1"/><D106/><REACH who="0" ten="425,547,68,0" step="2"/><U94/><E33/><V131/><N who="2" m="31264" /><V59/><F96/><T78/><AGARI ba="1,1" hai="37,42,47,63,64,71,74,75,76,78,80,83,97,99" machi="78" ten="30,12000,2" yaku="1,1,0,1,9,1,52,1,53,2" doraHai="70" doraHaiUra="93" who="0" fromWho="0" sc="425,132,547,-61,68,-61,0,0" /><INIT seed="4,2,0,0,5,61" ten="557,486,7,0" oya="0" hai0="41,80,79,99,71,57,107,77,96,52,131,75,33" hai1="66,53,67,103,128,35,133,34,92,1,51,78,118" hai2="37,83,85,65,94,48,134,111,110,50,64,106,54" hai3=""/><T73/><D33/><U42/><E118/><V32/><F106/><T68/><D41/><U113/><E1/><V3/><F3/><T98/><D131/><U119/><E119/><V101/><F37/><T44/><D44/><U87/><E42/><V115/><F32/><T45/><D45/><U63/><E128/><V88/><F115/><T116/><D107/><U84/><E113/><V70/><F134/><T104/><D104/><U86/><E133/><V2/><F2/><T89/><D89/><U74/><E63/><V43/><F43/><T130/><D130/><U100/><E34/><V56/><F48/><T59/><D116/><U112/><E112/><V0/><F0/><T60/><D59/><U125/><E35/><V123/><N who="2" m="31520" /><V90/><F101/><T72/><D72/><U117/><E117/><V97/><F70/><T40/><D40/><U129/><E129/><V124/><F124/><T108/><D108/><U76/><E74/><V114/><F114/><T49/><D49/><U36/><E125/><V105/><F105/><T127/><D127/><U95/><E51/><V81/><F81/><AGARI ba="2,0" hai="52,57,60,68,71,73,75,77,79,80,81,96,98,99" machi="81" ten="40,3900,0" yaku="9,1,54,1" doraHai="61" who="0" fromWho="2" sc="557,43,486,0,7,-43,0,0" owari="600,55.0,486,9.0,-36,-64.0,0,0.0" /></mjloggm>