<mjloggm ver="2.3"><GO type="169" lobby="0"/><UN n0="%E5%8D%97%E6%96%97%E3%82%B7%E3%83%B3" n1="%E3%81%BE%E3%83%BC%E3%81%86" n2="%E3%82%B5%E3%83%95%E3%82%A9%E3%83%BC%E3%82%AF%E3%81%AE%E7%94%BA" n3="%E3%82%AB%E3%82%B6%E3%83%A9%E3%82%AD" dan="16,16,16,18" rate="2094.35,2123.47,2144.25,2218.74" sx="M,M,M,M"/><TAIKYOKU oya="0"/><INIT seed="0,0,0,1,0,80" ten="250,250,250,250" oya="0" hai0="38,39,54,130,100,34,126,111,41,88,36,1,28" hai1="56,12,7,94,23,65,8,118,83,35,18,64,95" hai2="129,132,62,78,87,0,32,75,16,90,110,29,22" hai3="3,113,131,24,53,133,98,71,21,109,72,108,77"/><T91/><D1/><U49/><E35/><V96/><F110/><W48/><G113/><T114/><D114/><U60/><E118/><V99/><F132/><W107/><G71/><T31/><D111/><N who="3" m="42569" /><G3/><T84/><D130/><U128/><E128/><V68/><F129/><W117/><G72/><T123/><D123/><U14/><E65/><V47/><F0/><W67/><G67/><T58/><D126/><U61/><E61/><V70/><F75/><W73/><G73/><T63/><D100/><U11/><E49/><V51/><F29/><W134/><G77/><T69/><D69/><U13/><REACH who="1" step="1"/><E83/><REACH who="1" ten="250,240,250,250" step="2"/><V74/><F32/><W112/><G117/><T120/><D120/><U20/><E20/><V92/><F62/><W115/><G131/><T33/><D33/><U66/><E66/><V105/><F68/><W85/><G115/><T5/><D34/><U103/><E103/><V26/><F70/><W2/><G112/><T10/><D41/><U119/><E119/><V4/><F51/><W101/><G48/><T102/><D102/><U81/><E81/><V17/><F22/><W76/><G21/><T15/><REACH who="0" step="1"/><D91/><REACH who="0" ten="240,240,250,250" step="2"/><U25/><E25/><V116/><F26/><W45/><G24/><T57/><D57/><U86/><E86/><V135/><F116/><W89/><G89/><T124/><D124/><U42/><E42/><V97/><F90/><W122/><G122/><T30/><D30/><U82/><E82/><AGARI ba="0,2" hai="5,10,15,28,31,36,38,39,54,58,63,82,84,88" machi="82" ten="40,7700,0" yaku="1,1,52,1,54,1,53,0" doraHai="80" doraHaiUra="127" who="0" fromWho="1" sc="240,97,240,-77,250,0,250,0" /><INIT seed="0,1,0,4,4,125" ten="337,163,250,250" oya="0" hai0="3,75,79,70,106,121,5,10,20,80,104,25,133" hai1="128,17,32,94,37,126,115,2,63,41,12,29,72" hai2="81,33,30,98,54,49,97,60,23,66,34,57,0" hai3="14,73,39,132,52,7,88,76,24,40,48,42,124"/><T102/><D121/><U51/><E72/><V93/><F0/><W105/><G105/><T95/><D133/><U77/><E77/><V62/><F97/><W130/><G124/><T19/><D70/><U129/><E2/><V65/><F81/><W89/><G39/><T67/><D67/><U118/><E118/><V100/><F62/><W13/><G132/><T111/><D111/><U46/><E126/><V131/><F66/><W74/><G24/><T8/><D8/><U22/><E63/><V90/><F90/><W27/><G27/><T16/><REACH who="0" step="1"/><D19/><REACH who="0" ten="327,163,250,250" step="2"/><U119/><E119/><V123/><F123/><W64/><G64/><T9/><D9/><U31/><E115/><V15/><F65/><W85/><G73/><T120/><D120/><U91/><E37/><V78/><F30/><W56/><G74/><T114/><D114/><U69/><E69/><V96/><F34/><W50/><G7/><T6/><D6/><U117/><E117/><V127/><F33/><W109/><G109/><T1/><D1/><U45/><E46/><V134/><F127/><W108/><G108/><T103/><D103/><U112/><E112/><V28/><F134/><W71/><G71/><T122/><D122/><U4/><E4/><V82/><F28/><W44/><G44/><T55/><D55/><U59/><E59/><V84/><F57/><W99/><G52/><T61/><D61/><U135/><E135/><V11/><F54/><W38/><G56/><T53/><D53/><U68/><E68/><V36/><F60/><W58/><G58/><T107/><D107/><U47/><E32/><RYUUKYOKU ba="1,1" sc="327,30,163,-10,250,-10,250,-10" hai0="3,5,10,16,20,25,75,79,80,95,102,104,106" /><INIT seed="0,2,1,4,1,62" ten="357,153,240,240" oya="0" hai0="87,26,58,64,91,79,31,55,127,77,134,99,27" hai1="8,39,130,45,1,96,75,47,12,70,85,15,124" hai2="132,115,89,0,50,61,5,114,128,119,3,28,103" hai3="2,95,117,66,57,81,113,102,78,16,40,90,68"/><T76/><D127/><U123/><E70/><V21/><F103/><W72/><G113/><T131/><D134/><U42/><E123/><V71/><F50/><W83/><G117/><T108/><D131/><U14/><E124/><V24/><F89/><W18/><G68/><T48/><D108/><U65/><E75/><V106/><F106/><W110/><G2/><T10/><D99/><U35/><E35/><V82/><F82/><W73/><G40/><T84/><D10/><U52/><E96/><V126/><F126/><W133/><G110/><T69/><D84/><U116/><E116/><V121/><F119/><W101/><G133/><T20/><D26/><U36/><E85/><V53/><F132/><W98/><G102/><T100/><D100/><U67/><E130/><V86/><F128/><W19/><G101/><T112/><D112/><U41/><E52/><V23/><F121/><W92/><G92/><T49/><D69/><U63/><E63/><V74/><F74/><W118/><G118/><T38/><D38/><U60/><E60/><V105/><F105/><W46/><G46/><T25/><D25/><U122/><E122/><V135/><F135/><W7/><G7/><AGARI ba="2,1" hai="1,7,8,12,14,15,36,39,41,42,45,47,65,67" machi="7" ten="40,5200,0" yaku="9,1,52,2" doraHai="62" who="1" fromWho="3" sc="357,0,153,68,240,0,240,-58" /><INIT seed="1,0,0,4,2,69" ten="357,221,240,182" oya="1" hai0="119,8,10,44,25,52,56,59,48,85,71,24,55" hai1="74,34,104,9,73,51,129,58,94,82,64,18,105" hai2="38,114,30,132,23,93,111,15,22,41,13,68,31" hai3="29,6,27,43,77,35,88,32,103,54,11,133,7"/><U16/><E34/><V102/><F68/><W62/><G133/><T76/><D71/><U60/><E129/><V45/><F132/><W3/><G103/><T86/><D119/><U100/><E73/><V127/><F111/><W116/><G116/><T46/><D48/><U123/><E123/><V95/><F127/><W118/><G118/><T40/><D76/><U79/><E94/><V75/><F75/><W72/><G7/><T0/><D0/><U91/><E91/><V131/><F131/><W65/><G54/><T121/><REACH who="0" step="1"/><D40/><REACH who="0" ten="347,221,240,182" step="2"/><U21/><E51/><V42/><F42/><W109/><G43/><T125/><D125/><U5/><E100/><V63/><F102/><W110/><G110/><T37/><D37/><U49/><E49/><V120/><F38/><W33/><G109/><T67/><D67/><U89/><E89/><V83/><F41/><W81/><G88/><T50/><D50/><U80/><E82/><V108/><F83/><W26/><G26/><T130/><D130/><U2/><REACH who="1" step="1"/><E18/><REACH who="1" ten="347,211,240,182" step="2"/><V14/><F108/><W57/><AGARI ba="0,2" hai="3,6,11,27,29,32,33,35,57,62,65,72,77,81" machi="57" ten="20,1500,0" yaku="0,1,7,1" doraHai="69" who="3" fromWho="3" sc="347,-4,211,-7,240,-4,182,35" /><INIT seed="2,0,0,1,5,110" ten="343,204,236,217" oya="2" hai0="119,61,17,133,55,95,89,5,112,72,128,62,103" hai1="77,32,19,98,104,67,51,106,88,21,33,79,28" hai2="50,1,84,93,132,14,11,0,23,108,31,39,54" hai3="107,109,96,111,124,71,15,129,127,114,130,63,26"/><V41/><F108/><N who="3" m="41547" /><G15/><T47/><D72/><U18/><E67/><V35/><F132/><W40/><G26/><T6/><D133/><U52/><E33/><V48/><F35/><W83/><G40/><T34/><D34/><U66/><E66/><V53/><F39/><W64/><G83/><T8/><D103/><U82/><E32/><V60/><F41/><W100/><G114/><T10/><D112/><U49/><E49/><V30/><F60/><N who="0" m="23146" /><D128/><AGARI ba="0,0" hai="63,64,71,96,100,107,124,127,128,129,130" m="41547" machi="128" ten="30,3900,0" yaku="19,1,14,1,23,1" doraHai="110" who="3" fromWho="0" sc="343,-39,204,0,236,0,217,39" /><INIT seed="3,0,0,0,5,93" ten="304,204,236,256" oya="3" hai0="48,124,71,6,22,47,111,26,34,104,46,86,69" hai1="67,121,19,8,123,130,12,115,134,94,21,112,1" hai2="49,60,62,25,83,39,2,61,91,126,32,129,59" hai3="40,108,38,52,50,116,53,24,7,51,4,80,78"/><W29/><G116/><T58/><D111/><U135/><E67/><V30/><F129/><W89/><G38/><T107/><D34/><U99/><E130/><V36/><F126/><W9/><G108/><T90/><D6/><N who="1" m="1103" /><E94/><V74/><F2/><W57/><G40/><T28/><D124/><U65/><E65/><V85/><REACH who="2" step="1"/><F74/><REACH who="2" ten="304,204,226,256" step="2"/><W98/><G9/><T131/><D131/><U56/><E115/><V113/><F113/><W106/><G78/><T97/><D71/><U125/><E125/><V55/><AGARI ba="0,1" hai="25,30,32,36,39,49,55,59,60,61,62,83,85,91" machi="55" ten="30,4000,0" yaku="1,1,0,1,53,1" doraHai="93" doraHaiUra="84" who="2" fromWho="2" sc="304,-10,204,-10,226,50,256,-20" /><INIT seed="4,0,0,0,3,122" ten="294,194,276,236" oya="0" hai0="103,93,97,112,121,119,37,40,73,53,52,46,84" hai1="32,27,3,55,126,74,132,99,116,6,78,111,30" hai2="114,70,7,1,118,85,44,14,20,107,38,45,25" hai3="49,13,125,96,35,47,91,31,29,89,63,58,117"/><T81/><D121/><U92/><E116/><V59/><F70/><W64/><G117/><T110/><D112/><U127/><E74/><V131/><F118/><W86/><G125/><N who="1" m="47626" /><E78/><V60/><F114/><W123/><G123/><T106/><D119/><U48/><E6/><V72/><F72/><W39/><G35/><T51/><D110/><U9/><E3/><V67/><F131/><W54/><G39/><T36/><D36/><U69/><E69/><V113/><F113/><W23/><G96/><T95/><D73/><U22/><E9/><V11/><F107/><W130/><G130/><T12/><D12/><U79/><E79/><V77/><F1/><W34/><G34/><T62/><D62/><U133/><E32/><V0/><F0/><W90/><G86/><T128/><D128/><U104/><E104/><V66/><F66/><W17/><AGARI ba="0,0" hai="13,17,23,29,31,47,49,54,58,63,64,89,90,91" machi="17" ten="30,2000,0" yaku="0,1,8,1" doraHai="122" who="3" fromWho="3" sc="294,-10,194,-5,276,-5,236,20" /><INIT seed="5,0,0,2,1,27" ten="284,189,271,256" oya="1" hai0="69,13,77,83,58,17,54,109,8,61,117,52,96" hai1="112,111,92,108,134,28,41,45,127,49,132,23,12" hai2="122,32,73,67,120,78,74,102,2,91,14,94,101" hai3="86,76,30,44,93,68,90,33,36,124,63,131,107"/><U121/><E121/><V35/><F14/><W119/><G107/><T89/><D109/><N who="1" m="42059" /><E112/><V133/><F67/><W66/><G124/><T116/><D69/><U82/><E127/><V5/><F5/><W114/><G114/><T106/><D54/><U118/><E118/><V29/><F2/><W110/><G110/><T15/><D15/><U4/><E82/><V130/><F94/><W7/><G7/><T59/><D59/><U103/><E4/><V75/><F91/><W65/><G131/><T125/><D125/><U135/><E92/><V42/><F42/><W81/><G66/><T57/><D57/><U115/><E115/><V10/><F10/><W37/><G119/><T51/><D61/><U72/><E103/><V79/><F74/><W25/><REACH who="3" step="1"/><G44/><REACH who="3" ten="284,189,271,246" step="2"/><T97/><D106/><U104/><E104/><V3/><F130/><W6/><G6/><T38/><D117/><U113/><E113/><V19/><F3/><W100/><G100/><T95/><D116/><U22/><E72/><AGARI ba="0,1" hai="25,30,33,36,37,63,65,68,72,76,81,86,90,93" machi="72" ten="30,7700,0" yaku="1,1,7,1,52,1,53,1" doraHai="27" doraHaiUra="85" who="3" fromWho="1" sc="284,0,189,-77,271,0,246,87" /><INIT seed="6,0,0,1,5,58" ten="284,112,271,333" oya="2" hai0="39,82,87,95,66,76,102,104,25,54,63,121,11" hai1="2,40,61,71,108,80,56,49,53,20,27,65,84" hai2="99,75,131,118,77,90,96,117,112,13,123,130,51" hai3="17,59,124,37,94,115,42,127,119,24,41,85,9"/><V1/><F1/><W86/><G119/><T38/><D121/><U70/><E2/><V73/><F51/><W81/><G115/><T89/><D54/><U43/><E108/><V7/><F7/><W72/><G59/><T18/><D104/><U35/><E35/><V92/><F13/><N who="3" m="7343" /><G24/><T14/><D102/><U10/><E10/><V36/><F36/><W15/><G15/><T21/><D76/><U62/><E49/><V5/><F5/><W12/><G12/><T101/><D101/><U32/><E71/><V23/><F23/><W31/><G31/><T52/><D82/><U97/><E97/><V128/><F112/><W68/><G68/><T67/><D52/><U0/><E32/><V116/><F123/><W91/><G72/><N who="2" m="27721" /><F77/><N who="3" m="46255" /><G37/><T105/><D105/><U50/><E50/><V33/><F33/><W109/><G109/><T34/><D34/><U126/><E126/><AGARI ba="0,0" hai="41,42,86,91,94,124,126,127" m="46255,7343" machi="126" ten="30,1000,0" yaku="18,1" doraHai="58" who="3" fromWho="1" sc="284,0,112,-10,271,0,333,10" /><INIT seed="7,0,0,4,3,79" ten="284,102,271,343" oya="3" hai0="109,19,12,121,118,15,103,128,67,3,129,20,50" hai1="84,16,99,102,125,101,26,46,14,23,52,9,119" hai2="64,65,113,21,110,1,124,62,81,38,93,47,89" hai3="33,51,55,130,132,53,0,37,54,29,24,86,44"/><W98/><G0/><T82/><D121/><U88/><E125/><V114/><F110/><W45/><G132/><T66/><D109/><U104/><E119/><V70/><F1/><W92/><G130/><N who="0" m="50283" /><D3/><U106/><E99/><V94/><F124/><W134/><G134/><T87/><D118/><U30/><E106/><V4/><F65/><N who="0" m="24586" /><D103/><U111/><E104/><V48/><F38/><W97/><G97/><T126/><D126/><U100/><E100/><V56/><F70/><W40/><G86/><T135/><D135/><U71/><E71/><V120/><F120/><W117/><G117/><T39/><D39/><U41/><E111/><V77/><F4/><W58/><G45/><T2/><D2/><U91/><E91/><AGARI ba="0,0" hai="24,29,33,37,40,44,51,53,54,55,58,91,92,98" machi="91" ten="30,1500,0" yaku="7,1" doraHai="79" who="3" fromWho="1" sc="284,0,102,-15,271,0,343,15" owari="284,8.0,87,-41.0,271,-13.0,358,46.0" /></mjloggm>