<mjloggm ver="2.3"><GO type="225" lobby="0"/><UN n0="%E8%83%83%E3%81%A8%E8%85%B8" n1="%E5%85%94%E6%96%AF%E5%9F%BA" n2="%E6%97%A5%E6%9B%9C%E6%97%A5%E3%82%88%E3%82%8A%E3%81%AE%E4%BD%BF%E8%80%85" n3="%E3%83%8F%E3%82%AC%E3%82%BF%E3%82%AB%E3%81%AE%E3%81%88%E3%81%98%E3%81%8D" dan="16,17,16,16" rate="2136.75,2194.57,2114.21,2165.49" sx="M,M,M,M"/><TAIKYOKU oya="0"/><INIT seed="0,0,0,3,3,106" ten="250,250,250,250" oya="0" hai0="132,53,26,7,134,116,131,52,114,119,50,6,133" hai1="46,123,63,38,126,15,80,54,24,91,97,41,32" hai2="20,64,34,105,40,12,59,101,44,55,109,18,35" hai3="85,70,89,129,81,115,67,0,75,90,94,57,10"/><T65/><D114/><U36/><E123/><V95/><F105/><W108/><G70/><T25/><D65/><U118/><E118/><N who="0" m="45097" /><D50/><U104/><E38/><V27/><F64/><W30/><G30/><T124/><D124/><U49/><E63/><V107/><F107/><W99/><G115/><T31/><D31/><U45/><E126/><V87/><F109/><W33/><G108/><T121/><D121/><U71/><E71/><V125/><F125/><W43/><G33/><T61/><D61/><U128/><E32/><V72/><F72/><W73/><G43/><T4/><D131/><U58/><E24/><AGARI ba="0,0" hai="4,6,7,24,25,26,52,53,132,133,134" m="45097" machi="24" ten="40,12000,1" yaku="28,2,20,1,54,1" doraHai="106" who="0" fromWho="1" sc="250,120,250,-120,250,0,250,0" /><INIT seed="0,1,0,1,2,38" ten="370,130,250,250" oya="0" hai0="122,123,129,133,99,96,79,113,118,103,131,88,106" hai1="135,50,18,6,57,130,22,94,102,7,13,81,84" hai2="105,77,44,24,52,64,35,126,89,58,42,39,53" hai3="34,127,14,61,21,134,36,30,91,132,16,68,115"/><T76/><D113/><U2/><E2/><V33/><F105/><W1/><G36/><T80/><D118/><U101/><E135/><N who="3" m="51754" /><G91/><T59/><D59/><U31/><E130/><N who="0" m="49673" /><D133/><U119/><E119/><V45/><F126/><W41/><G68/><T10/><D10/><U90/><E31/><V47/><F77/><N who="0" m="29770" /><D96/><U15/><E81/><V65/><F89/><W70/><G70/><T5/><D5/><U87/><E87/><AGARI ba="1,0" hai="80,87,88,99,103,106,122,123" m="29770,49673" machi="87" ten="30,11600,0" yaku="19,1,34,2,54,1" doraHai="38" who="0" fromWho="1" sc="370,119,130,-119,250,0,250,0" /><INIT seed="0,2,0,0,3,6" ten="489,11,250,250" oya="0" hai0="81,108,71,55,1,123,115,64,60,34,30,131,95" hai1="116,8,12,114,77,113,84,101,31,7,29,112,16" hai2="118,49,100,94,79,23,124,50,35,102,110,82,66" hai3="69,2,125,45,106,99,20,121,13,10,73,26,61"/><T53/><D115/><U65/><E116/><V119/><F35/><W128/><G73/><T56/><D123/><U42/><E101/><N who="2" m="39019" /><F66/><W48/><G106/><T54/><D131/><U133/><E133/><V90/><F23/><W32/><G99/><T109/><D95/><U87/><E65/><V9/><F9/><W78/><G78/><T130/><D130/><U91/><E42/><V47/><F47/><W24/><G128/><T127/><D81/><N who="1" m="47151" /><E7/><V15/><F15/><W67/><G121/><T105/><D105/><U129/><E129/><V58/><F58/><W117/><G2/><T27/><D127/><U63/><E63/><V14/><F14/><W83/><G83/><AGARI ba="2,0" hai="8,12,16,29,31,83,87,91,112,113,114" m="47151" machi="83" ten="30,3900,0" yaku="11,1,52,1,54,1" doraHai="6" who="1" fromWho="3" sc="489,0,11,45,250,0,250,-45" /><INIT seed="1,0,0,2,3,35" ten="489,56,250,205" oya="1" hai0="21,61,101,32,40,98,38,92,34,112,131,104,133" hai1="84,56,132,29,62,88,30,100,74,4,125,64,80" hai2="126,24,58,70,86,135,111,81,52,134,93,75,45" hai3="83,47,50,51,117,23,127,20,1,67,27,7,66"/><U16/><E125/><V72/><F70/><W114/><G114/><T129/><D112/><U26/><E132/><N who="2" m="50731" /><F111/><W0/><G7/><T123/><D133/><U116/><E116/><V33/><F93/><W53/><G127/><T49/><D123/><U113/><E113/><V96/><F96/><W124/><G124/><T11/><D38/><U128/><E128/><N who="0" m="49225" /><D61/><U6/><E74/><V78/><F45/><W87/><G117/><T31/><D104/><U5/><REACH who="1" step="1"/><E100/><REACH who="1" ten="489,46,250,205" step="2"/><V107/><F126/><W48/><G67/><T39/><D101/><U12/><E12/><V28/><F107/><W79/><G66/><T85/><D32/><U115/><E115/><V25/><F25/><W69/><G69/><T46/><D34/><U22/><AGARI ba="0,1" hai="4,5,6,16,22,26,29,30,56,62,64,80,84,88" machi="22" ten="30,18000,2" yaku="1,1,0,1,8,1,54,2,53,1" doraHai="35" doraHaiUra="18" who="1" fromWho="1" sc="489,-60,46,190,250,-60,205,-60" /><INIT seed="1,1,0,5,2,97" ten="429,236,190,145" oya="1" hai0="50,30,3,95,113,101,27,127,112,13,41,92,39" hai1="21,40,35,62,60,122,131,109,45,43,29,9,121" hai2="77,74,107,75,37,85,119,114,99,70,51,52,46" hai3="23,25,31,110,14,80,15,129,48,130,47,49,128"/><U12/><E35/><V71/><F119/><W11/><G110/><T58/><D3/><U36/><E43/><V133/><F133/><W82/><G15/><T2/><D2/><U10/><E109/><V17/><F114/><W93/><G93/><T108/><D108/><U16/><E131/><V102/><F37/><W34/><G34/><T53/><D127/><U125/><E125/><V124/><F124/><W103/><G103/><T126/><D126/><U105/><E105/><V44/><F44/><W22/><G22/><T67/><D67/><U57/><E62/><V96/><F96/><W42/><REACH who="3" step="1"/><G49/><REACH who="3" ten="429,236,190,135" step="2"/><N who="0" m="31023" /><D13/><U123/><REACH who="1" step="1"/><E29/><REACH who="1" ten="429,226,190,135" step="2"/><V132/><F132/><W78/><G78/><T100/><D30/><U104/><E104/><V83/><REACH who="2" step="1"/><F17/><AGARI ba="1,2" hai="11,14,17,23,25,31,42,47,48,80,82,128,129,130" machi="17" ten="40,5200,0" yaku="1,1,19,1,53,1" doraHai="97" doraHaiUra="6" who="3" fromWho="2" sc="429,0,226,0,190,-55,135,75" /><INIT seed="2,0,0,3,2,134" ten="429,226,135,210" oya="2" hai0="123,126,133,62,106,23,104,44,85,118,102,9,71" hai1="54,120,98,117,60,94,6,36,2,68,89,33,82" hai2="41,78,16,38,97,131,66,87,86,114,77,111,80" hai3="27,19,50,10,93,22,99,96,115,56,92,91,0"/><V113/><F131/><W34/><G115/><T135/><D123/><U58/><E33/><V121/><F121/><W127/><G34/><T81/><D118/><U124/><E120/><V107/><F66/><W63/><G127/><T30/><D126/><U11/><E36/><V129/><F129/><W42/><G0/><T55/><D9/><U57/><E68/><V105/><F111/><W132/><G132/><N who="0" m="50763" /><D102/><U125/><E117/><V74/><F41/><W35/><G35/><T29/><D71/><U51/><REACH who="1" step="1"/><E82/><REACH who="1" ten="429,216,135,210" step="2"/><N who="2" m="45367" /><F38/><W40/><G50/><N who="0" m="29127" /><D62/><U47/><E47/><V14/><F114/><W26/><G63/><T79/><D29/><U100/><E100/><N who="2" m="62607" /><F113/><W88/><G56/><T110/><D110/><U101/><E101/><V18/><F107/><W20/><G10/><T73/><D106/><U3/><E3/><V8/><F86/><W128/><G128/><T61/><D104/><U70/><E70/><V65/><F65/><AGARI ba="0,1" hai="2,6,11,51,54,57,58,60,65,89,94,98,124,125" machi="65" ten="40,5200,0" yaku="1,1,52,2,53,0" doraHai="134" doraHaiUra="12" who="1" fromWho="2" sc="429,0,216,62,135,-52,210,0" /><INIT seed="3,0,0,4,4,99" ten="429,278,83,210" oya="3" hai0="22,124,84,51,135,53,59,100,5,19,95,39,134" hai1="62,57,119,29,127,70,101,93,12,77,23,15,82" hai2="115,60,80,114,46,30,103,56,126,81,68,128,88" hai3="34,7,14,4,79,47,111,69,64,104,106,58,55"/><W24/><G79/><T11/><D39/><U13/><E70/><V120/><F68/><W78/><G78/><T74/><D74/><U118/><E127/><V123/><F30/><W72/><G72/><T67/><D67/><N who="1" m="39375" /><E82/><N who="2" m="31851" /><F46/><W133/><G47/><T112/><D124/><U98/><E77/><V2/><F2/><W54/><G69/><T113/><D84/><U117/><E29/><V116/><F56/><W85/><G34/><T18/><D5/><U94/><E94/><V49/><F49/><W28/><G24/><T21/><D11/><U110/><E110/><V40/><F60/><W52/><G111/><T96/><D21/><AGARI ba="0,0" hai="12,13,15,21,23,93,98,101,117,118,119" m="39375" machi="21" ten="40,2600,0" yaku="12,1,52,1" doraHai="99" who="1" fromWho="0" sc="429,-26,278,26,83,0,210,0" owari="403,51.0,304,10.0,83,-42.0,210,-19.0" /></mjloggm>