<mjloggm ver="2.3"><GO type="185" lobby="0"/><UN n0="%79%61%73%73%61%6E" n1="%E3%82%A2%E3%83%9E%E3%83%9D%EF%BD%9E%EF%BD%9E%E3%83%A9" n2="%E3%82%AC%E3%83%BC%E3%83%8D%E3%83%83%E3%83%88" n3="" dan="17,16,17,0" rate="2253.10,2143.15,2259.39,1500.00" sx="M,M,M,C"/><TAIKYOKU oya="0"/><INIT seed="0,0,0,1,5,122" ten="350,350,350,0" oya="0" hai0="83,3,123,120,34,104,80,127,36,48,114,94,89" hai1="111,86,85,66,96,35,1,132,2,131,106,100,64" hai2="50,118,62,42,45,126,67,116,103,40,82,53,125" hai3=""/><T117/><N who="0" m="30752" /><T59/><N who="0" m="31520" /><T76/><D114/><U55/><E35/><V68/><F103/><T41/><D117/><N who="2" m="45162" /><F82/><T129/><D104/><U128/><E132/><V51/><F51/><T46/><D3/><U65/><E55/><V84/><F84/><N who="1" m="32361" /><E111/><V49/><F40/><T44/><D34/><U133/><E133/><V90/><F90/><T115/><D115/><U124/><E124/><V130/><F130/><AGARI ba="0,0" hai="1,2,64,65,66,96,100,106,128,130,131" m="32361" machi="130" ten="30,1000,0" yaku="19,1" doraHai="122" who="1" fromWho="2" sc="350,0,350,10,350,-10,0,0" /><INIT seed="1,0,0,2,4,94" ten="350,360,340,0" oya="1" hai0="86,75,45,90,44,0,109,72,114,97,108,121,74" hai1="67,56,79,85,131,60,61,115,52,87,65,129,135" hai2="34,64,54,111,70,124,3,92,40,103,127,89,1" hai3=""/><U101/><E115/><V118/><F111/><N who="0" m="42570" /><D114/><U50/><E135/><V33/><F118/><T123/><N who="0" m="31008" /><T119/><N who="0" m="31520" /><T51/><D0/><N who="2" m="74" /><F103/><T102/><D119/><U88/><E101/><V42/><F64/><N who="1" m="24649" /><E85/><V48/><F70/><T98/><D102/><U76/><E131/><V71/><F71/><T39/><D39/><U35/><E35/><V134/><F42/><T46/><D51/><U120/><N who="1" m="30752" /><U96/><E96/><N who="0" m="36969" /><D86/><U112/><E129/><V125/><F34/><T49/><D49/><U63/><E112/><V99/><F33/><T77/><D90/><U36/><E36/><V43/><F134/><T105/><D105/><U128/><E128/><V41/><F48/><T126/><D126/><U122/><N who="1" m="31264" /><U113/><E113/><V100/><F100/><T55/><D55/><AGARI ba="0,0" hai="40,41,43,54,55,89,92,99,124,125,127" m="74" machi="55" ten="40,2600,0" yaku="18,1,52,1" doraHai="94" who="2" fromWho="0" sc="350,-26,360,0,340,26,0,0" /><INIT seed="2,0,0,1,4,106" ten="324,360,366,0" oya="2" hai0="59,107,91,121,41,84,32,45,81,135,34,90,73" hai1="75,88,80,76,103,98,89,72,117,40,124,102,112" hai2="96,0,109,118,125,119,74,66,116,114,77,54,115" hai3=""/><V70/><F0/><T123/><N who="0" m="31008" /><T43/><N who="0" m="31520" /><T62/><D107/><U92/><E40/><V53/><F96/><T86/><D135/><U129/><E112/><N who="2" m="43051" /><F77/><T94/><D73/><N who="1" m="28235" /><E124/><V3/><F3/><T50/><REACH who="0" step="1"/><D43/><REACH who="0" ten="314,360,366,0" step="2"/><U44/><E117/><V56/><F74/><T110/><D110/><U78/><E129/><V122/><N who="2" m="31264" /><V57/><F109/><T79/><D79/><N who="1" m="30251" /><E44/><V104/><F104/><T97/><D97/><U108/><E108/><V35/><F125/><T82/><D82/><U85/><AGARI ba="0,1" hai="80,85,88,89,92,98,102,103" m="30251,28235" machi="85" ten="30,12000,3" yaku="35,5,52,3,54,1" doraHai="106" who="1" fromWho="1" sc="314,-40,360,130,366,-80,0,0" /><INIT seed="4,0,0,5,1,95" ten="274,490,286,0" oya="0" hai0="99,102,103,110,43,88,55,67,104,62,38,108,129" hai1="109,75,81,60,84,116,124,1,74,119,106,77,36" hai2="72,83,130,50,98,41,82,39,91,3,63,42,105" hai3=""/><T56/><D129/><U54/><E109/><N who="0" m="42089" /><D38/><U79/><E124/><V118/><F39/><T2/><D43/><U52/><E1/><V123/><N who="2" m="31520" /><V57/><F130/><T51/><D2/><U47/><E106/><V126/><F126/><T133/><D133/><U96/><E36/><V90/><F42/><T92/><D104/><U94/><E54/><V69/><F3/><T32/><D32/><U59/><E47/><AGARI ba="0,0" hai="47,51,55,56,62,67,88,92,99,102,103" m="42089" machi="47" ten="30,5800,0" yaku="10,1,52,1,54,1" doraHai="95" who="0" fromWho="1" sc="274,58,490,-58,286,0,0,0" /><INIT seed="4,1,0,3,5,80" ten="332,432,286,0" oya="0" hai0="91,40,55,43,131,63,133,65,47,68,78,108,48" hai1="89,44,51,77,83,50,134,95,46,115,73,103,114" hai2="85,118,111,130,81,56,75,104,106,128,109,124,69" hai3=""/><T2/><D2/><U101/><E134/><V135/><F69/><T41/><D133/><U125/><E125/><V110/><F135/><T62/><D131/><N who="2" m="50218" /><F56/><T121/><N who="0" m="31008" /><T79/><D108/><U34/><E34/><V49/><F49/><N who="1" m="18441" /><E101/><V39/><F39/><T52/><REACH who="0" step="1"/><D91/><REACH who="0" ten="322,432,286,0" step="2"/><U94/><E89/><V74/><F124/><T122/><N who="0" m="31264" /><T57/><AGARI ba="1,1" hai="40,41,43,47,48,52,55,57,62,63,65,68,78,79" m="31264,31008" machi="57" ten="30,12000,2" yaku="1,1,4,1,0,1,52,2,54,1,53,1" doraHai="80" doraHaiUra="45" who="0" fromWho="0" sc="322,132,432,-61,286,-61,0,0" /><INIT seed="4,2,0,1,0,81" ten="454,371,225,0" oya="0" hai0="61,112,54,125,65,86,63,62,99,127,109,119,72" hai1="117,100,89,66,111,57,40,42,37,95,126,46,59" hai2="120,118,45,51,98,34,114,70,84,92,82,121,91" hai3=""/><T77/><D119/><U39/><E111/><V88/><N who="2" m="30752" /><V104/><N who="2" m="31008" /><V133/><F118/><T134/><D72/><U110/><E110/><V35/><F114/><T68/><D109/><U129/><E117/><V1/><F1/><T60/><D112/><U93/><E126/><N who="0" m="48137" /><D99/><U116/><E129/><V36/><F133/><T2/><D2/><U3/><E3/><V56/><F70/><T33/><D33/><U131/><E66/><V85/><F36/><T132/><D77/><U48/><E131/><V94/><F56/><T80/><D86/><U75/><E75/><V53/><F104/><T78/><D80/><U0/><E0/><V38/><F38/><T47/><D78/><AGARI ba="2,0" hai="34,35,45,51,53,78,82,84,85,88,91,92,94,98" m="31008,30752" machi="78" ten="30,12000,2" yaku="7,1,52,4,54,1" doraHai="81" who="2" fromWho="0" sc="454,-124,371,0,225,124,0,0" /><INIT seed="5,0,0,0,1,133" ten="330,371,349,0" oya="1" hai0="86,79,111,106,89,68,94,3,85,84,91,51,43" hai1="90,2,95,121,42,100,48,130,32,34,33,62,71" hai2="117,56,46,98,135,109,101,69,74,119,63,50,38" hai3=""/><U80/><N who="1" m="31008" /><U65/><E2/><V99/><F135/><T123/><N who="0" m="31520" /><T129/><D3/><U103/><E130/><V122/><N who="2" m="31264" /><V126/><F109/><T66/><D111/><U112/><E80/><V58/><F74/><T1/><D129/><U81/><E81/><V70/><F38/><T76/><D106/><U104/><E112/><V115/><F115/><T55/><D43/><U110/><E104/><V118/><F99/><T107/><D107/><U75/><E75/><V41/><F58/><T92/><D1/><U35/><E110/><V49/><F49/><T134/><D134/><U124/><E124/><V83/><F83/><T82/><D66/><U88/><E90/><V93/><REACH who="2" step="1"/><F126/><REACH who="2" ten="330,371,339,0" step="2"/><T59/><D68/><U128/><E128/><V120/><N who="2" m="30752" /><V0/><F0/><T96/><REACH who="0" step="1"/><D79/><REACH who="0" ten="320,371,339,0" step="2"/><U87/><E32/><V64/><AGARI ba="0,2" hai="41,46,50,56,63,64,69,70,93,98,101,117,118,119" m="30752,31264" machi="64" ten="30,5900,0" yaku="1,1,0,1,52,2,53,0" doraHai="133" doraHaiUra="77" who="2" fromWho="2" sc="320,-20,371,-39,339,79,0,0" /><INIT seed="6,0,0,3,5,104" ten="300,332,418,0" oya="2" hai0="36,126,49,59,120,52,87,129,95,84,107,74,3" hai1="47,121,68,34,58,57,99,38,2,40,117,132,82" hai2="133,64,66,42,124,69,62,103,73,130,112,53,77" hai3=""/><V41/><F112/><T79/><N who="0" m="30752" /><T125/><D3/><U37/><N who="1" m="31008" /><U109/><E34/><V111/><F124/><N who="0" m="47722" /><D107/><U122/><N who="1" m="31264" /><U135/><E109/><V118/><F118/><T61/><D36/><U50/><E117/><V105/><F66/><T76/><D129/><U63/><E99/><V108/><F130/><T98/><D61/><U134/><E82/><V78/><F53/><T32/><D32/><U89/><E89/><V96/><F133/><T106/><D106/><U44/><E2/><V71/><F71/><T94/><D94/><U65/><E37/><V85/><F85/><N who="0" m="32842" /><D74/><U56/><E68/><V46/><F73/><T54/><D54/><AGARI ba="0,0" hai="38,40,44,47,50,54,56,57,58,63,65,132,134,135" m="31264,31008" machi="54" ten="40,12000,2" yaku="20,1,34,3,52,2" doraHai="104" who="1" fromWho="0" sc="300,-120,332,120,418,0,0,0" owari="180,-42.0,452,40.0,418,2.0,0,0.0" /></mjloggm>