<mjloggm ver="2.3"><GO type="185" lobby="0"/><UN n0="%4C%61%69%74%79" n1="%E5%A4%A7%E5%9B%9B%E5%96%9C%E6%B8%85%E8%80%81%E9%A0%AD" n2="%E7%99%BE%E7%80%AC%E6%BD%A4" n3="" dan="16,16,16,0" rate="2135.22,2135.73,2198.78,1500.00" sx="F,M,M,C"/><TAIKYOKU oya="0"/><INIT seed="0,0,0,2,5,87" ten="350,350,350,0" oya="0" hai0="135,62,35,78,124,69,81,107,44,64,131,32,109" hai1="127,100,114,130,79,119,3,46,125,116,112,86,123" hai2="57,94,75,103,97,36,42,121,117,77,129,110,37" hai3=""/><T132/><D107/><U101/><N who="1" m="31520" /><U72/><E72/><V52/><N who="2" m="31008" /><V50/><F110/><T134/><D109/><U133/><E3/><V55/><F129/><T128/><D44/><U51/><E130/><N who="0" m="49705" /><D124/><N who="1" m="47691" /><E51/><V122/><N who="2" m="31264" /><V84/><F75/><AGARI ba="0,0" hai="32,35,62,64,69,75,78,81,132,134,135" m="49705" machi="75" ten="40,7700,0" yaku="20,1,19,1,23,1" doraHai="87" who="0" fromWho="2" sc="350,77,350,0,350,-77,0,0" /><INIT seed="0,1,0,3,2,80" ten="427,350,273,0" oya="0" hai0="42,44,131,39,87,58,107,76,2,33,106,55,60" hai1="126,35,65,85,53,61,92,63,48,116,110,90,135" hai2="111,57,56,112,127,50,3,121,79,45,74,71,75" hai3=""/><T113/><D113/><U62/><E116/><V124/><N who="2" m="31008" /><V84/><F3/><T81/><D2/><U36/><E35/><V1/><F1/><T51/><D33/><U133/><E36/><V98/><F112/><T82/><D131/><U101/><E110/><V78/><F71/><T105/><REACH who="0" step="1"/><D81/><REACH who="0" ten="417,350,273,0" step="2"/><U37/><E126/><V91/><F111/><T97/><D97/><U95/><E37/><AGARI ba="1,1" hai="37,39,42,44,51,55,58,60,76,82,87,105,106,107" machi="37" ten="40,3900,0" yaku="1,1,52,1,53,0" doraHai="80" doraHaiUra="67" who="0" fromWho="1" sc="417,51,350,-41,273,0,0,0" /><INIT seed="0,2,0,3,2,72" ten="468,309,273,0" oya="0" hai0="57,44,65,100,35,74,81,55,33,112,130,131,115" hai1="106,134,70,122,96,46,78,108,56,123,90,124,110" hai2="121,63,34,42,117,83,41,1,133,59,54,58,86" hai3=""/><T92/><D44/><U76/><N who="1" m="31264" /><U39/><N who="1" m="31520" /><U118/><E118/><V94/><N who="2" m="31008" /><V77/><F1/><T88/><D65/><U126/><E70/><V119/><F133/><T95/><D100/><U80/><E134/><V109/><F109/><N who="1" m="42089" /><E56/><V50/><F34/><N who="0" m="12810" /><D74/><U132/><E132/><V91/><F119/><T51/><D81/><U97/><E39/><V85/><REACH who="2" step="1"/><F117/><REACH who="2" ten="468,309,263,0" step="2"/><T87/><D112/><U64/><E124/><V43/><F43/><T71/><D115/><U79/><E126/><V129/><F129/><T135/><D135/><U37/><E106/><V67/><AGARI ba="2,1" hai="41,42,50,54,58,59,63,67,77,83,85,86,91,94" m="31008" machi="67" ten="20,9000,2" yaku="1,1,0,1,7,1,8,1,52,2,53,0" doraHai="72" doraHaiUra="120" who="2" fromWho="2" sc="468,-62,309,-32,263,104,0,0" /><INIT seed="1,0,0,5,4,56" ten="406,277,367,0" oya="1" hai0="86,125,50,84,55,121,37,52,95,109,64,46,3" hai1="80,66,101,134,78,106,110,67,59,39,104,40,93" hai2="32,127,122,107,128,69,65,90,0,87,124,72,113" hai3=""/><U79/><E134/><V115/><RYUUKYOKU type="yao9" ba="0,0" sc="406,0,277,0,367,0,0,0" hai2="0,32,65,69,72,87,90,107,113,115,122,124,127,128" /><INIT seed="1,1,0,5,1,44" ten="406,277,367,0" oya="1" hai0="100,41,95,79,104,59,113,122,43,36,69,111,56" hai1="83,114,49,73,108,47,61,120,60,51,117,58,40" hai2="115,91,106,101,87,66,128,123,50,62,77,52,94" hai3=""/><U74/><N who="1" m="30752" /><U96/><E114/><V80/><N who="2" m="31520" /><V133/><F133/><T135/><N who="0" m="31264" /><T54/><D113/><U76/><E117/><V85/><F128/><T88/><D135/><U82/><E108/><V0/><F0/><T92/><D69/><U70/><E96/><V67/><F115/><T68/><D68/><U130/><E130/><V78/><F106/><T33/><D33/><U39/><E70/><V48/><F48/><T42/><D79/><U45/><E39/><V72/><F62/><T134/><D104/><U98/><E98/><V84/><F101/><T63/><D111/><U110/><E110/><V90/><F72/><T1/><D1/><U34/><E34/><V112/><F112/><T129/><D134/><U71/><E71/><V131/><F131/><T65/><D129/><U97/><E97/><V38/><F38/><T116/><D116/><U46/><E61/><V37/><F37/><T64/><D36/><U55/><E40/><V35/><F35/><T118/><D118/><U132/><E132/><V86/><F77/><AGARI ba="1,0" hai="45,46,47,49,51,55,58,60,73,74,76,77,82,83" m="30752" machi="77" ten="40,12000,1" yaku="9,1,52,3" doraHai="44" who="1" fromWho="2" sc="406,0,277,122,367,-122,0,0" /><INIT seed="1,2,0,1,4,135" ten="406,399,245,0" oya="1" hai0="113,36,47,68,59,45,84,54,41,87,123,96,106" hai1="40,75,39,50,120,2,0,95,89,51,94,52,98" hai2="44,55,91,1,67,121,83,133,86,118,115,128,132" hai3=""/><U102/><N who="1" m="30752" /><U110/><E75/><V129/><N who="2" m="31008" /><V46/><F1/><T37/><N who="0" m="31520" /><T100/><D113/><U66/><E110/><V69/><F115/><T3/><D68/><U56/><E39/><V99/><F118/><T124/><D3/><U125/><E125/><V111/><F111/><T48/><REACH who="0" step="1"/><D124/><REACH who="0" ten="396,399,245,0" step="2"/><U32/><E32/><V35/><F35/><T93/><D93/><U101/><E94/><V88/><F133/><T81/><D81/><U122/><N who="1" m="31264" /><U49/><E66/><V79/><F132/><T43/><AGARI ba="2,1" hai="36,37,41,43,45,47,48,54,59,84,87,96,100,106" m="31520" machi="43" ten="30,5900,0" yaku="1,1,0,1,9,1,52,1,53,0" doraHai="135" doraHaiUra="131" who="0" fromWho="0" sc="396,73,399,-41,245,-22,0,0" /><INIT seed="2,0,0,5,4,70" ten="469,358,223,0" oya="2" hai0="65,88,67,120,113,119,96,76,118,133,53,38,91" hai1="64,52,92,45,50,104,2,87,54,72,41,93,105" hai2="0,79,110,78,39,75,121,98,123,73,83,80,107" hai3=""/><V86/><N who="2" m="31008" /><V112/><N who="2" m="31520" /><V99/><F0/><T117/><N who="0" m="30752" /><T130/><D133/><U42/><E72/><V100/><F112/><T85/><D130/><U60/><E2/><V57/><F39/><T125/><D125/><U35/><E35/><V95/><F57/><T44/><D113/><U40/><E54/><V62/><F62/><T74/><D74/><U108/><E108/><V81/><F110/><T103/><D76/><U71/><E93/><V82/><F86/><T132/><D132/><U77/><E77/><V129/><F129/><T34/><D34/><U114/><E114/><V97/><F97/><T46/><D38/><U122/><N who="1" m="31264" /><U115/><E115/><V33/><F33/><T36/><D36/><U49/><E49/><V102/><AGARI ba="0,0" hai="73,75,78,79,80,81,82,83,95,98,99,100,102,107" m="31520,31008" machi="102" ten="20,24000,4" yaku="0,1,7,1,9,1,35,6,52,2" doraHai="70" who="2" fromWho="2" sc="469,-120,358,-120,223,240,0,0" /><INIT seed="2,1,0,4,0,59" ten="349,238,463,0" oya="2" hai0="2,90,68,70,35,66,87,67,56,39,102,96,49" hai1="132,116,99,127,121,82,79,60,63,45,40,114,134" hai2="93,117,83,113,43,119,100,130,41,110,64,76,48" hai3=""/><V54/><F113/><T129/><D35/><U0/><N who="1" m="31008" /><U77/><E0/><V131/><F100/><T32/><D32/><U71/><E114/><V85/><F41/><T135/><D2/><U92/><E71/><V112/><F112/><T53/><D39/><U122/><N who="1" m="31264" /><U101/><E127/><V86/><F43/><T52/><D129/><N who="2" m="49162" /><F64/><T81/><D135/><N who="1" m="51755" /><E116/><V124/><F124/><T33/><D33/><U47/><E47/><V78/><F110/><T106/><D70/><U111/><E111/><V88/><F76/><N who="1" m="29257" /><E82/><V72/><F72/><T120/><N who="0" m="30752" /><T118/><D118/><U74/><E74/><V89/><F78/><T36/><D68/><U107/><E107/><V126/><F126/><T91/><D36/><AGARI ba="1,0" hai="36,40,45,60,63,92,99,101" m="29257,51755,31264,31008" machi="36" ten="30,8000,1" yaku="20,1,52,4" doraHai="59" who="1" fromWho="0" sc="349,-82,238,82,463,0,0,0" /><INIT seed="4,0,0,5,4,124" ten="267,320,463,0" oya="0" hai0="2,43,88,89,77,112,110,44,114,71,100,49,126" hai1="135,66,46,69,95,50,55,121,102,93,68,54,60" hai2="35,103,118,108,58,63,104,74,127,134,36,40,65" hai3=""/><T67/><D2/><U0/><N who="1" m="31008" /><U132/><E0/><V98/><F108/><T72/><D126/><U133/><E69/><V115/><F127/><T38/><D110/><U47/><E102/><V33/><F115/><N who="0" m="44074" /><D100/><U130/><E130/><V109/><F109/><T128/><D38/><U52/><REACH who="1" step="1"/><E46/><REACH who="1" ten="267,310,463,0" step="2"/><V62/><F103/><T90/><D128/><U91/><E91/><V94/><F33/><T96/><D96/><U56/><E56/><V61/><F58/><T37/><D37/><U78/><E78/><V122/><F98/><T73/><D77/><U97/><E97/><V48/><F36/><T57/><D71/><U1/><E1/><V99/><F99/><T101/><D101/><U111/><E111/><V53/><F35/><T83/><D83/><U129/><E129/><V51/><F122/><T113/><N who="0" m="44082" /><T117/><DORA hai="82" /><D117/><U64/><E64/><V116/><F65/><T125/><D125/><U41/><AGARI ba="0,1" hai="41,47,50,52,54,55,60,66,68,93,95,132,133,135" m="31008" machi="41" ten="40,9000,2" yaku="1,1,0,1,20,1,52,1,54,1,53,1" doraHai="124,82" doraHaiUra="59,34" who="1" fromWho="1" sc="267,-60,310,100,463,-30,0,0" /><INIT seed="5,0,0,1,2,120" ten="207,410,433,0" oya="1" hai0="127,56,35,38,46,54,87,70,119,134,63,118,75" hai1="95,130,104,115,103,84,102,91,42,36,73,64,68" hai2="41,71,51,129,121,81,72,88,79,57,0,126,82" hai3=""/><U3/><E3/><V108/><N who="2" m="31008" /><V49/><F0/><T45/><D35/><U113/><E73/><V124/><F71/><T114/><D75/><U125/><E130/><V105/><F105/><T111/><D87/><U80/><E125/><V34/><F34/><T53/><D127/><N who="2" m="48682" /><F129/><T100/><D100/><U132/><E132/><V66/><F41/><T112/><D134/><U107/><E103/><V44/><F44/><N who="0" m="17002" /><D38/><U122/><N who="1" m="31264" /><U86/><E36/><V83/><F83/><T65/><D111/><U131/><E80/><V39/><F108/><T76/><D76/><U116/><E131/><V62/><F39/><T40/><D40/><U123/><E42/><V32/><F32/><T98/><D98/><U58/><E104/><V69/><F81/><T1/><D1/><U110/><E107/><V67/><F88/><T60/><D53/><U128/><E110/><V109/><F109/><T78/><D78/><U59/><E128/><V101/><F101/><T55/><D55/><U89/><E123/><V37/><F37/><T77/><D77/><U97/><E102/><V48/><F82/><T96/><D96/><U106/><E97/><V135/><F79/><T33/><D33/><U92/><E106/><V117/><F135/><RYUUKYOKU ba="0,0" sc="207,20,410,-10,433,-10,0,0" hai0="54,56,60,63,65,70,112,114,118,119" /><INIT seed="6,1,0,0,1,94" ten="227,400,423,0" oya="2" hai0="104,90,98,87,86,110,115,60,37,106,127,133,101" hai1="91,125,100,58,124,108,107,118,36,113,63,99,95" hai2="35,47,121,54,78,69,67,126,83,32,128,79,65" hai3=""/><V46/><N who="2" m="31008" /><V103/><F103/><T88/><D37/><U38/><E108/><V123/><N who="2" m="31520" /><V0/><F0/><T109/><D60/><U74/><E74/><V51/><F128/><T72/><D72/><U70/><E70/><V135/><F135/><T64/><D64/><U40/><E113/><V134/><F126/><N who="1" m="48745" /><E40/><V93/><F93/><T105/><D127/><U2/><E118/><V42/><F79/><T114/><D133/><U61/><E2/><V57/><F46/><T97/><D106/><U55/><E63/><V66/><F134/><T82/><D82/><U71/><E71/><V52/><F54/><T89/><D89/><U131/><E131/><V68/><F68/><T77/><D77/><U119/><E119/><V120/><N who="2" m="30752" /><V41/><F41/><T96/><D96/><AGARI ba="1,0" hai="36,38,55,58,61,91,95,96,99,100,107" m="48745" machi="96" ten="30,3900,0" yaku="18,1,52,2" doraHai="94" who="1" fromWho="0" sc="227,-41,400,41,423,0,0,0" owari="186,-41.0,441,39.0,423,2.0,0,0.0" /></mjloggm>