<mjloggm ver="2.3"><GO type="169" lobby="0"/><UN n0="%E3%83%97%E3%83%AC%E3%82%AF%E3%83%A9%E3%82%B9%E3%83%8B%E3%83%BC" n1="%61%73%61%64%61%31%32" n2="%4B%45%4E%2D%4F%47%41%53" n3="%E3%81%86%E3%81%91%E3%81%AA%E3%81%8C%E3%81%97%E3%81%BE%E3%81%9B%E3%82%93" dan="17,17,16,16" rate="2181.41,2201.93,2114.52,2131.52" sx="M,M,M,F"/><TAIKYOKU oya="0"/><INIT seed="0,0,0,0,1,131" ten="250,250,250,250" oya="0" hai0="19,127,130,109,49,36,114,40,22,67,42,132,103" hai1="31,106,81,94,134,4,119,126,57,107,37,100,1" hai2="112,115,110,97,11,108,68,33,59,86,55,32,23" hai3="54,17,92,65,35,111,83,85,10,123,15,64,7"/><T80/><D130/><U129/><E31/><V52/><F68/><W53/><G35/><N who="2" m="13385" /><F97/><W99/><G123/><T101/><D114/><N who="2" m="43562" /><F86/><W116/><G116/><T47/><D127/><U133/><E119/><V128/><F128/><W95/><G17/><T72/><D109/><N who="2" m="42090" /><F11/><W93/><G99/><T118/><D118/><U46/><E129/><V88/><F88/><N who="3" m="51263" /><G111/><T16/><D67/><AGARI ba="0,0" hai="7,10,15,53,54,64,65,67,92,93,95" m="51263" machi="67" ten="30,2000,0" yaku="8,1,54,1" doraHai="131" who="3" fromWho="0" sc="250,-20,250,0,250,0,250,20" /><INIT seed="1,0,0,4,2,104" ten="230,250,250,270" oya="1" hai0="18,115,88,103,121,74,59,55,26,131,65,80,72" hai1="66,112,116,94,78,113,53,6,102,132,58,60,9" hai2="41,122,31,8,42,76,25,54,97,7,118,106,124" hai3="5,91,21,23,99,39,107,13,119,111,83,108,68"/><U135/><E102/><V47/><F122/><W37/><G68/><T1/><D115/><U30/><E94/><V67/><F124/><W125/><G125/><T17/><D131/><U20/><E116/><V14/><F118/><W34/><G34/><T16/><D1/><U71/><E30/><V84/><F67/><W92/><G107/><T28/><D121/><U79/><E20/><V48/><F106/><W12/><G119/><T86/><D103/><U35/><E35/><V128/><F128/><W70/><G70/><T56/><D65/><U27/><E27/><V133/><F133/><N who="1" m="51273" /><E78/><V19/><F97/><W33/><G33/><T87/><D87/><U75/><E53/><V44/><F84/><W130/><G130/><T114/><D114/><U134/><N who="1" m="51281" /><U62/><DORA hai="117" /><E60/><V11/><F76/><W2/><G23/><T46/><D28/><U127/><E58/><V63/><F63/><W51/><G21/><T73/><REACH who="0" step="1"/><D26/><REACH who="0" ten="220,250,250,270" step="2"/><U52/><E127/><V120/><F120/><W61/><G2/><T36/><D36/><U38/><E38/><V69/><F31/><W100/><G39/><T85/><D85/><U81/><E52/><V4/><F25/><W40/><G37/><T10/><D10/><U3/><AGARI ba="0,1" hai="3,6,9,62,66,71,75,79,81,112,113" m="51281" machi="3" ten="40,7800,0" yaku="20,1,23,1,52,1" doraHai="104,117" who="1" fromWho="1" sc="220,-26,250,88,250,-26,270,-26" /><INIT seed="1,1,0,2,2,100" ten="194,338,224,244" oya="1" hai0="104,44,99,116,38,127,27,123,4,93,5,32,21" hai1="118,96,128,111,31,28,25,30,52,55,105,19,117" hai2="14,79,61,42,81,53,83,120,80,125,59,47,77" hai3="92,108,39,45,24,74,85,57,130,90,119,84,13"/><U134/><E128/><V110/><F125/><W95/><G74/><T3/><D127/><U65/><E134/><V107/><F110/><W9/><G108/><T50/><D38/><U17/><E111/><V16/><F120/><W41/><G130/><T101/><D123/><U51/><E65/><V109/><F109/><W103/><G119/><T49/><D32/><U122/><E122/><V40/><F107/><W20/><G57/><T88/><D116/><N who="1" m="44651" /><E96/><V46/><F47/><W112/><G112/><T37/><D37/><U18/><E105/><V131/><F131/><W114/><G114/><T68/><D68/><U64/><E64/><V12/><F12/><W35/><G35/><T48/><D3/><U54/><E51/><V2/><F2/><W36/><G36/><T126/><D126/><U60/><E25/><V70/><F70/><W58/><G58/><T23/><D44/><U22/><E22/><V78/><REACH who="2" step="1"/><F46/><REACH who="2" ten="194,338,214,244" step="2"/><W91/><G45/><T98/><REACH who="0" step="1"/><D23/><AGARI ba="1,1" hai="14,16,23,40,42,53,59,61,77,78,79,80,81,83" machi="23" ten="40,8000,1" yaku="1,1,2,1,8,1,54,1,53,0" doraHai="100" doraHaiUra="115" who="2" fromWho="0" sc="194,-83,338,0,214,93,244,0" /><INIT seed="2,0,0,0,0,90" ten="111,338,307,244" oya="2" hai0="22,37,81,68,83,18,119,49,124,67,15,126,47" hai1="114,100,97,107,41,48,130,42,0,84,25,43,87" hai2="33,125,78,127,1,40,28,74,128,10,82,51,73" hai3="70,13,112,45,36,93,50,110,63,116,60,115,11"/><V131/><F40/><W23/><G116/><T89/><D37/><U46/><E0/><V20/><F51/><W38/><G23/><T24/><D119/><U111/><E114/><N who="3" m="43562" /><G93/><T53/><D68/><U19/><E130/><N who="2" m="49707" /><F20/><W6/><G110/><T86/><D67/><U106/><E111/><V85/><F10/><W16/><G6/><T71/><D71/><U108/><E106/><V5/><F5/><W109/><G109/><T105/><D105/><U44/><E108/><V26/><F1/><W61/><G70/><T69/><D69/><U57/><E57/><V102/><F102/><W104/><G104/><T34/><D81/><U133/><E133/><V88/><F73/><W134/><G134/><T31/><AGARI ba="0,0" hai="15,18,22,24,31,34,47,49,53,83,86,89,124,126" machi="31" ten="30,1100,0" yaku="0,1" doraHai="90" who="0" fromWho="0" sc="111,11,338,-3,307,-5,244,-3" /><INIT seed="3,0,0,2,5,27" ten="122,335,302,241" oya="3" hai0="52,58,4,98,66,71,105,32,100,50,55,29,67" hai1="53,118,85,16,126,7,95,44,5,18,124,61,125" hai2="41,83,131,93,79,74,3,49,113,109,43,114,116" hai3="42,127,56,76,26,21,101,132,123,122,77,60,84"/><W28/><G127/><T14/><D71/><U133/><E133/><V12/><F3/><W117/><G117/><T102/><D102/><U96/><E85/><V59/><F116/><W82/><G132/><T78/><D78/><U2/><E118/><V19/><F131/><W13/><G42/><T81/><D81/><U128/><E128/><V15/><F15/><W46/><G77/><T87/><D87/><U10/><E5/><V75/><F75/><W0/><G0/><T129/><D129/><U51/><E61/><V34/><F34/><W115/><G115/><T8/><REACH who="0" step="1"/><D55/><REACH who="0" ten="112,335,302,241" step="2"/><U94/><E94/><V103/><F113/><W119/><G119/><T72/><D72/><U69/><E69/><V135/><F114/><W30/><G123/><T65/><D65/><U97/><E97/><V33/><F103/><AGARI ba="0,1" hai="2,7,10,16,18,44,51,53,95,96,103,124,125,126" machi="103" ten="40,2600,0" yaku="18,1,54,1" doraHai="27" who="1" fromWho="2" sc="112,0,335,36,302,-26,241,0" /><INIT seed="4,0,0,1,0,17" ten="112,371,276,241" oya="0" hai0="34,76,128,7,63,123,86,27,109,36,82,22,88" hai1="118,64,9,73,127,62,48,77,3,79,115,20,72" hai2="54,45,31,30,55,105,75,66,1,28,0,4,65" hai3="126,69,71,106,92,49,119,40,112,101,33,98,108"/><T43/><D123/><U12/><E118/><V10/><F75/><W13/><G108/><T61/><D34/><U29/><E3/><V107/><F45/><W19/><G119/><T87/><D128/><U52/><E72/><V15/><F1/><W133/><G33/><T111/><D7/><U121/><E73/><V122/><F0/><W91/><G112/><T110/><D43/><U83/><E127/><V50/><F50/><W21/><G133/><T78/><D36/><U89/><E121/><V80/><F80/><W46/><REACH who="3" step="1"/><G126/><REACH who="3" ten="112,371,276,231" step="2"/><T59/><D87/><AGARI ba="0,1" hai="13,19,21,40,46,49,69,71,87,91,92,98,101,106" machi="87" ten="30,7700,0" yaku="1,1,2,1,7,1,52,1,53,0" doraHai="17" doraHaiUra="26" who="3" fromWho="0" sc="112,-77,371,0,276,0,231,87" /><INIT seed="5,0,0,1,1,50" ten="35,371,276,318" oya="1" hai0="30,0,73,22,13,74,106,110,38,84,98,117,81" hai1="63,77,72,94,47,21,53,37,105,19,115,27,68" hai2="131,31,25,90,89,86,88,130,109,41,113,64,52" hai3="82,135,56,91,26,58,14,33,20,114,75,46,61"/><U67/><E105/><V127/><F109/><W126/><G114/><T116/><D38/><U121/><E121/><V4/><F4/><W59/><G126/><T124/><D0/><U76/><E115/><V107/><F107/><W45/><G135/><T44/><D110/><U65/><E72/><V8/><F8/><W11/><G33/><T104/><D44/><N who="3" m="17001" /><G75/><T10/><D22/><U92/><E67/><V2/><F2/><W87/><G26/><T125/><D30/><U78/><REACH who="1" step="1"/><E53/><REACH who="1" ten="35,361,276,318" step="2"/><V9/><F113/><W34/><G34/><T102/><D73/><U132/><E132/><V1/><F64/><N who="3" m="38951" /><G20/><T85/><D74/><U129/><E129/><N who="2" m="49163" /><F127/><W15/><G15/><T60/><D124/><U80/><E80/><N who="2" m="49223" /><F1/><W118/><G118/><T112/><D125/><U17/><E17/><AGARI ba="0,1" hai="11,14,17,58,59,82,87,91" m="38951,17001" machi="17" ten="30,1000,0" yaku="8,1" doraHai="50" who="3" fromWho="1" sc="35,0,361,-10,276,0,318,20" /><INIT seed="6,0,0,4,0,29" ten="35,351,276,338" oya="2" hai0="118,107,27,19,58,131,95,134,82,85,22,132,119" hai1="46,39,7,56,80,133,116,99,111,21,94,135,98" hai2="109,97,41,79,30,91,0,24,126,32,127,86,4" hai3="34,73,83,55,113,48,130,13,1,38,9,50,44"/><V8/><F79/><W5/><G130/><T110/><D107/><U3/><E116/><N who="0" m="44585" /><D95/><U90/><E111/><V53/><F109/><W14/><G113/><T28/><D58/><U71/><E71/><V76/><F76/><W129/><G129/><T18/><D85/><N who="1" m="50471" /><E7/><V62/><F41/><W125/><G125/><N who="2" m="47625" /><F97/><W64/><G38/><T10/><D82/><U108/><E3/><V47/><F47/><W123/><G123/><T112/><D110/><U122/><E122/><V114/><F114/><W117/><G117/><T33/><D131/><U36/><E108/><V89/><F86/><W124/><G50/><T84/><D84/><U60/><E46/><V26/><F24/><W72/><G124/><T69/><D69/><U17/><E98/><V128/><F128/><W96/><G96/><T81/><D81/><U12/><E94/><V103/><F103/><W31/><G83/><T67/><D112/><U65/><E99/><V11/><F11/><W43/><G43/><T23/><D67/><U74/><E74/><V120/><F120/><W49/><G64/><T100/><D100/><U101/><E101/><V77/><F77/><W37/><G73/><T45/><D45/><U20/><E21/><N who="0" m="7689" /><D10/><U121/><E121/><V15/><F0/><W63/><G72/><T66/><D66/><U92/><E92/><V87/><F87/><W59/><G37/><T75/><D75/><U6/><E39/><V104/><F104/><W102/><G102/><T54/><D54/><U25/><E36/><V42/><F42/><W115/><G115/><T105/><D105/><U70/><E70/><RYUUKYOKU ba="0,0" sc="35,10,351,10,276,10,338,-30" hai0="18,19,27,28,33,132,134" hai1="6,12,17,20,25,56,60,65,133,135" hai2="4,8,15,26,30,32,53,62,89,91" /><INIT seed="6,1,0,0,0,66" ten="45,361,286,308" oya="2" hai0="122,56,63,99,2,24,50,128,101,59,61,82,105" hai1="35,23,115,13,107,33,89,134,127,37,16,46,21" hai2="95,106,103,132,92,51,18,76,86,74,48,49,60" hai3="124,85,55,72,42,4,79,102,69,38,71,116,87"/><V32/><F132/><W26/><G116/><T80/><D2/><U131/><E107/><V41/><F32/><W130/><G55/><T133/><D133/><U39/><E134/><V52/><F74/><W6/><G26/><T47/><D128/><U96/><E131/><V53/><F106/><W8/><G130/><T65/><D122/><U135/><E135/><V118/><F118/><W7/><G8/><T36/><D36/><U81/><E115/><V64/><F41/><W125/><G102/><T40/><REACH who="0" step="1"/><D24/><REACH who="0" ten="35,361,286,308" step="2"/><U84/><E39/><V43/><F43/><W1/><G1/><T75/><D75/><U29/><E37/><V119/><F119/><W15/><G42/><T83/><D83/><U70/><E81/><N who="2" m="47399" /><F18/><W28/><G38/><T121/><D121/><U97/><E16/><V113/><F113/><W10/><G28/><T11/><D11/><U110/><E29/><V108/><F108/><W20/><G10/><T78/><D78/><U109/><E110/><V88/><F103/><W9/><G9/><T98/><D98/><U44/><E97/><N who="2" m="57479" /><F95/><W129/><G129/><T34/><D34/><U91/><E35/><V19/><F19/><N who="3" m="10367" /><G72/><T112/><D112/><U126/><E33/><V3/><F3/><W12/><G12/><T57/><D57/><AGARI ba="1,1" hai="48,49,51,52,53,57,60,64" m="57479,47399" machi="57" ten="30,5800,0" yaku="8,1,54,2" doraHai="66" who="2" fromWho="0" sc="35,-61,361,0,286,71,308,0" owari="-26,-53.0,361,46.0,357,16.0,308,-9.0" /></mjloggm>