<mjloggm ver="2.3"><GO type="169" lobby="0"/><UN n0="%E6%9D%BE%E5%B1%8B%E3%81%8A%E3%81%98%E3%81%95%E3%82%93" n1="%30%30%73%61%69" n2="%63%6C%75%74%63%68%37%33" n3="%E9%BB%92%E7%8C%AB%E3%81%AE%E3%83%8E%E3%83%B3" dan="17,18,17,16" rate="2174.07,2193.03,2219.87,2071.87" sx="M,M,M,M"/><TAIKYOKU oya="0"/><INIT seed="0,0,0,4,5,126" ten="250,250,250,250" oya="0" hai0="16,60,49,105,107,2,99,118,103,12,70,28,119" hai1="77,132,30,58,10,129,121,109,115,80,82,112,54" hai2="39,106,22,36,55,87,56,64,3,104,73,13,83" hai3="100,14,8,113,34,130,48,57,32,97,9,111,42"/><T21/><D105/><U69/><E69/><V94/><F3/><W6/><G113/><N who="1" m="43594" /><E121/><V74/><F64/><W71/><G71/><T17/><D28/><U31/><E109/><V92/><F39/><W127/><G127/><T101/><D2/><U95/><E132/><V89/><F36/><W91/><G91/><T41/><D103/><U26/><E10/><V11/><F74/><W37/><G111/><T25/><D49/><U5/><E5/><V23/><F104/><W24/><G24/><T135/><D41/><U86/><E129/><V124/><F106/><W29/><G29/><T108/><D135/><U1/><E95/><N who="2" m="36395" /><F73/><W78/><G130/><T0/><D0/><U15/><E15/><V84/><F84/><W79/><G14/><T47/><D47/><U88/><E26/><V90/><F90/><W62/><G6/><T61/><D108/><U38/><E38/><V131/><F131/><W33/><G37/><T75/><D75/><N who="1" m="43071" /><E1/><V133/><F133/><W18/><G9/><T43/><D43/><U44/><E44/><V128/><F124/><W40/><G57/><T123/><D123/><U51/><AGARI ba="0,0" hai="30,31,51,54,58,82,86,88" m="43071,43594" machi="51" ten="30,2000,0" yaku="11,1,54,1" doraHai="126" who="1" fromWho="1" sc="250,-10,250,20,250,-5,250,-5" /><INIT seed="1,0,0,5,3,56" ten="240,270,245,245" oya="1" hai0="98,50,89,68,105,103,125,16,84,70,15,109,28" hai1="110,93,97,55,11,96,45,39,77,79,57,41,86" hai2="49,133,42,116,6,121,87,37,132,83,23,88,90" hai3="53,120,52,69,51,92,0,8,3,108,10,78,33"/><U63/><E110/><V72/><F37/><W1/><G120/><T30/><D109/><U99/><REACH who="1" step="1"/><E11/><REACH who="1" ten="240,260,245,245" step="2"/><V82/><F121/><W100/><G108/><T101/><D125/><U127/><E127/><V20/><F133/><W5/><G10/><T122/><D122/><U118/><E118/><V85/><F132/><W66/><G8/><T54/><D30/><U134/><E134/><V117/><F6/><W60/><G5/><T91/><D28/><U102/><E102/><V123/><F123/><W61/><G100/><T119/><D101/><U31/><E31/><V32/><F32/><W75/><G33/><T14/><D119/><U80/><E80/><V81/><F117/><W19/><G19/><T131/><D103/><U74/><E74/><V29/><F116/><W64/><G75/><T95/><D16/><U43/><E43/><V13/><F29/><W62/><G3/><T2/><D2/><U73/><E73/><V130/><F72/><W65/><G1/><T126/><D126/><U27/><E27/><V9/><F81/><W124/><G0/><T4/><D4/><U36/><E36/><V58/><F42/><W25/><G25/><T104/><D15/><U112/><E112/><V114/><F114/><W35/><G35/><T34/><D14/><U47/><E47/><V46/><F46/><W107/><G124/><T71/><D34/><U129/><E129/><V7/><F130/><W44/><G44/><N who="0" m="27975" /><D131/><U17/><E17/><V22/><F22/><W26/><G26/><T38/><D38/><U40/><E40/><V67/><F49/><W94/><G51/><RYUUKYOKU ba="0,1" sc="240,10,260,10,245,10,245,-30" hai0="68,70,71,84,89,91,95,98,104,105" hai1="39,41,45,55,57,63,77,79,86,93,96,97,99" hai2="7,9,13,20,23,58,67,82,83,85,87,88,90" /><INIT seed="1,1,1,4,4,17" ten="250,270,255,215" oya="1" hai0="93,23,101,89,69,90,24,92,45,46,114,94,116" hai1="119,15,113,58,36,120,65,134,49,18,75,61,112" hai2="118,52,1,56,48,102,53,84,105,35,130,68,19" hai3="38,117,72,26,7,128,4,85,109,34,80,29,55"/><U126/><E119/><V87/><F118/><W127/><G117/><T122/><D114/><U66/><E120/><V60/><F130/><W129/><G109/><T27/><D69/><U67/><E75/><V13/><F1/><W106/><G127/><T83/><D116/><U50/><E126/><V135/><F135/><W40/><G106/><T39/><D122/><U14/><E134/><V57/><F68/><W97/><G72/><T31/><D39/><U44/><E14/><V3/><F35/><W47/><G97/><T104/><D83/><U123/><E123/><V9/><F3/><W95/><G95/><T42/><D104/><U111/><E111/><V64/><F105/><W71/><G71/><T91/><D42/><N who="1" m="22599" /><E18/><V59/><REACH who="2" step="1"/><F102/><REACH who="2" ten="250,270,245,215" step="2"/><W82/><G128/><T37/><D101/><U88/><E113/><V77/><F77/><W20/><G129/><T73/><D37/><U79/><E79/><V21/><F21/><W62/><G34/><T132/><D132/><U121/><E112/><V16/><F16/><W5/><REACH who="3" step="1"/><G85/><REACH who="3" ten="250,270,245,205" step="2"/><T54/><D73/><U76/><E121/><V41/><F41/><W100/><G100/><T8/><D8/><U74/><E74/><V33/><F33/><W10/><G10/><T133/><D133/><U6/><E76/><V43/><F43/><W70/><G70/><T78/><D78/><U12/><E88/><V110/><F110/><W124/><G124/><T11/><D11/><N who="1" m="4215" /><E15/><V51/><AGARI ba="1,3" hai="9,13,19,48,51,52,53,56,57,59,60,64,84,87" machi="51" ten="20,16000,3" yaku="1,1,0,1,7,1,9,1,8,1,54,1,53,2" doraHai="17" doraHaiUra="81" who="2" fromWho="2" sc="250,-41,270,-81,245,193,205,-41" /><INIT seed="2,0,0,2,3,111" ten="209,189,438,164" oya="2" hai0="38,78,96,51,46,88,19,5,80,110,52,6,114" hai1="14,1,68,94,69,32,90,29,54,28,91,73,16" hai2="50,86,126,31,8,108,25,26,105,62,37,4,92" hai3="132,41,65,130,104,57,64,77,87,102,118,63,34"/><V89/><F37/><W113/><G34/><T30/><D110/><U23/><E73/><V58/><F126/><W27/><G27/><T0/><D114/><U82/><E1/><V17/><F105/><W66/><G77/><T10/><D38/><U134/><E134/><V40/><F108/><W60/><G87/><T33/><D33/><U2/><E2/><V43/><F17/><W35/><G35/><T18/><D6/><U55/><E69/><V15/><F50/><W122/><G102/><T112/><D112/><U128/><E68/><V72/><F72/><W107/><G66/><T119/><D119/><U124/><E124/><V116/><F116/><W48/><G104/><T61/><D30/><U125/><E125/><V121/><F121/><W47/><G107/><T106/><D61/><U9/><E128/><V83/><F83/><W49/><G118/><T81/><D81/><U84/><E32/><V42/><REACH who="2" step="1"/><F31/><REACH who="2" ten="209,189,428,164" step="2"/><W93/><G122/><T13/><D106/><U115/><E29/><V70/><F70/><W59/><G93/><T109/><D109/><U97/><BYE who="0" /><E115/><V79/><F79/><W74/><G74/><T3/><D3/><U120/><E120/><V131/><F131/><W95/><G95/><T39/><D39/><U100/><E91/><V133/><F133/><W12/><G130/><T67/><D67/><AGARI ba="0,1" hai="4,8,15,25,26,40,42,43,58,62,67,86,89,92" machi="67" ten="40,3900,0" yaku="1,1,8,1,53,0" doraHai="111" doraHaiUra="127" who="2" fromWho="0" sc="209,-39,189,0,428,49,164,0" /><INIT seed="2,1,0,3,1,72" ten="170,189,477,164" oya="2" hai0="9,0,132,23,29,10,51,11,32,129,93,4,33" hai1="63,108,133,122,54,60,79,96,106,113,34,46,127" hai2="24,77,114,89,102,74,30,66,91,42,20,64,84" hai3="105,67,112,56,130,44,97,31,58,126,80,68,39"/><V7/><F114/><W134/><G112/><T41/><D41/><U118/><E113/><V121/><F121/><W109/><G31/><T65/><D65/><N who="2" m="25194" /><F74/><W19/><G19/><T95/><D95/><U128/><E118/><V59/><F102/><W110/><G80/><T101/><D101/><U48/><E34/><UN n0="%E6%9D%BE%E5%B1%8B%E3%81%8A%E3%81%98%E3%81%95%E3%82%93" /><V26/><F7/><W92/><G105/><T98/><D51/><U57/><E108/><N who="3" m="41578" /><G134/><T76/><D76/><U81/><E133/><V36/><F36/><W43/><G130/><T135/><D98/><U18/><E128/><V104/><F104/><W49/><G126/><T87/><D87/><U115/><E96/><V119/><F119/><W50/><G68/><T47/><D93/><U5/><E106/><V90/><F26/><W70/><G70/><T83/><D129/><U55/><E115/><V3/><F3/><W82/><G82/><T117/><D83/><U28/><E127/><V116/><F116/><W2/><G2/><T38/><D117/><U15/><E122/><V124/><F124/><W40/><G67/><T61/><D0/><U37/><E37/><V88/><F84/><W131/><G131/><T22/><D4/><U85/><E5/><V111/><F111/><W94/><G39/><T69/><D132/><U8/><REACH who="1" step="1"/><E28/><REACH who="1" ten="170,179,477,164" step="2"/><V16/><F30/><W86/><G97/><T35/><D135/><U14/><E14/><V52/><F24/><W73/><G40/><N who="0" m="22935" /><D29/><U107/><E107/><V45/><F42/><W103/><G43/><T99/><D99/><U17/><E17/><V1/><F1/><W100/><G100/><T78/><D69/><RYUUKYOKU ba="1,1" sc="170,-10,179,30,477,-10,164,-10" hai1="8,15,18,46,48,54,55,57,60,63,79,81,85" /><INIT seed="3,2,1,4,2,88" ten="160,209,467,154" oya="3" hai0="129,59,69,35,50,122,54,112,19,16,109,73,101" hai1="56,8,27,75,28,38,113,91,116,12,43,94,118" hai2="52,77,30,110,14,33,126,108,29,89,90,24,51" hai3="78,13,114,83,53,124,10,127,86,32,58,100,103"/><W42/><G114/><T64/><D122/><U135/><E113/><V93/><F126/><N who="3" m="48171" /><G32/><T45/><D112/><U63/><E75/><V36/><F36/><W39/><G42/><T4/><D73/><U81/><E81/><V119/><F119/><N who="1" m="45609" /><E135/><V68/><F68/><W87/><G87/><T48/><D35/><U61/><E56/><V17/><F30/><W70/><G70/><T46/><D109/><N who="2" m="42090" /><F77/><W74/><G74/><T132/><D129/><U62/><E43/><V47/><F93/><W37/><G37/><T67/><D132/><U40/><E40/><V26/><F26/><W131/><G39/><T20/><D4/><N who="1" m="3079" /><E38/><V121/><F121/><W57/><G131/><T125/><D19/><U95/><E91/><V34/><F34/><AGARI ba="2,1" hai="27,28,34,61,62,63,94,95" m="3079,45609" machi="34" ten="30,3900,0" yaku="12,1,52,2" doraHai="88" who="1" fromWho="2" sc="160,0,209,55,467,-45,154,0" /><INIT seed="4,0,0,2,0,92" ten="160,264,422,154" oya="0" hai0="91,41,5,106,61,101,125,84,124,112,74,66,82" hai1="67,76,94,69,18,100,120,10,133,87,49,60,3" hai2="71,48,43,46,38,134,121,40,26,117,132,19,72" hai3="51,65,118,16,130,88,99,78,31,21,59,7,12"/><T58/><D112/><U23/><E120/><V2/><F121/><W57/><G118/><T105/><D5/><U1/><E133/><N who="2" m="51307" /><F72/><W62/><G130/><T113/><D113/><U15/><E76/><V55/><F2/><W83/><G7/><T37/><D74/><U39/><E39/><V33/><F71/><W126/><G126/><N who="0" m="48747" /><D101/><U45/><E10/><V75/><F75/><W6/><G6/><T47/><AGARI ba="0,0" hai="37,41,47,58,61,66,82,84,91,105,106" m="48747" machi="47" ten="30,1500,0" yaku="18,1" doraHai="92" who="0" fromWho="0" sc="160,15,264,-5,422,-5,154,-5" /><INIT seed="4,1,0,0,3,20" ten="175,259,417,149" oya="0" hai0="77,40,27,65,33,29,111,92,83,62,119,38,134" hai1="45,9,123,87,96,112,86,15,3,78,75,47,121" hai2="52,94,71,113,18,105,32,2,88,11,114,122,8" hai3="82,58,39,98,72,48,57,133,74,61,73,14,93"/><T6/><D119/><U4/><E75/><V107/><F71/><W50/><G39/><T35/><D134/><U51/><E112/><N who="2" m="43115" /><F32/><W89/><G133/><T120/><D120/><U84/><E3/><V23/><F122/><W25/><G14/><T21/><D111/><U106/><E47/><V70/><F70/><W30/><G82/><T43/><D92/><U131/><E131/><V34/><F34/><W129/><G129/><T42/><D6/><U135/><E135/><V10/><F2/><W44/><G44/><T130/><D38/><U128/><E128/><V118/><F118/><W67/><REACH who="3" step="1"/><G57/><REACH who="3" ten="175,259,417,139" step="2"/><T91/><D130/><U110/><E123/><V102/><F102/><W115/><G115/><T36/><D36/><U85/><E121/><V100/><F100/><W125/><G125/><T101/><D101/><U116/><E116/><V28/><F107/><W46/><G46/><T64/><D91/><U7/><E106/><V103/><F103/><W66/><G66/><T79/><D64/><U124/><E124/><V19/><F105/><W97/><G97/><T56/><REACH who="0" step="1"/><D79/><REACH who="0" ten="165,259,417,139" step="2"/><U1/><E78/><V41/><F88/><W54/><G54/><T80/><D80/><U126/><E126/><V117/><F117/><W81/><G81/><T55/><D55/><U68/><E110/><V13/><F94/><W76/><G76/><T108/><D108/><U90/><E90/><V132/><F52/><W49/><G49/><T37/><D37/><U22/><E51/><V63/><F132/><W53/><G53/><T60/><D60/><U16/><N who="1" m="21504" /><DORA hai="59" /><U12/><E45/><RYUUKYOKU ba="1,2" sc="165,15,259,-15,417,-15,139,15" hai0="21,27,29,33,35,40,42,43,56,62,65,77,83" hai3="25,30,48,50,58,61,67,72,73,74,89,93,98" /><INIT seed="4,2,2,0,5,111" ten="180,244,402,154" oya="0" hai0="24,63,22,77,69,34,124,81,125,105,95,103,93" hai1="99,54,4,58,88,35,91,129,107,118,49,79,16" hai2="39,53,102,20,12,113,29,6,130,73,67,30,28" hai3="3,115,68,19,87,133,61,10,90,84,80,7,17"/><T128/><D128/><U119/><E129/><V75/><F113/><W11/><G115/><T97/><D34/><U15/><E35/><V106/><F39/><W43/><G133/><T56/><D69/><U60/><E79/><V109/><F67/><W108/><G108/><T96/><D81/><U94/><E107/><V26/><F109/><W116/><G116/><T100/><D77/><U1/><E1/><V72/><F53/><W76/><G43/><T123/><D105/><U127/><E127/><V23/><F130/><W121/><G121/><T18/><REACH who="0" step="1"/><D123/><REACH who="0" ten="170,244,402,154" step="2"/><U64/><E119/><V110/><F110/><W51/><G68/><T131/><D131/><U2/><E118/><V57/><F106/><W0/><G76/><T32/><D32/><U117/><E117/><V21/><F73/><W112/><G80/><T55/><AGARI ba="2,3" hai="18,22,24,55,56,63,93,95,96,97,100,103,124,125" machi="55" ten="30,6000,0" yaku="1,1,0,1,9,1,53,0" doraHai="111" doraHaiUra="74" who="0" fromWho="0" sc="170,96,244,-22,402,-22,154,-22" /><INIT seed="4,3,0,4,0,16" ten="266,222,380,132" oya="0" hai0="20,13,37,93,52,39,126,86,125,59,64,61,78" hai1="128,72,97,48,104,95,65,107,7,43,28,47,29" hai2="129,99,18,24,19,131,58,0,89,111,54,79,56" hai3="75,6,66,110,116,91,4,3,68,70,23,135,80"/><T9/><D64/><U82/><E128/><N who="2" m="49227" /><F0/><W10/><G116/><T108/><D108/><U133/><E133/><V67/><F79/><W90/><G110/><T85/><D20/><U15/><E65/><V113/><F113/><W74/><G66/><T30/><D30/><U127/><E127/><N who="0" m="48649" /><D93/><U46/><E107/><V34/><F111/><W8/><G3/><T98/><D98/><U94/><E104/><V49/><F34/><W109/><G109/><T88/><D78/><U117/><E95/><N who="2" m="56815" /><F24/><W102/><G80/><N who="0" m="49191" /><D86/><U57/><E117/><V45/><F67/><W26/><G26/><T35/><D35/><U112/><E112/><V17/><AGARI ba="3,0" hai="17,18,19,45,49,54,56,58" m="56815,49227" machi="17" ten="30,1100,0" yaku="19,1" doraHai="16" who="2" fromWho="2" sc="266,-8,222,-6,380,20,132,-6" /><INIT seed="5,0,0,0,2,19" ten="258,216,400,126" oya="1" hai0="106,85,112,14,126,7,133,69,93,47,46,24,11" hai1="83,44,131,34,100,96,110,105,32,10,72,73,4" hai2="102,36,122,113,1,111,64,27,38,80,61,55,35" hai3="39,97,6,53,31,2,98,108,71,117,115,30,123"/><U87/><E131/><V119/><F111/><W104/><G53/><T127/><D112/><U20/><E110/><V90/><F1/><W84/><G39/><T21/><D106/><U125/><E125/><N who="0" m="47625" /><D69/><U70/><E70/><V56/><F113/><W37/><G71/><T52/><D133/><U12/><E44/><V134/><F122/><W45/><G37/><T33/><D33/><U40/><E40/><V9/><F102/><W62/><G104/><T41/><D41/><U82/><E82/><V91/><F91/><W5/><G2/><T0/><D0/><U129/><E129/><V25/><F35/><W116/><G115/><T109/><D109/><U60/><E34/><V29/><F119/><W8/><G108/><T78/><D52/><U77/><E32/><V3/><F55/><W57/><G45/><T43/><D43/><U66/><REACH who="1" step="1"/><E20/><REACH who="1" ten="258,206,400,126" step="2"/><V13/><F80/><W76/><G116/><T75/><D47/><U114/><E114/><V79/><F36/><W74/><G117/><T101/><D46/><U103/><E103/><V65/><F38/><W22/><G22/><T94/><D101/><U26/><E26/><V67/><F25/><W68/><G68/><T16/><D75/><U107/><E107/><V135/><F27/><W95/><G74/><T58/><D58/><U17/><E17/><V50/><F56/><W86/><G57/><T128/><D128/><U42/><E42/><V81/><F134/><W120/><G95/><T28/><D16/><U49/><E49/><V130/><F50/><W18/><G18/><T99/><D99/><N who="3" m="37897" /><G123/><T88/><D94/><RYUUKYOKU ba="0,1" sc="258,15,206,15,400,-15,126,-15" hai0="7,11,14,21,24,28,78,85,88,93" hai1="4,10,12,60,66,72,73,77,83,87,96,100,105" /><INIT seed="5,1,1,2,2,64" ten="273,221,385,111" oya="1" hai0="49,111,23,122,41,112,79,34,83,103,127,72,6" hai1="135,109,96,43,1,87,65,44,107,129,52,76,68" hai2="4,46,131,97,86,114,5,2,104,80,90,133,57" hai3="128,118,56,125,123,81,17,74,54,134,36,31,108"/><U47/><E1/><V55/><F131/><W70/><G17/><T48/><D111/><U13/><E129/><V88/><F133/><W91/><G91/><T120/><D34/><U12/><E135/><V21/><F2/><W69/><G81/><T117/><D117/><U39/><E109/><V78/><F114/><W115/><G31/><T71/><D71/><U73/><E73/><V8/><F46/><W0/><G54/><T40/><D127/><U121/><E121/><N who="0" m="46697" /><D112/><U98/><E76/><V85/><F8/><W25/><G56/><T63/><D63/><U11/><E87/><V33/><F33/><W28/><G25/><T113/><D113/><U27/><E27/><V100/><F21/><W53/><G53/><T30/><D103/><U110/><E107/><V105/><F105/><W20/><G20/><T119/><D119/><U94/><E110/><V95/><F78/><W9/><G9/><T67/><D67/><U22/><E22/><V37/><F37/><W116/><G28/><T132/><D6/><U38/><E38/><V61/><AGARI ba="1,1" hai="4,5,55,57,61,80,85,86,88,90,95,97,100,104" machi="61" ten="20,2700,0" yaku="0,1,7,1,54,1" doraHai="64" who="2" fromWho="2" sc="273,-8,221,-14,385,40,111,-8" /><INIT seed="6,0,0,5,1,22" ten="265,207,425,103" oya="2" hai0="108,32,53,19,9,125,43,76,119,40,73,33,50" hai1="14,79,12,47,24,115,13,90,63,74,94,28,72" hai2="17,131,57,34,1,62,80,42,110,23,60,105,113" hai3="103,67,29,122,133,35,78,52,97,132,89,130,2"/><V128/><F113/><W65/><G122/><T36/><D108/><U70/><E115/><V96/><F34/><W75/><G2/><T58/><D125/><U129/><E129/><V112/><F112/><W4/><G4/><T106/><D106/><U127/><E127/><V66/><F1/><W124/><G124/><T69/><D73/><U15/><E79/><V26/><F110/><W93/><G130/><T11/><D76/><U91/><E47/><V41/><F131/><W56/><G67/><T123/><D40/><U27/><E14/><V114/><F114/><W3/><G65/><T48/><D48/><U135/><E70/><V38/><F38/><W49/><G3/><T8/><D123/><U85/><E63/><V71/><F80/><W100/><G78/><T126/><D119/><U64/><E64/><V82/><F82/><W81/><G75/><T68/><D19/><U46/><E46/><V45/><F45/><W54/><G54/><T16/><D16/><U120/><E135/><V83/><F83/><W21/><G35/><N who="0" m="13387" /><D126/><U117/><E120/><V37/><F37/><W98/><G81/><T39/><D43/><U99/><E117/><V86/><F128/><W84/><G98/><T7/><D7/><U31/><E72/><V87/><F42/><W134/><REACH who="3" step="1"/><G97/><REACH who="3" ten="265,207,425,93" step="2"/><T0/><D0/><U18/><E74/><V102/><F41/><W10/><G10/><T107/><D39/><U77/><E77/><V92/><F66/><W59/><G59/><T5/><D36/><U118/><E118/><V51/><F57/><W88/><G88/><T55/><D5/><RYUUKYOKU ba="0,1" sc="265,-10,207,-10,425,-10,93,30" hai3="21,29,49,52,56,84,89,93,100,103,132,133,134" /><INIT seed="7,1,1,5,3,89" ten="255,197,415,123" oya="3" hai0="82,52,128,73,12,48,90,122,6,127,14,25,96" hai1="85,120,135,68,81,26,129,24,5,75,94,114,78" hai2="110,56,69,38,74,23,54,11,2,34,113,31,39" hai3="27,77,46,92,131,97,107,80,0,55,76,45,66"/><W115/><G0/><T72/><D122/><U57/><E120/><V47/><F69/><W100/><G115/><T33/><D6/><U105/><E68/><V8/><F34/><W67/><G131/><T130/><D127/><U103/><E114/><V41/><F39/><W108/><G108/><T118/><D118/><U42/><E129/><N who="0" m="49769" /><D33/><U109/><E109/><V111/><F74/><N who="0" m="28778" /><D25/><U50/><E135/><V62/><F113/><W125/><G107/><T61/><D61/><U117/><E117/><V71/><F11/><W106/><G106/><T93/><D82/><U88/><E5/><V116/><F116/><W59/><G27/><T104/><D104/><U124/><E124/><V70/><F31/><W126/><G126/><T29/><D29/><U3/><E3/><V102/><F2/><W4/><G4/><T65/><D65/><N who="3" m="24585" /><G125/><T43/><D43/><U40/><E40/><V49/><F71/><W30/><G30/><T123/><D123/><U95/><E105/><V7/><F70/><W91/><G100/><T112/><D112/><U18/><E18/><V21/><F102/><W19/><G19/><T20/><D20/><U37/><E37/><V1/><F38/><W60/><G80/><T28/><D28/><U15/><E15/><V10/><F111/><W133/><G133/><T87/><D96/><N who="1" m="59799" /><E42/><V9/><F110/><W36/><G36/><T53/><D53/><N who="1" m="31927" /><E75/><V22/><AGARI ba="1,1" hai="1,7,8,9,10,21,22,23,41,47,49,54,56,62" machi="22" ten="30,1100,0" yaku="0,1" doraHai="89" who="2" fromWho="2" sc="255,-4,197,-4,415,24,123,-6" owari="251,5.0,193,-21.0,439,54.0,117,-38.0" /></mjloggm>