<mjloggm ver="2.3"><GO type="225" lobby="0"/><UN n0="%E5%B2%B8%E6%98%8E%E6%97%A5%E9%A6%99" n1="%E9%AC%BC%E7%95%9C%E6%88%A6%E5%A3%AB" n2="%E3%81%97%E3%83%BC%E3%81%9F%E3%81%8F%E3%82%93" n3="%E7%B4%AB%E3%81%AE%E9%8F%A1" dan="16,16,16,18" rate="2167.46,2127.13,2129.69,2230.84" sx="M,M,M,M"/><TAIKYOKU oya="0"/><INIT seed="0,0,0,0,0,60" ten="250,250,250,250" oya="0" hai0="40,44,114,2,35,46,61,65,9,126,47,31,92" hai1="36,58,128,11,16,106,37,30,88,4,119,91,39" hai2="131,25,83,70,50,95,116,108,53,56,118,134,27" hai3="33,111,75,93,127,34,6,15,77,8,18,99,135"/><T52/><D114/><U1/><E119/><N who="2" m="45611" /><F108/><W78/><G111/><T19/><D126/><U81/><E106/><V89/><F134/><W90/><G135/><T45/><D35/><U66/><E128/><V130/><F70/><W55/><G127/><T5/><D31/><U115/><E115/><V68/><F68/><W122/><G122/><T107/><D107/><U80/><E30/><V132/><F132/><W57/><G6/><T121/><D121/><U79/><E16/><V32/><F83/><W54/><G54/><T0/><D19/><U7/><E7/><V103/><F103/><W42/><G42/><T67/><D0/><U38/><N who="1" m="9216" /><DORA hai="3" /><U72/><REACH who="1" step="1"/><E80/><REACH who="1" ten="250,240,250,250" step="2"/><V109/><F131/><W23/><G18/><T74/><D92/><U43/><E43/><V12/><F109/><W113/><G93/><T104/><D104/><U24/><E24/><V10/><F130/><W117/><G113/><T59/><REACH who="0" step="1"/><D74/><REACH who="0" ten="240,240,250,250" step="2"/><U98/><E98/><N who="2" m="57711" /><F32/><W17/><G34/><T97/><D97/><U96/><E96/><V125/><F125/><W133/><G99/><T13/><D13/><U120/><E120/><V51/><F25/><W26/><G26/><T28/><D28/><U73/><E73/><V20/><F27/><W41/><G33/><T124/><D124/><U49/><E49/><AGARI ba="0,2" hai="2,5,9,40,44,45,46,47,49,52,59,61,65,67" machi="49" ten="40,12000,1" yaku="1,1,52,3,54,1,53,0" doraHai="60,3" doraHaiUra="105,69" who="0" fromWho="1" sc="240,140,240,-120,250,0,250,0" /><INIT seed="0,1,0,5,1,5" ten="380,120,250,250" oya="0" hai0="94,97,74,134,47,28,19,60,129,38,21,59,7" hai1="40,99,53,29,111,39,27,4,84,57,14,52,128" hai2="20,116,73,56,122,125,78,62,77,23,26,46,102" hai3="10,76,71,2,18,75,90,135,124,13,70,132,49"/><T95/><D74/><U8/><E111/><V119/><F122/><W22/><G124/><T1/><D129/><U24/><E128/><V51/><F125/><W55/><G90/><T32/><D134/><N who="3" m="51241" /><G76/><N who="2" m="29289" /><F73/><W64/><G64/><T91/><D32/><U3/><E99/><V106/><F106/><W113/><G113/><T100/><D28/><U41/><E39/><V37/><F37/><W130/><G75/><T16/><D1/><U44/><E3/><V15/><F102/><W108/><G108/><T83/><D83/><U50/><E84/><V87/><F87/><W114/><G114/><T89/><D7/><U105/><E105/><V98/><F98/><W93/><G93/><T69/><D69/><N who="3" m="26121" /><G130/><T35/><D91/><U126/><E126/><V61/><F119/><W45/><G2/><T66/><D35/><U72/><E72/><V131/><F116/><W58/><G45/><T117/><D117/><U63/><REACH who="1" step="1"/><E27/><REACH who="1" ten="380,110,250,250" step="2"/><V103/><F26/><W68/><G68/><T133/><D133/><U43/><E43/><V80/><F131/><W0/><G0/><T120/><D97/><U48/><E48/><V96/><F96/><W65/><G49/><T36/><D36/><U86/><E86/><V54/><F51/><W101/><G101/><T123/><D38/><U31/><E31/><V67/><F103/><W110/><G110/><T79/><D100/><U88/><E88/><V127/><F127/><W115/><G115/><T107/><D107/><U11/><E11/><V81/><F61/><N who="3" m="38071" /><G10/><T112/><D60/><U104/><E104/><V82/><F62/><W34/><G13/><RYUUKYOKU ba="1,1" sc="380,-10,110,30,250,-10,250,-10" hai1="4,8,14,24,29,40,41,44,50,52,53,57,63" /><INIT seed="1,2,1,0,1,13" ten="370,140,240,240" oya="1" hai0="51,46,60,24,88,45,61,42,7,57,63,17,37" hai1="38,8,86,49,109,89,83,5,123,73,111,107,115" hai2="98,112,65,30,117,34,92,11,29,20,14,16,94" hai3="72,131,79,114,47,113,74,102,85,82,35,116,78"/><U4/><E38/><V9/><F117/><W32/><G47/><N who="0" m="26103" /><D37/><U12/><E115/><N who="3" m="44042" /><G32/><T121/><D121/><U130/><E123/><V124/><F112/><W62/><G62/><N who="0" m="24171" /><D7/><U95/><E107/><V70/><F124/><W41/><G41/><T10/><D88/><N who="1" m="51295" /><E73/><N who="3" m="28266" /><G35/><T81/><D81/><U133/><E49/><V66/><F70/><W103/><G116/><T77/><D77/><N who="3" m="29193" /><G131/><T44/><D10/><N who="2" m="3594" /><F34/><W106/><G106/><T36/><D36/><U126/><E130/><V39/><F39/><W43/><G43/><T1/><D1/><U90/><E126/><V120/><F120/><W21/><G21/><N who="0" m="13359" /><D46/><U67/><E67/><AGARI ba="2,1" hai="44,45,57,63,67" m="13359,24171,26103" machi="67" ten="30,2000,0" yaku="8,1,52,1" doraHai="13" who="0" fromWho="1" sc="370,36,140,-26,240,0,240,0" /><INIT seed="2,0,0,2,1,14" ten="406,114,240,240" oya="2" hai0="28,61,6,103,112,121,101,75,129,90,116,43,32" hai1="135,1,88,69,95,77,45,20,125,113,91,92,11" hai2="132,131,102,48,86,74,15,99,110,57,2,31,68" hai3="107,30,117,89,39,12,44,130,67,93,119,26,108"/><V87/><F2/><W41/><G107/><T0/><D43/><U81/><E113/><V56/><F74/><W64/><G108/><T29/><D61/><U83/><E69/><V71/><F131/><W52/><G130/><T46/><D46/><U100/><E125/><V79/><F110/><W33/><G12/><T3/><D90/><U40/><E135/><V23/><F132/><W73/><G73/><T50/><D50/><U97/><E20/><V34/><F34/><W22/><G33/><T66/><D66/><U85/><E11/><V62/><F56/><W16/><G30/><N who="0" m="11883" /><D116/><U38/><E1/><V82/><F48/><W96/><REACH who="3" step="1"/><G52/><REACH who="3" ten="406,114,240,230" step="2"/><T35/><D75/><N who="1" m="43199" /><E45/><V70/><F15/><W118/><AGARI ba="0,1" hai="16,22,26,39,41,44,64,67,89,93,96,117,118,119" machi="118" ten="30,8000,1" yaku="1,1,0,1,52,1,54,1,53,1" doraHai="14" doraHaiUra="19" who="3" fromWho="3" sc="406,-20,114,-20,240,-40,230,90" /><INIT seed="3,0,0,1,1,39" ten="386,94,200,320" oya="3" hai0="89,47,52,85,95,88,23,111,130,125,112,58,106" hai1="11,103,56,126,78,54,2,114,0,86,128,108,121" hai2="68,5,63,116,51,26,48,22,135,124,100,127,109" hai3="134,32,35,40,29,49,67,50,66,1,97,91,119"/><W74/><G119/><T4/><D106/><U33/><E11/><V18/><F116/><W93/><G1/><T101/><D111/><U113/><E86/><V65/><F109/><W122/><G122/><T77/><D125/><N who="2" m="48202" /><F135/><W117/><G117/><T60/><D130/><U80/><E103/><V115/><F115/><W15/><G74/><T19/><D112/><U98/><E98/><V92/><F5/><W13/><G134/><T107/><D4/><U132/><E80/><V53/><F53/><W104/><G104/><T37/><D107/><U90/><E90/><V36/><F36/><W99/><G29/><T110/><D37/><U30/><E78/><V41/><F41/><W72/><G72/><T27/><D47/><U69/><E54/><V83/><F83/><W123/><G91/><T81/><D110/><U118/><E30/><V42/><F42/><W87/><G87/><T28/><D28/><U71/><E56/><V59/><F59/><W76/><G40/><T25/><D25/><U9/><E9/><V57/><F57/><W16/><G76/><T10/><D10/><U129/><E69/><V55/><F55/><W34/><G34/><T12/><D27/><U94/><E94/><V38/><F38/><W31/><G31/><T82/><D81/><U20/><E129/><V102/><F102/><W14/><G93/><T17/><D17/><U131/><E131/><V75/><F75/><W7/><G7/><T105/><D105/><U61/><E128/><V70/><F70/><W120/><G13/><T8/><D8/><U96/><E118/><V46/><F46/><RYUUKYOKU ba="0,0" sc="386,10,94,-30,200,10,320,10" hai0="12,19,23,52,58,60,77,82,85,88,89,95,101" hai2="18,22,26,48,51,63,65,68,92,100" hai3="14,15,16,32,35,49,50,66,67,97,99,120,123" /><INIT seed="3,1,0,0,2,100" ten="396,64,210,330" oya="3" hai0="86,81,58,30,63,133,101,130,122,31,33,62,117" hai1="45,49,8,10,111,104,74,23,132,27,71,125,78" hai2="70,7,105,53,123,57,22,134,43,116,108,9,110" hai3="60,92,80,67,47,28,129,66,26,41,36,2,103"/><W109/><G2/><T107/><D117/><U98/><E71/><V76/><F70/><W54/><G129/><T75/><D122/><U112/><E112/><V37/><F116/><W5/><G5/><T55/><D130/><U24/><E111/><N who="2" m="42539" /><F123/><W59/><G109/><T113/><D113/><U25/><E125/><V4/><F134/><W38/><G38/><T35/><D75/><U114/><E132/><V17/><F105/><W14/><G14/><T40/><D40/><U16/><E114/><V102/><F102/><W99/><REACH who="3" step="1"/><G80/><REACH who="3" ten="396,64,210,320" step="2"/><T79/><D133/><U121/><E121/><V12/><F4/><W91/><G91/><T127/><D127/><U39/><E39/><V64/><F37/><W69/><G69/><T32/><REACH who="0" step="1"/><D63/><REACH who="0" ten="386,64,210,320" step="2"/><U128/><E128/><V56/><F7/><W50/><G50/><T21/><D21/><AGARI ba="1,2" hai="21,26,28,36,41,47,54,59,60,66,67,92,99,103" machi="21" ten="30,5800,0" yaku="1,1,7,1,53,1" doraHai="100" doraHaiUra="93" who="3" fromWho="0" sc="386,-61,64,0,210,0,320,81" owari="325,13.0,64,-44.0,210,-19.0,401,50.0" /></mjloggm>