<mjloggm ver="2.3"><GO type="185" lobby="0"/><UN n0="%E6%A8%BD%E3%81%AA%E3%81%AE%E5%A3%8A%E3%81%95%E3%81%AA%E3%81%84%E3%81%A7" n1="%E3%81%98%E3%82%93%E3%81%8A%E3%82%8F" n2="%E3%82%A2%E3%83%95%E3%83%AA%E3%82%AB" n3="" dan="18,18,17,0" rate="2329.04,2324.14,2204.21,1500.00" sx="M,M,M,C"/><TAIKYOKU oya="0"/><INIT seed="0,0,0,0,4,78" ten="350,350,350,0" oya="0" hai0="130,106,90,102,3,41,43,53,85,65,110,81,38" hai1="74,101,104,51,125,58,122,121,126,103,124,86,92" hai2="83,48,35,100,112,97,73,72,59,84,113,52,108" hai3=""/><T62/><D3/><U127/><N who="1" m="31008" /><U60/><N who="1" m="31264" /><U57/><E74/><V133/><F35/><T0/><D0/><U55/><N who="1" m="31744" /><DORA hai="109" /><U107/><E86/><V1/><F1/><T118/><D110/><U129/><E129/><V68/><F68/><T135/><D135/><U32/><E32/><V89/><F133/><T50/><D38/><U54/><REACH who="1" step="1"/><E92/><REACH who="1" ten="350,340,350,0" step="2"/><V87/><F108/><T40/><D130/><U79/><E79/><V105/><F73/><T75/><D75/><U34/><E34/><V69/><F72/><T37/><D118/><U56/><E56/><V33/><F33/><T82/><D82/><U67/><E67/><V131/><F131/><T45/><D106/><AGARI ba="0,1" hai="51,54,55,57,58,60,101,103,104,106,107" m="31744,31264,31008" machi="106" ten="70,8000,1" yaku="1,1,18,1,52,2,53,1" doraHai="78,109" doraHaiUra="46,93" who="1" fromWho="0" sc="350,-80,340,90,350,0,0,0" /><INIT seed="1,0,0,4,0,61" ten="270,430,350,0" oya="1" hai0="47,81,90,119,74,44,33,121,91,57,123,41,120" hai1="130,84,76,131,86,106,48,50,111,73,0,39,59" hai2="70,71,65,87,134,55,92,114,35,75,72,43,77" hai3=""/><U108/><E0/><V98/><F35/><T89/><N who="0" m="30752" /><T63/><N who="0" m="31008" /><T42/><N who="0" m="31520" /><T101/><D33/><U129/><E39/><V67/><F43/><T69/><D69/><U51/><E106/><V94/><F87/><N who="1" m="33321" /><E59/><V133/><F55/><T99/><D119/><U122/><N who="1" m="31264" /><U79/><E73/><V83/><F83/><T104/><D47/><U100/><E100/><V88/><F98/><T82/><D74/><U36/><E36/><V37/><F37/><T102/><D102/><U85/><E85/><V116/><F116/><T132/><D44/><U96/><E96/><V125/><F77/><AGARI ba="0,0" hai="48,50,51,76,77,79,108,111,129,130,131" m="31264,33321" machi="77" ten="40,12000,1" yaku="28,2,19,1,52,1" doraHai="61" who="1" fromWho="2" sc="270,0,430,120,350,-120,0,0" /><INIT seed="1,1,0,4,4,71" ten="270,550,230,0" oya="1" hai0="117,80,77,54,119,51,3,126,0,133,112,97,114" hai1="34,93,81,85,83,32,116,47,67,111,124,91,89" hai2="110,43,57,107,58,73,33,68,115,87,39,121,66" hai3=""/><U113/><E113/><V127/><RYUUKYOKU type="yao9" ba="1,0" sc="270,0,550,0,230,0,0,0" hai2="33,39,43,57,58,66,68,73,87,107,110,115,121,127" /><INIT seed="1,2,0,2,1,83" ten="270,550,230,0" oya="1" hai0="32,129,120,127,37,123,101,105,125,109,124,107,0" hai1="91,72,45,75,65,49,86,85,99,81,2,71,47" hai2="1,82,126,110,69,90,57,106,44,39,111,43,92" hai3=""/><U51/><E2/><V88/><F106/><T112/><N who="0" m="30752" /><T56/><N who="0" m="31520" /><T35/><D0/><U78/><E99/><V114/><F69/><T59/><D37/><U128/><E128/><V79/><F1/><T70/><D70/><U121/><N who="1" m="31008" /><U104/><E104/><N who="0" m="40009" /><D101/><U64/><E71/><V68/><F68/><T89/><D112/><U134/><E134/><V55/><F126/><T102/><D102/><U87/><E75/><V60/><F114/><T94/><D109/><N who="2" m="41482" /><F92/><T97/><D129/><U62/><E91/><V84/><AGARI ba="2,0" hai="39,43,44,55,57,60,79,82,84,88,90" m="41482" machi="84" ten="30,3000,0" yaku="14,1,52,1,54,1" doraHai="83" who="2" fromWho="2" sc="270,-12,550,-22,230,34,0,0" /><INIT seed="2,0,0,5,1,2" ten="258,528,264,0" oya="2" hai0="128,114,45,59,99,103,132,97,131,50,122,104,88" hai1="116,84,38,118,129,71,115,47,120,133,126,67,40" hai2="36,58,95,89,123,56,134,68,52,60,112,90,0" hai3=""/><V53/><N who="2" m="31520" /><V86/><F0/><T48/><N who="0" m="31264" /><T130/><D114/><U75/><N who="1" m="30752" /><U32/><E75/><V70/><F112/><T80/><D132/><U124/><E115/><V74/><F74/><T111/><D111/><U44/><E32/><V82/><F36/><T34/><D34/><U73/><E73/><V93/><F134/><T42/><D59/><U55/><E133/><V100/><F100/><T108/><D108/><U43/><E84/><V33/><F33/><T69/><D69/><U63/><E55/><V85/><F82/><T39/><D80/><U35/><E129/><V110/><F110/><T54/><D54/><U107/><E107/><V37/><F37/><T79/><D79/><U62/><E62/><AGARI ba="0,0" hai="52,53,56,58,60,62,68,70,85,86,89,90,93,95" m="31520" machi="62" ten="30,18000,2" yaku="7,1,32,3,52,1,54,1" doraHai="2" who="2" fromWho="1" sc="258,0,528,-180,264,180,0,0" /><INIT seed="2,1,0,1,5,97" ten="258,348,444,0" oya="2" hai0="52,120,117,115,98,130,50,49,36,76,99,62,112" hai1="84,103,72,43,82,101,45,95,66,122,92,90,58" hai2="57,3,71,46,55,40,123,39,81,0,61,105,121" hai3=""/><V110/><N who="2" m="31008" /><V85/><N who="2" m="31520" /><V38/><F38/><T69/><N who="0" m="30752" /><T80/><D36/><U2/><N who="1" m="31264" /><U134/><E2/><V111/><F105/><T37/><D37/><U119/><E119/><V67/><F3/><T88/><D117/><U104/><E104/><V44/><F44/><T56/><D130/><U48/><E134/><V107/><F107/><T113/><D69/><U63/><E72/><V109/><F0/><T35/><D35/><U70/><E70/><V135/><F135/><T54/><D88/><U59/><E59/><V106/><F106/><T127/><D127/><U32/><E32/><V34/><F34/><T33/><D62/><U114/><E114/><V116/><F116/><T125/><D125/><U102/><AGARI ba="1,0" hai="43,45,48,58,63,66,82,84,90,92,95,101,102,103" m="31264" machi="102" ten="30,9000,2" yaku="0,1,8,1,52,4" doraHai="97" who="1" fromWho="1" sc="258,-31,348,92,444,-61,0,0" /><INIT seed="4,0,0,0,1,95" ten="227,440,383,0" oya="0" hai0="56,0,111,98,37,127,60,133,97,117,66,74,113" hai1="45,62,121,86,58,48,70,108,41,122,32,39,63" hai2="83,82,34,84,109,75,68,93,72,88,76,47,81" hai3=""/><T120/><RYUUKYOKU type="yao9" ba="0,0" sc="227,0,440,0,383,0,0,0" hai0="0,37,56,60,66,74,97,98,111,113,117,120,127,133" /><INIT seed="4,1,0,0,1,134" ten="227,440,383,0" oya="0" hai0="113,122,123,114,59,58,0,53,100,132,89,91,49" hai1="99,55,116,94,110,119,106,98,70,133,41,3,87" hai2="60,120,57,127,105,37,38,66,34,77,69,90,95" hai3=""/><T86/><N who="0" m="31264" /><T33/><N who="0" m="31520" /><T76/><D0/><U92/><E3/><V45/><N who="2" m="30752" /><V125/><F105/><T56/><D33/><U36/><E70/><V83/><F34/><T126/><D132/><U73/><E73/><V112/><F112/><N who="0" m="43114" /><D100/><U117/><E110/><V50/><F69/><T67/><D126/><N who="2" m="48138" /><F90/><N who="0" m="34314" /><D67/><U64/><E64/><V72/><F95/><T109/><D109/><U52/><E133/><V46/><F46/><T71/><D71/><U62/><E106/><V118/><F118/><T78/><D78/><U104/><E104/><V82/><F82/><AGARI ba="1,0" hai="49,53,56,58,59,76,82,86" m="34314,43114,31520,31264" machi="82" ten="30,5800,0" yaku="15,1,52,2" doraHai="134" who="0" fromWho="2" sc="227,60,440,0,383,-60,0,0" /><INIT seed="4,2,0,0,5,122" ten="287,440,323,0" oya="0" hai0="36,71,133,109,124,98,114,84,35,79,102,96,123" hai1="82,65,53,94,111,33,117,101,73,57,41,110,77" hai2="92,43,52,54,99,130,78,106,107,56,62,80,112" hai3=""/><T66/><D35/><U103/><E33/><V132/><F130/><T74/><N who="0" m="31520" /><T87/><D36/><U88/><E117/><V3/><F3/><T55/><D133/><U134/><E134/><V47/><F132/><T63/><D124/><U115/><E41/><V97/><F54/><T86/><D114/><U64/><E115/><V46/><F46/><T39/><D39/><U1/><E1/><V127/><F127/><T45/><D109/><U108/><E65/><V116/><F112/><T38/><D55/><U113/><E64/><V93/><F116/><T75/><D98/><U121/><N who="1" m="31008" /><U120/><N who="1" m="30752" /><U83/><E83/><V69/><F69/><T34/><D79/><U100/><E113/><V105/><F99/><T104/><REACH who="0" step="1"/><D34/><REACH who="0" ten="277,440,323,0" step="2"/><U32/><E32/><V91/><F97/><T85/><N who="0" m="21504" /><DORA hai="58" /><T70/><D70/><U76/><E76/><V135/><F135/><T0/><D0/><U68/><E68/><V2/><F2/><T42/><AGARI ba="2,1" hai="38,42,45,63,66,71,74,75,96,102,104" m="21504,31520" machi="42" ten="40,8000,1" yaku="1,1,0,1,52,2,53,1" doraHai="122,58" doraHaiUra="44,118" who="0" fromWho="0" sc="277,94,440,-42,323,-42,0,0" /><INIT seed="4,3,0,3,0,116" ten="371,398,281,0" oya="0" hai0="133,61,63,111,51,74,107,39,102,127,80,91,33" hai1="115,85,96,120,73,71,94,113,95,60,81,122,32" hai2="90,118,72,59,0,58,93,83,78,125,77,88,134" hai3=""/><T101/><D33/><U105/><N who="1" m="30752" /><U100/><N who="1" m="31264" /><U53/><E32/><V103/><F0/><T44/><D111/><U47/><E73/><V70/><F70/><T65/><D133/><U97/><E47/><V128/><F118/><T89/><D39/><U49/><E49/><V64/><F134/><T52/><D127/><U114/><E53/><V62/><F125/><T84/><D74/><U104/><E60/><V41/><F41/><T112/><D63/><U87/><E71/><V43/><F43/><T67/><D67/><U55/><E55/><V1/><F1/><T79/><D107/><N who="1" m="41035" /><E81/><V121/><N who="2" m="31008" /><V66/><F83/><T130/><D61/><U56/><E56/><V86/><F62/><T46/><D65/><U37/><E37/><V131/><F72/><T129/><D44/><U117/><E117/><V109/><F109/><T126/><D126/><U132/><E132/><V48/><F48/><T3/><D3/><U54/><E54/><V2/><F2/><T45/><D45/><U98/><E98/><V124/><F124/><T106/><D51/><U40/><E40/><V57/><F57/><T42/><D42/><U35/><E35/><V69/><F69/><T110/><D110/><U99/><E99/><RYUUKYOKU ba="3,0" sc="371,-10,398,20,281,-10,0,0" hai1="85,87,94,95,96,97,100,113,114,115" /><INIT seed="5,4,0,1,4,68" ten="361,418,271,0" oya="1" hai0="116,53,104,96,86,118,63,134,122,85,3,34,93" hai1="56,74,37,89,55,1,67,106,105,117,2,94,47" hai2="57,77,71,48,92,70,45,87,108,83,65,110,131" hai3=""/><U103/><E117/><V97/><F131/><T0/><N who="0" m="31264" /><T128/><D34/><U81/><E67/><V80/><F71/><T120/><N who="0" m="30752" /><T35/><D35/><U58/><E58/><V121/><N who="2" m="31008" /><V123/><N who="2" m="31520" /><V50/><F70/><T130/><D134/><U113/><E113/><V33/><F33/><T75/><D75/><U32/><E32/><V126/><F126/><T52/><D104/><U51/><E81/><V82/><F110/><T79/><D79/><U61/><E74/><V41/><F108/><T124/><D96/><U112/><E112/><V119/><F119/><T95/><D63/><U66/><E106/><V102/><F65/><T135/><D135/><U44/><E103/><V62/><F62/><T39/><D39/><U90/><E105/><V99/><F99/><T49/><D49/><U127/><E127/><AGARI ba="4,0" hai="0,3,52,53,85,86,93,95,116,118,124,127,128,130" m="30752,31264" machi="127" ten="25,8000,1" yaku="22,2,52,2,54,1" doraHai="68" who="0" fromWho="1" sc="361,88,418,-88,271,0,0,0" /><INIT seed="6,0,0,0,1,47" ten="449,330,271,0" oya="2" hai0="67,64,59,86,63,85,83,43,72,3,119,120,36" hai1="82,107,110,103,134,38,88,39,78,93,109,41,116" hai2="0,80,132,61,55,76,125,126,44,128,92,118,97" hai3=""/><V70/><F118/><T37/><N who="0" m="30752" /><T122/><N who="0" m="31264" /><T40/><D3/><U48/><E116/><V54/><F0/><T34/><D34/><U114/><E134/><V2/><F2/><T117/><D59/><U129/><E129/><V104/><F104/><T71/><D63/><U130/><E130/><V51/><F132/><T111/><D83/><U32/><E32/><V75/><F128/><T89/><D89/><U135/><E135/><V121/><N who="2" m="31008" /><V124/><F70/><T33/><D72/><U45/><E114/><V133/><F133/><T79/><D79/><U46/><E110/><V62/><F55/><T73/><D73/><U102/><E109/><V60/><REACH who="2" step="1"/><F60/><REACH who="2" ten="449,330,261,0" step="2"/><T65/><D71/><U99/><E107/><V112/><F112/><T115/><D115/><U84/><REACH who="1" step="1"/><E38/><REACH who="1" ten="449,320,261,0" step="2"/><V131/><F131/><T35/><D111/><U113/><E113/><V58/><F58/><T127/><D117/><U74/><E74/><V66/><F66/><T53/><D67/><U90/><E90/><AGARI ba="0,2" hai="44,51,54,61,62,75,76,80,90,92,97,124,125,126" m="31008" machi="90" ten="40,12000,1" yaku="1,1,18,1,52,2,53,1" doraHai="47" doraHaiUra="91" who="2" fromWho="1" sc="449,0,320,-120,261,140,0,0" /><INIT seed="6,1,0,0,5,1" ten="449,200,401,0" oya="2" hai0="76,82,104,47,65,105,95,88,106,113,73,107,109" hai1="110,118,35,50,135,97,85,130,71,57,48,126,43" hai2="42,79,59,103,86,60,40,131,100,132,55,80,44" hai3=""/><V115/><F115/><T119/><N who="0" m="26624" /><DORA hai="128" /><T89/><D113/><U83/><E110/><V134/><F131/><T51/><D109/><U108/><E108/><V129/><F129/><T49/><D119/><U101/><E135/><N who="2" m="51755" /><F42/><T94/><D65/><U53/><E130/><V63/><F60/><T70/><D70/><U69/><E118/><V68/><F68/><T64/><D64/><U3/><E3/><V41/><F41/><T125/><D125/><U33/><E126/><V61/><F61/><T98/><REACH who="0" step="1"/><D47/><REACH who="0" ten="439,200,401,0" step="2"/><U123/><N who="1" m="31520" /><U127/><E127/><V114/><F114/><T77/><D77/><U117/><E117/><V91/><F79/><T112/><D112/><U75/><E71/><V92/><F92/><T58/><D58/><U111/><E69/><V56/><F56/><T2/><D2/><U122/><N who="1" m="31264" /><U120/><N who="1" m="30752" /><U54/><E111/><V32/><F32/><T116/><D116/><U87/><E43/><V124/><F124/><T84/><AGARI ba="1,1" hai="49,51,73,76,82,84,88,89,94,95,98" m="26624" machi="84" ten="60,9000,2" yaku="1,1,0,1,54,1,53,4" doraHai="1,128" doraHaiUra="90,46" who="0" fromWho="0" sc="439,102,200,-31,401,-61,0,0" owari="541,49.0,169,-43.0,340,-6.0,0,0.0" /></mjloggm>