<mjloggm ver="2.3"><GO type="225" lobby="0"/><UN n0="%E3%82%B5%E3%83%AB%E3%82%B7%E3%83%B3" n1="%E3%80%93%E3%81%97%E3%83%BC%E3%82%89%E3%80%93" n2="%E3%81%84%E3%81%A1%E3%81%9E%E3%81%86" n3="%6D%61%6A%69%6B%75%7A%75" dan="16,16,17,16" rate="2175.13,2132.63,2121.66,2174.28" sx="M,M,M,M"/><TAIKYOKU oya="0"/><INIT seed="0,0,0,5,2,67" ten="250,250,250,250" oya="0" hai0="20,1,4,60,36,79,64,98,44,73,107,125,17" hai1="78,11,111,72,129,55,32,97,89,114,62,83,34" hai2="2,123,27,10,0,69,28,88,37,65,50,16,26" hai3="53,8,76,38,21,14,90,5,117,40,108,87,66"/><T105/><D125/><U18/><E114/><V30/><F37/><W52/><G117/><T126/><D126/><U22/><E129/><V94/><F123/><W71/><G108/><T15/><D73/><U127/><E111/><V102/><F102/><W13/><G76/><T122/><D79/><U86/><E127/><V54/><F65/><W3/><G40/><T25/><D122/><U133/><E11/><V41/><F69/><W96/><G96/><T63/><D63/><U112/><E112/><V106/><F106/><W48/><G38/><T39/><D1/><U104/><E133/><V57/><F41/><W33/><G33/><T124/><D44/><U58/><E104/><V95/><F95/><W110/><G21/><T9/><D107/><U113/><E113/><V56/><F56/><W92/><G53/><T135/><D135/><U132/><E132/><V61/><F61/><W31/><G31/><N who="2" m="11817" /><F2/><W81/><G110/><T59/><D124/><U134/><E134/><V101/><F101/><W103/><G103/><T116/><D105/><U99/><E34/><V29/><F29/><W46/><G66/><T42/><D39/><U115/><E32/><V93/><F93/><W35/><G35/><T85/><D98/><U47/><E115/><V128/><F0/><W120/><G71/><T43/><D36/><U19/><E47/><V6/><F6/><W82/><G120/><T70/><D4/><U49/><E62/><V24/><F128/><W51/><G51/><T68/><D60/><U109/><E109/><V121/><F121/><W23/><G3/><T130/><D64/><RYUUKYOKU ba="0,0" sc="250,-10,250,-10,250,-10,250,30" hai3="5,8,13,14,23,46,48,52,81,82,87,90,92" /><INIT seed="1,1,0,1,4,92" ten="240,240,240,280" oya="1" hai0="128,91,99,109,83,18,21,64,32,56,88,38,9" hai1="101,44,71,25,61,26,73,119,85,134,20,114,130" hai2="111,70,108,133,82,15,122,49,95,24,112,36,3" hai3="6,80,107,131,53,84,72,37,76,74,34,98,62"/><U132/><E73/><V81/><F122/><W52/><G34/><T135/><D32/><U118/><E114/><V79/><F36/><W113/><G37/><T14/><D38/><U16/><E130/><V22/><F3/><W48/><G113/><T0/><D128/><U63/><E44/><V12/><F70/><W100/><G131/><T58/><D109/><U23/><E101/><V93/><F133/><N who="1" m="51305" /><E85/><V11/><F112/><W94/><G6/><T106/><D64/><N who="1" m="41359" /><E63/><V35/><F111/><W68/><G107/><T39/><D135/><U43/><E43/><V57/><F57/><N who="0" m="22122" /><D106/><U46/><E46/><V28/><F108/><W42/><G42/><T29/><D39/><U96/><E96/><V110/><F49/><W40/><G40/><T124/><D99/><U33/><E33/><V66/><F35/><W104/><G48/><T78/><D78/><U54/><E54/><V89/><F110/><W125/><G74/><T5/><D91/><U45/><E45/><V59/><F89/><N who="3" m="53543" /><G125/><T55/><D124/><U13/><E26/><V102/><F24/><W50/><G50/><T67/><D55/><U19/><AGARI ba="1,0" hai="13,16,19,20,23,25,118,119" m="41359,51305" machi="19" ten="30,3000,0" yaku="20,1,54,1" doraHai="92" who="1" fromWho="1" sc="240,-11,240,33,240,-11,280,-11" /><INIT seed="1,2,0,2,2,2" ten="229,273,229,269" oya="1" hai0="40,83,15,127,125,41,115,75,120,64,4,118,106" hai1="119,101,105,45,81,77,59,90,61,91,22,7,0" hai2="11,80,129,131,3,124,107,32,23,34,28,133,62" hai3="96,103,121,73,78,17,102,110,116,98,117,50,6"/><U100/><E119/><N who="3" m="45642" /><G17/><T130/><D118/><U66/><E45/><V65/><F107/><N who="3" m="63943" /><G50/><T93/><D106/><U30/><E105/><V25/><F133/><W51/><G51/><T42/><D115/><U76/><E101/><V43/><F124/><N who="0" m="47690" /><D130/><N who="2" m="49674" /><F43/><W48/><G48/><T92/><D120/><U39/><E100/><V134/><F134/><W57/><G57/><T33/><D33/><U85/><E39/><V63/><F63/><W27/><G27/><T74/><D64/><U60/><E60/><V13/><F80/><N who="3" m="45135" /><G6/><T104/><D104/><U68/><E59/><N who="2" m="37087" /><F3/><W36/><G36/><T122/><D122/><U29/><E0/><V56/><F56/><W99/><G121/><T89/><D83/><U54/><E81/><V10/><F10/><W14/><G14/><T20/><D93/><U132/><E132/><V46/><F46/><W58/><G58/><T126/><N who="0" m="47698" /><T18/><DORA hai="19" /><D4/><AGARI ba="2,0" hai="4,11,13,23,25,28,32,34" m="37087,49674" machi="4" ten="30,3900,0" yaku="19,1,52,2" doraHai="2,19" who="2" fromWho="0" sc="229,-45,273,0,229,45,269,0" /><INIT seed="2,0,0,2,2,58" ten="184,273,274,269" oya="2" hai0="125,43,7,133,4,68,44,13,80,115,102,28,99" hai1="96,103,1,97,24,20,38,123,117,73,49,112,78" hai2="60,46,53,79,59,39,29,18,124,76,126,56,33" hai3="91,135,27,116,2,35,40,61,66,83,121,64,8"/><V23/><F29/><W89/><G121/><T104/><D115/><U55/><E38/><V5/><F5/><W22/><G116/><T54/><D125/><N who="2" m="48234" /><F33/><W50/><G35/><T90/><D133/><U25/><E1/><V132/><F132/><W0/><G135/><T131/><D131/><U98/><E117/><V42/><F56/><W12/><G64/><T32/><D68/><U57/><E112/><V105/><F105/><W30/><G0/><T21/><D54/><U69/><E69/><V108/><F108/><W119/><G119/><T52/><D43/><U17/><E123/><V118/><F118/><W88/><G2/><T92/><D32/><U130/><E130/><V37/><F37/><W101/><G101/><T36/><D36/><U51/><E25/><AGARI ba="0,0" hai="18,23,25,39,42,46,53,59,60,76,79" m="48234" machi="25" ten="30,2900,0" yaku="18,1,52,1" doraHai="58" who="2" fromWho="1" sc="184,0,273,-29,274,29,269,0" /><INIT seed="2,1,0,2,3,104" ten="184,244,303,269" oya="2" hai0="128,125,35,17,6,103,94,117,124,96,102,74,63" hai1="98,85,119,14,66,65,64,61,19,29,24,2,95" hai2="126,40,4,36,73,21,116,130,93,106,112,97,62" hai3="11,72,83,10,135,48,55,90,77,78,79,26,113"/><V86/><F112/><W38/><G38/><T39/><D39/><U105/><E2/><V52/><F116/><W99/><G113/><T56/><D117/><U92/><E119/><V0/><F106/><W23/><G135/><T131/><D35/><U33/><E85/><V89/><F21/><W80/><G99/><T101/><D17/><U75/><E75/><V132/><F130/><N who="0" m="49706" /><D6/><U59/><E105/><V46/><F126/><N who="0" m="48746" /><D74/><U49/><E49/><V47/><F132/><W50/><G50/><T22/><D22/><U108/><E108/><V111/><F111/><W15/><G10/><T44/><D44/><U60/><E98/><V8/><F73/><W67/><G72/><T129/><N who="0" m="49714" /><T68/><DORA hai="42" /><D68/><U34/><E34/><V114/><F46/><W76/><G23/><T69/><D69/><U100/><E59/><V1/><F97/><W110/><G110/><T51/><D51/><U43/><E33/><V3/><F114/><W31/><G11/><T115/><D115/><U109/><E19/><V27/><F27/><W134/><G26/><T120/><D120/><U7/><E24/><V87/><F8/><W118/><G48/><T53/><AGARI ba="1,0" hai="53,56,63,94,96,101,102,103" m="48746,49714" machi="53" ten="50,3200,0" yaku="19,1,18,1" doraHai="104,42" who="0" fromWho="0" sc="184,35,244,-9,303,-17,269,-9" /><INIT seed="3,0,0,4,5,65" ten="219,235,286,260" oya="3" hai0="117,24,126,122,13,17,35,62,97,31,19,124,51" hai1="103,11,1,85,96,104,119,52,127,112,120,49,86" hai2="83,69,36,77,39,3,41,7,5,92,0,73,2" hai3="87,33,78,20,37,98,50,100,55,90,16,22,70"/><W81/><G33/><T89/><D122/><U40/><E120/><V57/><F69/><W15/><G37/><T128/><D117/><U64/><E119/><V131/><F131/><W9/><G70/><T6/><D128/><U76/><E112/><V93/><F57/><W43/><G43/><T91/><D51/><U102/><E40/><V67/><F67/><W18/><G78/><T60/><D6/><U125/><E103/><V130/><F130/><W95/><G18/><N who="0" m="6667" /><D13/><U82/><E64/><V72/><F2/><W44/><AGARI ba="0,0" hai="9,15,16,20,22,44,50,55,81,87,90,95,98,100" machi="44" ten="20,18000,2" yaku="0,1,7,1,25,2,8,1,54,1" doraHai="65" who="3" fromWho="3" sc="219,-60,235,-60,286,-60,260,180" owari="159,-34.0,175,-22.0,226,3.0,440,53.0" /></mjloggm>