<mjloggm ver="2.3"><GO type="169" lobby="0"/><UN n0="%E5%9B%BA%E3%82%86%E3%81%A7%E5%8D%B5" n1="%E3%82%88%E3%81%97%E3%81%A4%E3%82%88%E3%81%97" n2="%E5%89%AF%E6%96%99%E7%90%86%E9%95%B7" n3="%E8%8D%92%E6%9C%A8%E6%AF%94%E5%A5%88" dan="16,16,16,17" rate="2149.89,2113.36,2099.39,2149.21" sx="M,M,M,F"/><TAIKYOKU oya="0"/><INIT seed="0,0,0,2,0,119" ten="250,250,250,250" oya="0" hai0="60,71,35,5,125,27,74,4,130,52,97,28,114" hai1="89,131,108,43,101,20,56,132,98,6,57,24,92" hai2="128,90,129,68,39,58,96,66,7,134,9,25,73" hai3="106,94,21,79,48,63,40,126,16,121,53,41,54"/><T110/><D114/><U105/><E108/><V44/><F73/><W93/><G106/><T2/><D110/><U55/><E131/><N who="2" m="50251" /><F68/><W103/><G126/><T122/><D130/><U100/><E132/><V65/><F58/><N who="3" m="35279" /><G79/><T117/><D117/><U127/><E127/><V23/><F90/><W31/><G31/><T80/><D125/><U116/><E43/><N who="3" m="16458" /><G103/><T82/><D82/><U46/><E46/><V30/><F134/><W76/><G76/><T118/><D118/><U17/><E116/><V49/><F96/><W123/><G48/><T109/><D109/><U14/><E105/><V19/><F30/><W120/><G54/><T91/><D74/><U29/><E56/><V113/><F39/><W15/><AGARI ba="0,0" hai="15,16,21,93,94,120,121,123" m="16458,35279" machi="15" ten="40,8000,1" yaku="13,1,52,3,54,1" doraHai="119" who="3" fromWho="3" sc="250,-40,250,-20,250,-20,250,80" /><INIT seed="1,0,0,2,0,84" ten="210,230,230,330" oya="1" hai0="63,129,45,83,71,91,67,24,120,115,57,108,111" hai1="27,72,103,68,28,95,112,66,7,122,59,6,131" hai2="77,44,9,60,124,126,39,125,121,16,3,55,2" hai3="47,93,17,109,50,46,40,23,105,86,69,42,13"/><U26/><E112/><V51/><F121/><W52/><G105/><T70/><D115/><U88/><E68/><V49/><F39/><W134/><G69/><T53/><D120/><U61/><E72/><V32/><F32/><W135/><G109/><N who="0" m="42059" /><D24/><U94/><E131/><V76/><F60/><W48/><G134/><T99/><D129/><U132/><E132/><V38/><F38/><W101/><G135/><T37/><D53/><U22/><E27/><V25/><F51/><W18/><G18/><T5/><D5/><U8/><E8/><V118/><F118/><W34/><G34/><T4/><D4/><U96/><E122/><V123/><F123/><W62/><G62/><T14/><D14/><U11/><E11/><V29/><F29/><W33/><G33/><T58/><D58/><U64/><E64/><V89/><F3/><W114/><G114/><T107/><D107/><U116/><E116/><V54/><F54/><W97/><G86/><AGARI ba="0,0" hai="6,7,22,26,28,59,61,66,86,88,94,95,96,103" machi="86" ten="30,18000,2" yaku="7,1,25,2,8,1,52,1,54,1" doraHai="84" who="1" fromWho="3" sc="210,0,230,180,230,0,330,-180" /><INIT seed="1,1,0,4,5,83" ten="210,410,230,150" oya="1" hai0="94,126,26,107,111,115,109,116,76,59,105,119,85" hai1="110,99,62,91,64,22,50,89,132,19,68,4,82" hai2="53,67,41,7,124,84,6,129,20,71,90,15,66" hai3="75,36,11,134,58,61,103,118,10,29,74,51,1"/><U54/><E132/><V130/><F41/><W40/><G134/><T122/><D26/><U49/><E4/><N who="2" m="1579" /><F71/><W35/><G36/><T100/><D59/><U18/><E110/><N who="0" m="41993" /><D115/><U78/><E99/><V69/><F69/><W88/><G103/><T27/><D27/><U13/><E18/><N who="2" m="10335" /><F53/><W86/><G35/><T48/><D48/><U2/><E2/><V125/><F66/><W117/><G29/><T80/><D126/><N who="2" m="48746" /><F67/><W9/><G1/><T5/><D5/><U96/><E96/><V70/><F70/><W39/><G39/><T37/><D37/><U42/><E42/><V33/><F33/><W108/><G108/><T123/><D94/><AGARI ba="1,0" hai="84,90,94,129,130" m="48746,10335,1579" machi="94" ten="30,2000,0" yaku="18,1,52,1" doraHai="83" who="2" fromWho="0" sc="210,-23,410,0,230,23,150,0" /><INIT seed="2,0,0,3,5,53" ten="187,410,253,150" oya="2" hai0="11,18,67,94,77,0,70,39,43,60,37,110,46" hai1="92,100,93,1,20,78,118,8,44,34,126,135,47" hai2="27,59,50,97,66,40,17,19,128,63,130,90,7" hai3="103,62,13,55,48,124,3,87,38,116,65,58,22"/><V71/><F71/><W129/><G116/><T91/><D110/><U10/><E34/><V131/><F7/><W86/><G3/><T6/><D77/><U121/><E118/><V76/><F76/><W117/><G117/><T16/><REACH who="0" step="1"/><D39/><REACH who="0" ten="177,410,253,150" step="2"/><U72/><E78/><V9/><F9/><W82/><G38/><T125/><D125/><U112/><E8/><V107/><F27/><W122/><G124/><T57/><D57/><U101/><E10/><V61/><F107/><W49/><G13/><T31/><D31/><U33/><E126/><V111/><F111/><W98/><G122/><T14/><D14/><U35/><E121/><V74/><F74/><W132/><G132/><T113/><D113/><U106/><E135/><V5/><F5/><W24/><G129/><T23/><D23/><U4/><E20/><V83/><F131/><W64/><G22/><T84/><AGARI ba="0,1" hai="0,6,11,16,18,37,43,46,60,67,70,84,91,94" machi="84" ten="20,5200,0" yaku="1,1,0,1,7,1,54,1,53,0" doraHai="53" doraHaiUra="114" who="0" fromWho="0" sc="177,62,410,-13,253,-26,150,-13" /><INIT seed="3,0,0,1,0,128" ten="239,397,227,137" oya="3" hai0="36,76,32,119,90,79,132,61,14,65,124,42,13" hai1="108,75,77,63,131,74,133,84,98,49,37,31,27" hai2="83,38,24,51,39,64,62,106,43,67,113,81,117" hai3="10,59,69,41,87,25,107,109,48,22,130,89,114"/><W103/><G114/><T34/><D119/><U82/><E37/><V19/><F106/><W78/><G130/><T35/><D124/><U126/><E108/><V73/><F113/><W4/><G69/><T7/><D7/><U3/><E3/><V88/><F117/><W18/><G109/><T111/><D111/><U129/><E126/><V2/><F2/><W112/><G112/><T115/><D115/><U44/><E131/><V54/><F67/><W23/><G78/><T1/><D1/><U127/><E127/><V57/><F73/><W118/><G118/><T46/><D132/><U95/><E133/><V135/><F135/><W134/><G134/><T97/><D79/><U86/><E63/><V66/><F66/><W56/><G107/><T6/><D6/><U21/><E74/><V99/><F19/><W5/><G103/><T11/><D11/><U125/><E125/><V9/><F24/><W17/><G10/><T33/><D76/><U102/><E129/><V30/><F30/><W85/><G85/><T47/><D47/><U60/><E60/><V101/><F9/><W71/><G71/><T15/><D35/><U93/><E95/><V58/><F43/><AGARI ba="0,0" hai="21,27,31,43,44,49,75,77,82,84,86,93,98,102" machi="43" ten="30,1000,0" yaku="7,1" doraHai="128" who="1" fromWho="2" sc="239,0,397,10,227,-10,137,0" /><INIT seed="4,0,0,1,1,34" ten="239,407,217,137" oya="0" hai0="18,74,115,117,28,17,116,70,127,97,26,130,84" hai1="12,44,129,52,29,51,43,58,6,1,57,14,59" hai2="135,40,90,39,66,25,10,35,71,120,2,95,4" hai3="98,128,114,69,123,102,67,22,93,9,19,106,56"/><T119/><D74/><U107/><E107/><V131/><F120/><W36/><G114/><T118/><D70/><U105/><E105/><V5/><F131/><W64/><G128/><T38/><D38/><U61/><E129/><V32/><F135/><W96/><G36/><T112/><D130/><U45/><E29/><V54/><F66/><W55/><G69/><T104/><D84/><U33/><E33/><V68/><F5/><W99/><G9/><T75/><D75/><U60/><E1/><V133/><F133/><W37/><G37/><T15/><D119/><U72/><E72/><V3/><F35/><W121/><G121/><T125/><D97/><U87/><E87/><V42/><F42/><W76/><G76/><T92/><D92/><U7/><E6/><V24/><F24/><W62/><G123/><T126/><D104/><U46/><E12/><V47/><F2/><W91/><REACH who="3" step="1"/><G96/><REACH who="3" ten="239,407,217,127" step="2"/><T41/><D115/><U85/><E43/><V30/><F54/><W109/><G109/><T111/><D111/><U13/><E52/><V122/><F122/><W63/><G63/><T53/><D53/><U132/><E61/><V49/><F39/><W11/><G11/><N who="0" m="6399" /><D41/><U124/><E60/><V78/><F78/><W79/><G79/><T31/><D112/><U48/><E132/><V8/><REACH who="2" step="1"/><F10/><REACH who="2" ten="239,407,207,127" step="2"/><W21/><G21/><AGARI ba="0,2" hai="18,21,26,28,31,116,117,118,125,126,127" m="6399" machi="21" ten="40,7700,0" yaku="18,1,34,2" doraHai="34" who="0" fromWho="3" sc="239,97,407,0,207,0,127,-77" /><INIT seed="4,1,0,0,0,83" ten="336,407,207,50" oya="0" hai0="23,116,9,111,105,94,63,54,44,17,10,124,53" hai1="36,84,65,122,79,7,43,135,120,110,28,97,103" hai2="134,24,5,129,27,119,55,100,49,25,71,51,67" hai3="88,62,47,92,90,13,125,60,87,96,81,35,41"/><T37/><D116/><U99/><E110/><V114/><F119/><W34/><G125/><T56/><D111/><U113/><E135/><V85/><F134/><W112/><G112/><T69/><D105/><U48/><E36/><V58/><F129/><W46/><G35/><T104/><D104/><U33/><E99/><V74/><F74/><W61/><G34/><T72/><D69/><U126/><E126/><V42/><F100/><W132/><G132/><T123/><D123/><U77/><E77/><V14/><F71/><W40/><REACH who="3" step="1"/><G13/><REACH who="3" ten="336,407,207,40" step="2"/><T52/><D124/><U66/><E33/><V32/><F114/><W30/><G30/><T18/><D72/><U19/><E28/><V50/><F32/><W15/><G15/><T1/><D1/><U80/><E113/><V11/><F42/><AGARI ba="1,1" hai="40,41,42,46,47,60,61,62,81,87,88,90,92,96" machi="42" ten="40,8000,1" yaku="1,1,8,1,52,1,54,1,53,0" doraHai="83" doraHaiUra="117" who="3" fromWho="2" sc="336,0,407,0,207,-83,40,93" /><INIT seed="5,0,0,0,3,42" ten="336,407,124,133" oya="1" hai0="0,68,131,115,31,85,18,82,80,13,3,72,25" hai1="32,51,63,110,28,19,57,7,111,66,117,73,79" hai2="100,12,62,126,71,41,104,103,29,123,33,122,129" hai3="50,127,120,133,24,11,44,91,134,89,58,64,4"/><U92/><E7/><V5/><F126/><W30/><G120/><T124/><D124/><U105/><E105/><V98/><F129/><W119/><G119/><T87/><D131/><U106/><E106/><V47/><F103/><W35/><G58/><T128/><D128/><U83/><E117/><V27/><F12/><W38/><G64/><T112/><D68/><U43/><E19/><V10/><F10/><W6/><G38/><T93/><D93/><U37/><E37/><N who="2" m="21935" /><F5/><W121/><G121/><T78/><D72/><U60/><E60/><V45/><F45/><W40/><G127/><T15/><D18/><U75/><E92/><V49/><F49/><W16/><G16/><T86/><D86/><U56/><E73/><V77/><F77/><W81/><G4/><T17/><D17/><U65/><E43/><V59/><F59/><W113/><G113/><N who="0" m="43595" /><D3/><U1/><E1/><V23/><F23/><W94/><G81/><T14/><D0/><U69/><E69/><V8/><F8/><W116/><G116/><T20/><D14/><U70/><E70/><V52/><F52/><W96/><G89/><AGARI ba="0,0" hai="13,15,20,25,31,78,80,82,85,87,89" m="43595" machi="89" ten="30,1000,0" yaku="15,1" doraHai="42" who="0" fromWho="3" sc="336,10,407,0,124,0,133,-10" /><INIT seed="6,0,0,0,5,41" ten="346,407,124,123" oya="2" hai0="46,83,116,119,53,40,130,37,81,55,85,39,121" hai1="4,0,66,112,79,24,86,70,56,120,93,100,44" hai2="87,14,11,76,127,49,101,111,124,131,52,132,67" hai3="108,74,23,80,6,50,60,114,78,13,63,118,89"/><V110/><F101/><W68/><G108/><N who="2" m="41513" /><F67/><W8/><G118/><N who="0" m="45099" /><D121/><U25/><E79/><V103/><F103/><W59/><G68/><T77/><D130/><U126/><E56/><V135/><F87/><W109/><G109/><T72/><D39/><U36/><E86/><V123/><F76/><AGARI ba="0,0" hai="37,40,46,53,55,72,76,77,81,83,85" m="45099" machi="76" ten="30,2000,0" yaku="12,1,52,1" doraHai="41" who="0" fromWho="2" sc="346,20,407,0,124,-20,123,0" /><INIT seed="7,0,0,5,3,112" ten="366,407,104,123" oya="3" hai0="114,60,134,3,29,14,0,118,71,95,135,17,30" hai1="15,51,22,80,47,119,99,67,12,91,77,38,4" hai2="33,113,128,59,97,39,56,122,62,87,73,34,116" hai3="13,58,2,20,106,37,107,27,18,103,120,36,63"/><W40/><G120/><T26/><D60/><U66/><E38/><V98/><F73/><W96/><G2/><N who="0" m="555" /><D95/><N who="1" m="56831" /><E119/><V74/><F74/><W54/><G106/><T41/><D41/><U57/><E57/><V31/><F113/><W100/><G100/><T83/><D71/><U92/><E92/><V16/><F122/><W131/><G40/><T86/><D83/><U55/><E12/><V115/><F39/><W50/><G131/><T48/><D86/><N who="1" m="48399" /><E22/><V11/><F115/><W32/><G32/><N who="0" m="20535" /><D48/><U68/><E68/><V90/><F116/><W93/><G107/><T121/><D114/><U133/><E133/><N who="0" m="50697" /><D121/><U35/><E35/><V19/><F128/><W94/><G94/><T61/><D61/><U28/><E28/><V65/><F34/><W21/><G50/><T10/><D30/><AGARI ba="0,0" hai="13,18,20,21,27,30,36,37,54,58,63,93,96,103" machi="30" ten="30,1500,0" yaku="7,1" doraHai="112" who="3" fromWho="0" sc="366,-15,407,0,104,0,123,15" /><INIT seed="7,1,0,2,4,48" ten="351,407,104,138" oya="3" hai0="94,18,0,107,21,11,16,64,125,96,109,32,43" hai1="112,5,100,108,54,39,35,71,55,1,104,124,31" hai2="41,129,110,68,93,72,102,12,114,17,52,65,22" hai3="62,6,10,30,25,69,36,73,92,105,99,81,121"/><W78/><G121/><T128/><D109/><U91/><E39/><V26/><F110/><W122/><G122/><T7/><D128/><U66/><E112/><V46/><F72/><W103/><G36/><T57/><D125/><U82/><E5/><V13/><F114/><W19/><G19/><T45/><D32/><U123/><E1/><V59/><F68/><W87/><G62/><T34/><D34/><U74/><E124/><V85/><F65/><W29/><G69/><T132/><D107/><U131/><E131/><V127/><F127/><W86/><G25/><T63/><D132/><U44/><E44/><V9/><F129/><W23/><G23/><T84/><D84/><N who="1" m="50583" /><E74/><V98/><F85/><W97/><G86/><T49/><REACH who="0" step="1"/><D21/><REACH who="0" ten="341,407,104,138" step="2"/><U90/><E108/><V2/><F2/><W33/><G33/><T89/><AGARI ba="1,1" hai="0,7,11,16,18,43,45,49,57,63,64,89,94,96" machi="89" ten="20,12000,2" yaku="1,1,2,1,0,1,7,1,54,1,53,1" doraHai="48" doraHaiUra="38" who="0" fromWho="0" sc="341,133,407,-31,104,-31,138,-61" owari="474,57.0,376,18.0,73,-43.0,77,-32.0" /></mjloggm>