<mjloggm ver="2.3"><GO type="185" lobby="0"/><UN n0="%E5%AE%AE%E6%B0%B8%E7%85%A7%40" n1="%E8%B5%A4%E3%81%AE%E3%83%A9%E3%82%B0%E3%83%8A%E3%83%AB" n2="%E4%BD%90%E8%97%A4%E3%82%AB%E3%82%A4%E3%82%B8" n3="" dan="16,16,16,0" rate="2262.17,2162.49,2216.30,1500.00" sx="M,M,F,C"/><TAIKYOKU oya="0"/><INIT seed="0,0,0,4,4,104" ten="350,350,350,0" oya="0" hai0="119,49,78,41,124,132,69,103,101,3,102,115,55" hai1="64,110,108,118,73,43,67,122,126,100,70,84,135" hai2="62,111,65,60,105,75,58,117,52,74,44,53,133" hai3=""/><T97/><D115/><U85/><N who="1" m="31264" /><U59/><E118/><V46/><F111/><T128/><D119/><U86/><E135/><V39/><F117/><T95/><D3/><U1/><E1/><V123/><N who="2" m="31520" /><V90/><F133/><T94/><D132/><U82/><E126/><V37/><F105/><T109/><D69/><U68/><E100/><V107/><F107/><T40/><D124/><U112/><E43/><V125/><F125/><T88/><D128/><U113/><E59/><V92/><F46/><T71/><D71/><N who="1" m="27179" /><E73/><V116/><F116/><T42/><D109/><N who="1" m="42091" /><E82/><V77/><F77/><T91/><D78/><U120/><N who="1" m="30752" /><U106/><E106/><V45/><F45/><T81/><D81/><U61/><E61/><V83/><F83/><T66/><D103/><U50/><E50/><V130/><F130/><T127/><D127/><U47/><E47/><V80/><F80/><T87/><REACH who="0" step="1"/><D66/><AGARI ba="0,0" hai="64,66,67,84,85,86,112,113" m="30752,42091,27179,31264" machi="66" ten="40,8000,1" yaku="28,2,14,1,52,2" doraHai="104" who="1" fromWho="0" sc="350,-80,350,80,350,0,0,0" /><INIT seed="1,0,0,2,5,101" ten="270,430,350,0" oya="1" hai0="127,39,81,2,66,43,57,54,37,46,82,108,128" hai1="88,68,87,74,67,53,111,99,70,35,33,104,83" hai2="130,65,3,126,100,69,98,115,91,90,93,60,80" hai3=""/><U84/><E74/><V135/><F3/><T63/><D2/><U134/><E134/><V71/><F135/><T96/><D108/><U85/><E111/><V120/><N who="2" m="30752" /><V95/><F130/><T97/><D128/><U36/><E36/><V50/><F126/><T48/><D37/><U114/><E114/><V89/><F115/><T45/><D127/><U110/><E110/><V112/><F112/><T106/><D96/><U109/><E109/><V51/><F69/><T122/><N who="0" m="31264" /><T132/><D132/><U73/><E73/><V59/><F71/><T103/><AGARI ba="0,0" hai="39,43,45,46,48,54,57,63,66,81,82,97,103,106" m="31264" machi="103" ten="30,3000,0" yaku="0,1,52,2" doraHai="101" who="0" fromWho="0" sc="270,30,430,-20,350,-10,0,0" /><INIT seed="2,0,0,4,3,33" ten="300,410,340,0" oya="2" hai0="84,130,96,76,107,74,119,1,58,95,133,71,120" hai1="121,116,55,105,103,118,39,66,35,3,83,63,89" hai2="132,51,50,94,98,114,48,57,135,86,106,125,45" hai3=""/><V127/><F106/><T90/><D71/><U112/><N who="1" m="31008" /><U44/><E112/><V85/><F114/><T56/><N who="0" m="30752" /><T38/><D38/><U93/><E35/><V134/><F57/><T43/><D43/><U78/><E105/><V62/><F62/><T73/><D119/><U104/><E104/><V0/><F45/><T36/><D36/><U49/><E103/><V97/><F0/><T108/><D1/><U129/><E39/><V88/><REACH who="2" step="1"/><F86/><REACH who="2" ten="300,410,330,0" step="2"/><T101/><D56/><U117/><E3/><V37/><F37/><T2/><D58/><U82/><E63/><V109/><F109/><T126/><D108/><U91/><E117/><V79/><F79/><T46/><D46/><U59/><E78/><V87/><F87/><T111/><D111/><U40/><E116/><V102/><F102/><T61/><D2/><U100/><E100/><V68/><F68/><T70/><D70/><U80/><E118/><V52/><F52/><T72/><D61/><U113/><E113/><V131/><F131/><T67/><D130/><U32/><E129/><V65/><F65/><T41/><D67/><U42/><E66/><V60/><F60/><T77/><D77/><U115/><E115/><V92/><F92/><T99/><D76/><RYUUKYOKU ba="0,1" sc="300,-10,410,-10,330,20,0,0" hai2="48,50,51,85,88,94,97,98,125,127,132,134,135" /><INIT seed="2,1,1,0,1,94" ten="290,400,350,0" oya="2" hai0="81,110,135,37,122,85,34,35,97,62,87,108,63" hai1="125,36,79,109,47,112,129,33,56,44,114,116,0" hai2="46,123,86,68,45,90,103,72,93,121,126,39,117" hai3=""/><V42/><N who="2" m="31008" /><V61/><N who="2" m="31520" /><V74/><F117/><T119/><N who="0" m="31264" /><T89/><D119/><U41/><E116/><V53/><F126/><T133/><D37/><U59/><E0/><V32/><F32/><T73/><D73/><U124/><E33/><V95/><F46/><T115/><D34/><U77/><E109/><N who="0" m="42089" /><D35/><U104/><E104/><V2/><F2/><T76/><D97/><U66/><E66/><V82/><F93/><T52/><D52/><U99/><E36/><V91/><F103/><T58/><D58/><U102/><E102/><V78/><F90/><T100/><D115/><U75/><E75/><V88/><F91/><T80/><D100/><U49/><E41/><V134/><F53/><T69/><D69/><U127/><E124/><V50/><F39/><T101/><D101/><U64/><E114/><V128/><F72/><T96/><D96/><U67/><E99/><V130/><REACH who="2" step="1"/><F134/><AGARI ba="1,1" hai="62,63,76,80,81,85,87,89,133,134,135" m="42089,31264" machi="134" ten="30,3900,0" yaku="20,1,14,1,52,1" doraHai="94" who="0" fromWho="2" sc="290,51,400,0,350,-41,0,0" /><INIT seed="4,0,0,1,0,53" ten="341,400,309,0" oya="0" hai0="59,124,105,0,135,54,70,96,74,82,85,112,106" hai1="79,66,118,35,119,93,64,133,101,38,71,2,129" hai2="114,127,107,95,103,123,130,99,125,94,56,121,36" hai3=""/><T51/><D0/><U89/><E2/><V62/><N who="2" m="31008" /><V41/><N who="2" m="31520" /><V83/><F114/><T87/><D112/><U131/><E35/><V84/><F41/><T116/><D116/><U76/><E38/><V97/><F36/><T65/><D135/><U1/><E101/><V48/><F48/><T134/><D134/><U60/><E66/><V58/><F130/><N who="1" m="49673" /><E133/><V52/><F56/><T120/><N who="0" m="30752" /><T57/><D70/><U108/><E108/><V115/><F115/><T117/><D117/><N who="1" m="44555" /><E1/><V69/><F69/><T45/><D124/><N who="2" m="47690" /><F99/><AGARI ba="0,0" hai="60,64,71,76,79,89,93,99" m="44555,49673" machi="99" ten="30,1000,0" yaku="19,1" doraHai="53" who="1" fromWho="2" sc="341,0,400,10,309,-10,0,0" /><INIT seed="5,0,0,2,5,100" ten="341,410,299,0" oya="1" hai0="106,126,122,134,132,45,105,40,135,52,50,34,123" hai1="107,37,80,83,77,47,3,48,61,129,118,117,119" hai2="0,1,111,39,54,101,112,127,84,102,85,57,68" hai3=""/><U121/><N who="1" m="31008" /><U124/><E3/><V66/><F111/><T75/><N who="0" m="31264" /><T32/><N who="0" m="31520" /><T114/><D75/><U42/><E129/><V90/><F127/><T71/><D71/><U60/><E124/><V72/><F72/><T53/><D126/><U78/><E107/><N who="0" m="40969" /><D114/><U104/><E104/><V2/><F112/><T55/><AGARI ba="0,0" hai="32,34,40,45,50,52,53,55,132,134,135" m="40969,31520,31264" machi="55" ten="40,9000,2" yaku="20,1,52,5,54,1" doraHai="100" who="0" fromWho="0" sc="341,90,410,-60,299,-30,0,0" /><INIT seed="6,0,0,0,2,57" ten="431,350,269,0" oya="2" hai0="34,103,72,101,118,93,117,48,2,44,64,100,46" hai1="51,88,38,55,59,68,84,115,65,82,91,98,104" hai2="94,116,56,60,122,74,113,35,114,109,43,54,125" hai3=""/><V108/><N who="2" m="31264" /><V70/><F116/><T112/><D72/><U66/><E115/><N who="2" m="44043" /><F35/><T78/><D112/><U52/><E38/><V61/><F74/><T95/><D78/><U75/><E75/><V107/><F107/><T42/><D34/><U92/><E104/><V110/><F125/><T39/><D2/><U127/><E127/><V41/><F94/><T62/><D93/><U124/><E68/><V135/><F135/><T134/><D95/><U47/><E124/><V36/><F36/><T87/><D87/><U86/><E84/><V130/><F130/><T79/><D134/><U77/><REACH who="1" step="1"/><E77/><REACH who="1" ten="431,340,269,0" step="2"/><V126/><F126/><T96/><D79/><U3/><E3/><V121/><N who="2" m="31008" /><V102/><F102/><T73/><D73/><U120/><N who="1" m="30752" /><U81/><E81/><V80/><F80/><T33/><D33/><U49/><AGARI ba="0,1" hai="47,49,51,52,55,59,65,66,82,86,88,91,92,98" m="30752" machi="49" ten="20,9000,2" yaku="1,1,0,1,7,1,8,1,52,1,54,2,53,0" doraHai="57" doraHaiUra="37" who="1" fromWho="1" sc="431,-30,340,100,269,-60,0,0" owari="401,0.0,440,39.0,209,-39.0,0,0.0" /></mjloggm>