<mjloggm ver="2.3"><GO type="169" lobby="0"/><UN n0="%68%61%6B%75%30%37" n1="%E3%81%99%E3%81%B1%E3%81%B5%E3%81%87%E3%81%AB%E3%81%9F%E3%82%93" n2="%E3%83%A8%E3%82%B7%E3%83%AF" n3="%E3%83%AC%E3%82%AA%E3%83%B3%E3%83%8F%E3%83%AB%E3%83%88" dan="16,16,17,16" rate="2027.12,2020.05,2246.06,2060.63" sx="M,F,M,M"/><TAIKYOKU oya="0"/><INIT seed="0,0,0,4,1,11" ten="250,250,250,250" oya="0" hai0="71,48,8,32,7,124,64,50,88,127,47,5,67" hai1="27,97,126,94,65,95,105,128,4,41,55,60,110" hai2="96,57,0,25,45,131,49,22,19,62,9,115,72" hai3="56,66,121,46,87,23,10,109,113,130,51,20,99"/><T85/><D32/><U15/><E110/><V34/><F115/><W78/><G113/><T76/><D76/><U119/><E119/><V132/><F131/><W61/><G109/><T122/><D122/><U53/><E126/><N who="0" m="48169" /><D71/><U112/><E128/><V37/><F132/><W100/><G130/><T83/><D5/><U2/><E41/><V103/><F72/><W43/><G121/><T73/><D73/><U86/><E105/><V102/><F37/><W63/><G63/><T129/><D129/><U16/><E2/><V98/><F34/><W75/><G75/><T107/><D107/><U92/><E86/><V84/><F84/><W111/><G10/><T14/><D48/><U54/><E27/><V38/><F38/><W24/><G24/><T82/><D82/><U29/><E4/><V77/><F77/><W89/><G78/><T101/><D101/><N who="2" m="38410" /><F0/><W123/><G123/><T79/><D79/><U118/><E112/><V116/><F9/><W40/><G40/><AGARI ba="0,0" hai="7,8,14,40,47,50,64,67,83,85,88" m="48169" machi="40" ten="30,5800,0" yaku="18,1,52,1,54,1" doraHai="11" who="0" fromWho="3" sc="250,58,250,0,250,0,250,-58" /><INIT seed="0,1,0,1,1,56" ten="308,250,250,192" oya="0" hai0="95,121,21,3,80,93,58,72,37,111,122,104,87" hai1="90,48,81,98,65,114,42,89,77,64,36,19,57" hai2="131,5,27,35,38,105,128,112,96,40,85,6,130" hai3="108,78,110,126,23,29,51,125,54,69,118,88,117"/><T15/><D3/><U102/><E36/><V113/><F85/><W129/><G69/><T66/><D37/><U11/><E114/><V18/><F105/><W63/><G78/><T99/><D15/><U116/><E42/><V86/><F86/><W75/><G75/><T106/><D21/><U123/><E116/><N who="3" m="44650" /><G129/><T61/><D72/><U82/><E48/><V60/><F96/><W16/><G29/><T135/><D135/><U70/><E70/><V74/><F74/><W50/><G88/><T119/><D119/><U107/><E65/><V124/><F124/><N who="3" m="47723" /><G63/><T45/><D104/><U101/><E90/><V10/><F60/><W79/><G79/><T4/><D106/><U43/><E89/><V68/><F68/><W52/><G50/><T84/><D61/><U133/><E77/><V32/><F40/><W24/><G51/><T100/><D84/><U12/><E43/><V127/><F38/><W28/><G28/><T0/><D87/><U44/><E107/><V26/><F127/><W20/><G23/><T71/><D71/><U14/><E81/><V59/><F59/><W9/><G9/><T46/><D80/><U83/><E82/><V25/><F18/><W34/><G34/><N who="2" m="12841" /><F10/><W62/><G62/><T31/><D58/><U132/><E57/><V47/><F47/><W120/><G120/><T22/><D46/><U134/><E83/><V97/><F97/><W92/><G92/><T17/><D45/><U103/><E44/><V115/><AGARI ba="1,0" hai="5,6,25,26,27,112,113,115,128,130,131" m="12841" machi="115" ten="50,12000,2" yaku="29,2,28,2,19,1,34,2" doraHai="56" who="2" fromWho="2" sc="308,-61,250,-31,250,123,192,-31" /><INIT seed="1,0,0,5,1,83" ten="247,219,373,161" oya="1" hai0="46,18,108,126,89,93,59,5,40,96,110,2,24" hai1="42,133,34,76,66,3,135,8,17,28,13,85,82" hai2="84,100,129,20,47,78,124,48,109,4,35,114,120" hai3="87,6,44,65,102,56,92,72,62,103,69,64,39"/><U68/><E68/><V88/><F35/><W131/><G72/><T45/><D126/><U116/><E66/><V132/><F120/><W50/><G131/><T112/><D112/><U37/><E116/><V99/><F129/><W91/><G6/><T29/><D18/><U22/><E42/><V127/><F4/><W43/><REACH who="3" step="1"/><G65/><REACH who="3" ten="247,219,373,151" step="2"/><T21/><D5/><N who="1" m="1087" /><E37/><V106/><F114/><W101/><G101/><T16/><D2/><U53/><E53/><AGARI ba="0,1" hai="39,43,44,50,53,56,62,64,69,87,91,92,102,103" machi="53" ten="40,8000,1" yaku="1,1,24,2,52,1,53,0" doraHai="83" doraHaiUra="122" who="3" fromWho="1" sc="247,0,219,-80,373,0,151,90" /><INIT seed="2,0,0,3,0,61" ten="247,139,373,241" oya="2" hai0="85,12,116,1,21,65,101,36,95,132,69,80,3" hai1="26,82,103,37,18,108,123,66,125,109,134,55,130" hai2="5,46,122,104,62,49,99,54,52,96,17,120,25" hai3="9,121,114,97,60,45,32,84,94,30,59,43,27"/><V4/><F104/><W102/><G121/><T70/><D36/><U107/><E123/><V35/><F120/><W24/><G114/><T64/><D69/><U7/><E18/><V133/><F133/><W68/><G68/><T129/><D70/><U33/><E55/><V57/><F122/><W124/><G124/><T48/><D132/><U10/><E130/><V112/><F112/><W0/><G84/><T76/><D129/><U92/><E92/><V44/><F44/><W77/><G77/><T118/><D48/><U105/><E125/><V28/><F17/><W74/><G74/><T42/><D42/><U56/><E82/><V100/><REACH who="2" step="1"/><F100/><REACH who="2" ten="247,139,363,241" step="2"/><W22/><G45/><T38/><D101/><U81/><E103/><V83/><F83/><W72/><G102/><T128/><D128/><U89/><E105/><V23/><F23/><W39/><G22/><T93/><D93/><U79/><E107/><V14/><F14/><W127/><G94/><T135/><D135/><U86/><E134/><V71/><F71/><W6/><G127/><T98/><D95/><U50/><E37/><V115/><F115/><W126/><G39/><T110/><D38/><U13/><E33/><V113/><F113/><W20/><G20/><T58/><D80/><U2/><E13/><V78/><F78/><W51/><G32/><T29/><D12/><U87/><E26/><V19/><F19/><W47/><G27/><T106/><D106/><U111/><E89/><V67/><F67/><N who="3" m="39327" /><G24/><T11/><D21/><U117/><E109/><V41/><F41/><W16/><G126/><T40/><D40/><RYUUKYOKU ba="0,1" sc="247,-10,139,-10,363,30,241,-10" hai2="4,5,25,28,35,46,49,52,54,57,62,96,99" /><INIT seed="2,1,1,3,0,48" ten="237,129,393,231" oya="2" hai0="114,63,24,20,9,129,106,90,73,35,4,38,121" hai1="10,109,101,86,41,5,36,64,46,80,112,103,126" hai2="11,25,34,43,18,28,76,91,135,16,17,83,26" hai3="77,104,116,8,79,27,78,84,21,120,52,128,75"/><V71/><F71/><W82/><G116/><T13/><D121/><U61/><E112/><V110/><F135/><W12/><G120/><T53/><D114/><U47/><E109/><V31/><F91/><W88/><G104/><T95/><D106/><U117/><E126/><V33/><F43/><W14/><G128/><T54/><D38/><U23/><E23/><V123/><F123/><W108/><G108/><T42/><D73/><U97/><E97/><V105/><F105/><W1/><G1/><T85/><D35/><U115/><E47/><V127/><F110/><W2/><G2/><T133/><D133/><U44/><E44/><V56/><F56/><W6/><G14/><T50/><D63/><U113/><E117/><V89/><F89/><W30/><REACH who="3" step="1"/><G52/><REACH who="3" ten="237,129,393,221" step="2"/><N who="0" m="20075" /><D129/><U45/><E113/><V118/><F118/><W94/><AGARI ba="1,2" hai="6,8,12,21,27,30,75,77,78,79,82,84,88,94" machi="94" ten="20,5200,0" yaku="1,1,0,1,7,1,54,1,53,0" doraHai="48" doraHaiUra="70" who="3" fromWho="3" sc="237,-14,129,-14,393,-27,221,75" /><INIT seed="3,0,0,4,2,105" ten="223,115,366,296" oya="3" hai0="42,13,59,64,132,96,57,61,67,25,48,98,53" hai1="133,40,19,123,27,18,4,95,9,89,6,35,84" hai2="0,125,111,80,112,91,83,41,122,118,82,55,106" hai3="73,129,47,32,115,71,99,130,29,100,72,10,81"/><W69/><G115/><T75/><D132/><U33/><E133/><V88/><F0/><W5/><G47/><T58/><D75/><N who="3" m="28745" /><G81/><T108/><D108/><U24/><E40/><V68/><F112/><W46/><G46/><T94/><D42/><U66/><E66/><V126/><F68/><N who="3" m="26187" /><G29/><T56/><D96/><U107/><E107/><V49/><F41/><W120/><G32/><T62/><D13/><U54/><E123/><V114/><F114/><W74/><N who="3" m="28753" /><W85/><DORA hai="20" /><G85/><T22/><D57/><U93/><E84/><V90/><F111/><W39/><G120/><T7/><D7/><U1/><E9/><V60/><F122/><W16/><G16/><T8/><D8/><U17/><E17/><V63/><F106/><N who="3" m="63775" /><G39/><T131/><D94/><U76/><E89/><V52/><F49/><W109/><G109/><T23/><D98/><U3/><REACH who="1" step="1"/><E54/><REACH who="1" ten="223,105,366,296" step="2"/><N who="2" m="20523" /><F118/><W78/><G78/><AGARI ba="0,1" hai="1,3,4,6,18,19,24,27,33,35,76,78,93,95" machi="78" ten="25,12000,2" yaku="1,1,22,2,52,2,53,2" doraHai="105,20" doraHaiUra="21,44" who="1" fromWho="3" sc="223,0,105,130,366,0,296,-120" /><INIT seed="4,0,0,0,2,86" ten="223,235,366,176" oya="0" hai0="102,52,17,13,132,109,2,104,119,118,56,34,111" hai1="114,68,103,71,58,101,135,11,80,131,69,4,3" hai2="41,9,116,26,130,35,90,105,64,57,43,50,128" hai3="97,1,126,82,91,23,6,29,5,106,92,81,107"/><T8/><D34/><U30/><E135/><V62/><F105/><W113/><G113/><T15/><D2/><U36/><E36/><V63/><F9/><W32/><G32/><T121/><D121/><U44/><E30/><V38/><F35/><W73/><G126/><T123/><D123/><U129/><E44/><N who="2" m="25871" /><F26/><W46/><G46/><T10/><D102/><U74/><E58/><N who="2" m="36951" /><F90/><W133/><G133/><T16/><D104/><U94/><E94/><V22/><F22/><W70/><G70/><T67/><D67/><U124/><E114/><V85/><F85/><W45/><G45/><T25/><D25/><U18/><E18/><V55/><F116/><W83/><G73/><T39/><D39/><U78/><E124/><V48/><F38/><W115/><G115/><T93/><D93/><U12/><E12/><V95/><F95/><W117/><G117/><T24/><D24/><U19/><E19/><V127/><F127/><W0/><G29/><T14/><D14/><U88/><E88/><V49/><F43/><W21/><G107/><T79/><D79/><U31/><E31/><V110/><F110/><N who="0" m="41994" /><D132/><U61/><E103/><V112/><F112/><W65/><G106/><T53/><D53/><U108/><E101/><V33/><F33/><W47/><G0/><T28/><D28/><U54/><E108/><V100/><F100/><W134/><G1/><T66/><D66/><N who="1" m="41039" /><E54/><V7/><F7/><N who="3" m="2571" /><G65/><T96/><D96/><U40/><E40/><V59/><F59/><W37/><G134/><T51/><AGARI ba="0,0" hai="8,10,13,15,16,17,51,52,56,118,119" m="41994" machi="51" ten="30,6000,0" yaku="10,1,54,2" doraHai="86" who="0" fromWho="0" sc="223,60,235,-20,366,-20,176,-20" /><INIT seed="4,1,0,0,1,32" ten="283,215,346,156" oya="0" hai0="35,60,45,62,119,42,41,114,135,105,59,34,18" hai1="31,118,0,130,6,109,85,51,14,54,46,120,128" hai2="92,58,91,117,78,116,23,113,64,84,57,49,56" hai3="123,48,75,66,95,67,87,17,1,55,4,71,52"/><T10/><D119/><N who="2" m="45642" /><F113/><W13/><G75/><T101/><D114/><U94/><E120/><V38/><F38/><W74/><G74/><T96/><D135/><U115/><E109/><V68/><F78/><W77/><G123/><T21/><D42/><U133/><E31/><V98/><F23/><W53/><G48/><T65/><D60/><U127/><E115/><V102/><F68/><W134/><G134/><T80/><D80/><U106/><E106/><N who="2" m="63831" /><F64/><W97/><G71/><T103/><D103/><U5/><E127/><V29/><F29/><W73/><G73/><T15/><REACH who="0" step="1"/><D21/><REACH who="0" ten="273,215,346,156" step="2"/><U9/><E133/><V88/><F91/><W100/><G77/><T90/><D90/><U25/><E118/><V43/><F43/><W126/><G100/><T79/><D79/><U28/><E128/><V37/><F37/><AGARI ba="1,1" hai="10,15,18,34,35,37,41,45,59,62,65,96,101,105" machi="37" ten="30,2900,0" yaku="1,1,7,1,53,0" doraHai="32" doraHaiUra="26" who="0" fromWho="2" sc="273,42,215,0,346,-32,156,0" /><INIT seed="4,2,0,0,1,95" ten="315,215,314,156" oya="0" hai0="115,35,114,96,34,70,33,59,104,123,52,94,135" hai1="45,53,103,127,61,117,0,50,22,25,24,93,54" hai2="63,81,37,112,77,17,134,120,26,122,87,30,27" hai3="18,4,36,69,128,119,16,2,55,99,80,20,62"/><T85/><D70/><U129/><E127/><V56/><F134/><W14/><G119/><T82/><D104/><U58/><E129/><V116/><F37/><W60/><G128/><T9/><D9/><U111/><E111/><V28/><F112/><N who="0" m="43050" /><D123/><U130/><E0/><V126/><F126/><W76/><G36/><T10/><D10/><U75/><E75/><V7/><F7/><W21/><G4/><T88/><D135/><U107/><E130/><V97/><F116/><W71/><G2/><T124/><D124/><U113/><E107/><V23/><F27/><W84/><G99/><T32/><D32/><U109/><E109/><V67/><F120/><W131/><G131/><T110/><D110/><U41/><E117/><V79/><F122/><W83/><G83/><T42/><D42/><U11/><E11/><V90/><F77/><W57/><REACH who="3" step="1"/><G62/><REACH who="3" ten="315,215,314,146" step="2"/><N who="0" m="36199" /><D33/><U133/><E113/><V6/><F6/><W74/><G74/><T49/><D49/><U125/><E133/><V64/><REACH who="2" step="1"/><F64/><REACH who="2" ten="315,215,304,146" step="2"/><W100/><G100/><AGARI ba="2,2" hai="34,35,82,85,88,94,96,100" m="36199,43050" machi="100" ten="30,11600,0" yaku="15,1,52,1,54,2" doraHai="95" who="0" fromWho="3" sc="315,142,215,0,304,0,146,-122" /><INIT seed="4,3,0,0,2,3" ten="457,215,304,24" oya="0" hai0="64,67,69,63,73,14,83,96,9,11,90,21,91" hai1="124,122,0,118,128,107,110,29,86,92,116,123,36" hai2="25,48,42,46,131,35,49,79,5,2,81,16,112" hai3="60,121,95,13,55,56,77,28,31,41,62,40,93"/><T45/><D64/><U33/><RYUUKYOKU type="yao9" ba="3,0" sc="457,0,215,0,304,0,24,0" hai1="0,29,33,36,86,92,107,110,116,118,122,123,124,128" /><INIT seed="4,4,0,3,4,2" ten="457,215,304,24" oya="0" hai0="31,107,109,76,128,62,7,91,108,118,37,88,78" hai1="17,4,83,127,105,94,132,30,112,68,77,50,21" hai2="26,102,111,49,106,123,24,32,73,60,57,34,15" hai3="35,58,0,80,20,66,23,115,48,5,87,134,114"/><T42/><D107/><U59/><E68/><V90/><F111/><N who="0" m="42570" /><D118/><U61/><E105/><V18/><F123/><W98/><G35/><T16/><D31/><U81/><E132/><V93/><F73/><W8/><G134/><T45/><D128/><U99/><E50/><V101/><F49/><W51/><G98/><T129/><D129/><U63/><E83/><V53/><F106/><W43/><G48/><T119/><D119/><U72/><E59/><V74/><F74/><W110/><G110/><T46/><D46/><U135/><E127/><V120/><F120/><W25/><G66/><T75/><D62/><U133/><E112/><N who="3" m="43050" /><G25/><N who="2" m="9833" /><F32/><W97/><G97/><T125/><D125/><U65/><E30/><V67/><F67/><W113/><N who="3" m="43058" /><W38/><DORA hai="29" /><G38/><T121/><D121/><U1/><E65/><V130/><F34/><W103/><G103/><T126/><D126/><U89/><E133/><V124/><F130/><W55/><G43/><T54/><D54/><U47/><E47/><V19/><F124/><W71/><G71/><T56/><D56/><U36/><E135/><V96/><F19/><W40/><G40/><T117/><D16/><U41/><E41/><V52/><F53/><W122/><G122/><T14/><D117/><U82/><E61/><V92/><F92/><W9/><G9/><AGARI ba="4,0" hai="9,15,18,52,57,60,90,93,96,101,102" m="9833" machi="9" ten="30,2000,0" yaku="8,1,54,1" doraHai="2,29" who="2" fromWho="3" sc="457,0,215,0,304,32,24,-32" owari="457,55.0,215,-18.0,336,14.0,-8,-51.0" /></mjloggm>