<mjloggm ver="2.3"><GO type="169" lobby="0"/><UN n0="%E8%B1%86%E3%83%80%E3%83%9E%E8%AD%A6%E5%AF%9F" n1="%E5%B1%B1%E6%9C%AC%E6%83%A3%E4%B8%80%E6%9C%97" n2="%E5%B9%BB%E9%9C%8A" n3="%6B%6F%74%61%6B%6F%74%61" dan="16,17,17,16" rate="2096.90,2141.32,2212.56,2096.32" sx="M,M,F,M"/><TAIKYOKU oya="0"/><INIT seed="0,0,0,5,3,42" ten="250,250,250,250" oya="0" hai0="97,4,8,70,46,123,59,132,36,55,2,110,54" hai1="71,62,43,16,95,47,131,75,80,31,25,30,40" hai2="33,35,44,14,49,69,89,74,64,112,100,128,11" hai3="13,51,119,38,68,99,66,107,9,114,34,79,113"/><T81/><D123/><U53/><E131/><V135/><F112/><W7/><G119/><T116/><D116/><U106/><E106/><V90/><F74/><W65/><G38/><T91/><D132/><U109/><E109/><V122/><F122/><W27/><G79/><T85/><D110/><U1/><E1/><V15/><F100/><N who="3" m="62879" /><G65/><T67/><D70/><U108/><E108/><V10/><F64/><W127/><G51/><T121/><D121/><U88/><E43/><V3/><F3/><W78/><G78/><T19/><D36/><U102/><E102/><V57/><F69/><W60/><G127/><T124/><D124/><U76/><E71/><V52/><F135/><W101/><G101/><T115/><D115/><U92/><E92/><V120/><F120/><W105/><G105/><T18/><D97/><U111/><E111/><V0/><F0/><W133/><G133/><T28/><D28/><AGARI ba="0,0" hai="7,9,13,27,28,34,60,66,68,113,114" m="62879" machi="28" ten="30,1000,0" yaku="25,1" doraHai="42" who="3" fromWho="0" sc="250,-10,250,0,250,0,250,10" /><INIT seed="1,0,0,0,0,45" ten="240,250,250,260" oya="1" hai0="20,49,61,15,134,108,99,23,29,43,81,17,101" hai1="123,89,100,57,30,76,31,36,54,106,35,22,52" hai2="0,18,113,92,85,77,127,73,2,69,117,116,7" hai3="128,26,64,86,125,13,60,28,65,94,55,12,21"/><U111/><E123/><V130/><F69/><W105/><G128/><T110/><D134/><U37/><E35/><V98/><F130/><W24/><G125/><T6/><D6/><U107/><E76/><V9/><F0/><W120/><G105/><T70/><D81/><U126/><E126/><V109/><F127/><W14/><G120/><T63/><D29/><U103/><E89/><V39/><F109/><N who="0" m="42090" /><D70/><U67/><E111/><V119/><F113/><W3/><G3/><T62/><D23/><U133/><E133/><V42/><F85/><W118/><G118/><T11/><D11/><U75/><E22/><V102/><F18/><W114/><G114/><T25/><D43/><U82/><E82/><N who="2" m="45359" /><F119/><W40/><G40/><T96/><D49/><U78/><E78/><V74/><F74/><W33/><G21/><T91/><D91/><U132/><E132/><V129/><F129/><W104/><G28/><T16/><D101/><U58/><REACH who="1" step="1"/><E75/><REACH who="1" ten="240,240,250,260" step="2"/><V95/><F117/><W1/><G33/><T4/><D25/><U53/><E53/><V112/><F116/><W47/><G55/><T48/><D20/><U79/><E79/><V84/><F112/><W34/><G26/><T80/><D80/><U72/><E72/><V56/><F42/><W51/><G24/><T88/><D88/><U10/><E10/><V5/><F9/><W32/><G32/><T27/><D27/><U115/><E115/><V83/><F83/><W122/><G34/><T93/><D99/><U135/><E135/><V66/><F98/><W131/><G131/><T8/><D96/><U124/><E124/><RYUUKYOKU ba="0,1" sc="240,-10,240,30,250,-10,260,-10" hai1="30,31,36,37,52,54,57,58,67,100,103,106,107" /><INIT seed="1,1,1,0,2,4" ten="230,270,240,250" oya="1" hai0="27,105,103,49,77,42,1,68,58,50,114,109,79" hai1="7,80,64,34,47,116,12,130,18,89,84,113,119" hai2="38,31,51,83,104,16,5,33,110,82,43,94,19" hai3="78,107,44,133,90,32,66,99,117,131,85,41,67"/><U129/><E34/><V45/><F104/><W30/><G133/><T29/><D114/><U23/><E113/><V17/><F110/><W56/><G131/><T125/><D109/><U76/><E64/><V13/><F38/><W28/><G117/><T124/><D68/><U36/><E7/><V54/><F33/><W40/><G40/><T98/><D1/><U3/><E3/><V15/><F31/><W21/><G21/><T106/><D106/><U39/><E76/><N who="0" m="29257" /><D58/><U46/><E46/><V25/><F25/><W22/><G22/><N who="0" m="15607" /><D42/><U73/><E73/><V123/><F123/><W97/><G56/><T122/><D122/><U0/><E0/><V120/><F120/><W111/><G41/><T74/><D74/><U128/><REACH who="1" step="1"/><E47/><REACH who="1" ten="230,260,240,250" step="2"/><V20/><F43/><W112/><G44/><T93/><D124/><U87/><E87/><V126/><F126/><W57/><G85/><T60/><D125/><U100/><E100/><V26/><F5/><W2/><G32/><T115/><D115/><U121/><E121/><V48/><F45/><W134/><G2/><T9/><D105/><U69/><E69/><V72/><F72/><W88/><G112/><T37/><D37/><AGARI ba="1,2" hai="12,18,23,36,37,39,80,84,89,116,119,128,129,130" machi="37" ten="50,9600,0" yaku="1,1,19,1,53,1" doraHai="4" doraHaiUra="8" who="1" fromWho="0" sc="230,-99,260,119,240,0,250,0" /><INIT seed="1,2,0,1,5,105" ten="131,379,240,250" oya="1" hai0="36,63,80,16,27,113,67,40,74,128,97,22,23" hai1="54,59,118,31,57,32,9,135,76,85,66,96,78" hai2="18,1,73,110,29,120,94,130,92,39,111,52,25" hai3="4,115,87,119,26,100,82,13,49,56,10,99,58"/><U70/><E118/><V71/><F120/><W133/><G133/><T91/><D113/><U101/><E135/><V75/><F1/><W102/><G115/><T88/><D128/><U86/><E9/><V65/><F39/><W34/><G119/><T33/><D36/><U72/><E72/><N who="2" m="27723" /><F18/><W84/><G100/><T124/><D40/><U50/><E59/><V131/><F52/><W93/><G49/><T77/><D124/><U12/><E12/><V64/><F71/><W44/><G44/><T114/><D114/><U126/><E126/><V104/><F104/><W5/><G5/><T127/><D127/><U60/><E78/><V132/><F132/><W24/><G84/><T38/><D38/><U62/><E62/><V20/><F94/><W83/><G83/><T108/><D33/><U14/><E14/><V35/><F92/><W17/><G17/><T95/><D108/><N who="2" m="41514" /><F35/><W11/><G34/><T55/><D55/><U106/><E76/><V122/><F122/><W2/><G93/><T37/><D37/><U116/><E116/><V21/><F21/><W69/><G69/><T107/><D107/><U90/><E90/><V7/><F7/><W61/><G4/><T109/><D109/><U8/><E8/><V79/><F79/><W125/><G11/><T46/><D46/><U68/><E70/><V45/><F45/><W117/><G10/><T48/><D48/><U51/><E51/><V0/><F0/><W134/><G2/><T123/><D123/><U47/><E47/><V42/><F42/><W6/><G125/><T98/><D91/><U41/><E41/><RYUUKYOKU ba="2,0" sc="131,-15,379,15,240,15,250,-15" hai1="31,32,50,54,57,60,66,68,85,86,96,101,106" hai2="20,25,29,64,65,130,131" /><INIT seed="1,3,0,3,0,39" ten="116,394,255,235" oya="1" hai0="1,94,100,105,67,72,91,80,74,106,124,40,114" hai1="68,58,42,24,38,19,132,60,20,81,123,75,27" hai2="96,53,52,119,9,126,64,125,30,4,57,15,98" hai3="55,76,129,50,23,62,104,78,61,97,16,107,6"/><U54/><E123/><V14/><F30/><W71/><G129/><T134/><D1/><U26/><E132/><V127/><F119/><W22/><G6/><T35/><D35/><U99/><E68/><V49/><F64/><W89/><G23/><T66/><D114/><U121/><E121/><V44/><REACH who="2" step="1"/><F14/><REACH who="2" ten="116,394,245,235" step="2"/><W21/><G107/><T88/><D67/><U82/><E27/><V25/><F25/><W95/><G104/><T28/><D66/><U135/><E26/><V46/><F46/><W10/><G71/><T131/><D28/><U0/><E0/><V116/><F116/><W32/><G32/><T45/><D131/><U34/><E34/><V48/><AGARI ba="3,1" hai="4,9,15,44,48,49,52,53,57,96,98,125,126,127" machi="48" ten="40,8000,1" yaku="1,1,0,1,18,1,54,1,53,0" doraHai="39" doraHaiUra="102" who="2" fromWho="2" sc="116,-23,394,-43,245,99,235,-23" /><INIT seed="2,0,0,5,1,118" ten="93,351,344,212" oya="2" hai0="120,134,82,29,6,62,47,19,44,60,14,99,81" hai1="13,132,21,76,17,100,96,74,69,15,4,42,59" hai2="79,11,9,16,38,22,80,49,110,113,89,63,67" hai3="30,126,78,108,24,70,115,39,46,103,84,23,93"/><V5/><F113/><W94/><G70/><T77/><D29/><U10/><E69/><V72/><F38/><W48/><G39/><T50/><D134/><U133/><E42/><V98/><F110/><W85/><G126/><T129/><D129/><U36/><E36/><V31/><F31/><W58/><G108/><T106/><D6/><U35/><E35/><V65/><F49/><W64/><G115/><T7/><D7/><U41/><E41/><V90/><F98/><W91/><G78/><T124/><D124/><U83/><REACH who="1" step="1"/><E59/><REACH who="1" ten="93,341,344,212" step="2"/><V12/><F9/><W68/><G68/><T57/><D47/><U117/><E117/><V28/><F28/><W37/><G37/><T88/><D57/><U101/><E101/><V116/><F116/><W66/><G58/><T105/><D44/><U52/><E52/><V8/><F8/><W102/><G102/><T104/><D50/><U112/><E112/><V18/><F67/><W32/><G32/><T109/><D109/><U25/><E25/><V53/><F53/><W33/><G33/><T45/><D45/><U130/><E130/><V123/><F65/><W34/><G34/><T87/><D62/><U0/><E0/><V54/><F63/><W56/><G56/><T20/><D60/><U71/><E71/><V111/><F54/><N who="3" m="29975" /><G103/><T86/><REACH who="0" step="1"/><D120/><REACH who="0" ten="83,341,344,212" step="2"/><U3/><E3/><N who="2" m="447" /><F123/><W55/><G55/><T107/><D107/><AGARI ba="0,2" hai="4,10,13,15,17,21,74,76,83,96,100,107,132,133" machi="107" ten="40,2600,0" yaku="1,1,53,1" doraHai="118" doraHaiUra="73" who="1" fromWho="0" sc="83,-26,341,46,344,0,212,0" /><INIT seed="3,0,0,0,5,132" ten="57,387,344,212" oya="3" hai0="110,7,104,51,97,71,121,83,111,126,129,80,88" hai1="86,117,23,127,15,76,107,22,133,30,49,60,135" hai2="4,21,35,13,12,6,123,55,112,84,81,59,52" hai3="31,100,106,48,99,78,119,0,19,63,109,53,125"/><W43/><G119/><T73/><D71/><U116/><E107/><V36/><F112/><W26/><G0/><T1/><D1/><U41/><E60/><V75/><F35/><W130/><G130/><T95/><D7/><U45/><E86/><V25/><F75/><W33/><G109/><N who="0" m="41483" /><D51/><U34/><E76/><V2/><F36/><W90/><G78/><N who="0" m="44111" /><D129/><U17/><E127/><V9/><F123/><W66/><G43/><T103/><D121/><U122/><E34/><V32/><F32/><W5/><G5/><T101/><D126/><U113/><E122/><V69/><F69/><N who="3" m="42207" /><G19/><T89/><D104/><U39/><E113/><V85/><F2/><W46/><G125/><T74/><D74/><U65/><E65/><V67/><F67/><W44/><G44/><T93/><D83/><U61/><E61/><V102/><F81/><W124/><G124/><T56/><D56/><U82/><E82/><V120/><F59/><W128/><G128/><T37/><D37/><U10/><E39/><V105/><F120/><W134/><G48/><T11/><D11/><U92/><E92/><V8/><F105/><W91/><G33/><T87/><AGARI ba="0,0" hai="87,88,89,93,95,97,101,103" m="44111,41483" machi="87" ten="30,7900,0" yaku="14,1,34,2,54,1" doraHai="132" who="0" fromWho="0" sc="57,79,387,-20,344,-20,212,-39" /><INIT seed="4,0,0,2,4,100" ten="136,367,324,173" oya="0" hai0="131,112,85,102,48,108,129,135,123,121,93,71,50" hai1="134,29,90,113,58,72,31,118,26,99,28,74,46" hai2="11,57,27,49,83,104,21,97,39,119,68,106,61" hai3="60,65,69,66,92,96,41,30,43,10,7,14,132"/><T25/><D71/><U47/><E118/><V42/><F119/><W53/><G132/><T94/><D25/><U8/><E134/><V82/><F39/><W125/><G125/><T56/><D135/><U95/><E113/><V52/><F11/><W124/><G124/><T78/><D112/><U80/><E72/><V64/><F42/><W59/><G30/><T101/><D56/><U126/><E126/><V84/><F97/><W54/><G54/><T1/><D1/><U12/><E74/><V44/><F68/><W103/><REACH who="3" step="1"/><G66/><REACH who="3" ten="136,367,324,163" step="2"/><T107/><D108/><U120/><E29/><V115/><F115/><W89/><G89/><T6/><D78/><U20/><E31/><V34/><F34/><W24/><G24/><T62/><D62/><AGARI ba="0,1" hai="7,10,14,41,43,53,59,60,62,65,69,92,96,103" machi="62" ten="30,2000,0" yaku="1,1,7,1,53,0" doraHai="100" doraHaiUra="128" who="3" fromWho="0" sc="136,-20,367,0,324,0,163,30" /><INIT seed="5,0,0,0,4,121" ten="116,367,324,193" oya="1" hai0="31,63,5,96,13,91,82,49,87,133,68,98,106" hai1="110,6,16,32,72,46,90,30,14,105,34,3,113" hai2="117,35,7,9,20,0,15,65,17,53,10,1,134" hai3="102,132,93,130,114,8,56,60,104,40,2,97,69"/><U76/><E105/><V119/><F65/><W44/><G114/><T47/><D133/><U83/><E113/><V115/><F115/><W52/><G130/><T86/><D31/><U89/><E46/><V73/><F73/><W129/><G129/><T103/><D68/><U100/><E100/><V70/><F70/><W92/><G132/><T112/><D112/><U39/><E39/><V84/><F134/><W24/><G24/><T109/><D63/><U78/><E78/><V62/><F84/><W80/><G80/><T51/><D98/><U12/><E12/><V41/><F41/><W85/><G85/><T61/><D61/><U22/><E110/><V27/><F62/><W120/><G120/><T79/><D51/><U118/><E34/><V48/><F48/><W71/><G71/><T42/><D87/><U55/><E55/><V33/><F53/><W107/><G107/><T123/><D123/><U99/><E99/><V23/><F119/><W58/><G58/><T111/><REACH who="0" step="1"/><D91/><REACH who="0" ten="106,367,324,193" step="2"/><U54/><E89/><V116/><F116/><W66/><G69/><T45/><D45/><U75/><E90/><V81/><F117/><W19/><G44/><T131/><D131/><U74/><E30/><N who="2" m="17791" /><F81/><W4/><G60/><T11/><AGARI ba="0,1" hai="5,11,13,42,47,49,79,82,86,96,103,106,109,111" machi="11" ten="30,12000,2" yaku="1,1,0,1,25,2,52,2,53,0" doraHai="121" doraHaiUra="126" who="0" fromWho="0" sc="106,130,367,-60,324,-30,193,-30" /><INIT seed="6,0,0,1,2,23" ten="236,307,294,163" oya="2" hai0="50,113,88,26,15,8,79,123,5,38,74,111,1" hai1="32,37,85,48,98,4,0,49,105,115,101,108,90" hai2="95,92,21,28,29,124,51,62,6,89,7,53,114" hai3="57,129,125,110,118,22,46,41,60,104,107,66,2"/><V71/><F114/><W36/><G118/><T131/><D123/><U33/><E108/><V42/><F124/><W25/><G110/><T69/><D111/><U45/><E37/><V116/><F116/><W34/><G125/><T65/><D38/><U12/><E0/><V134/><F134/><W103/><G129/><T80/><D113/><U127/><E127/><V117/><F117/><W84/><G2/><T119/><D119/><U122/><E122/><V78/><F78/><W97/><G84/><T133/><D133/><U40/><E49/><V54/><F42/><W18/><REACH who="3" step="1"/><G34/><REACH who="3" ten="236,307,294,153" step="2"/><T31/><D131/><U96/><E33/><V75/><F75/><W112/><G112/><T120/><D120/><U68/><E32/><V73/><F73/><W126/><G126/><T121/><D121/><U30/><E85/><V17/><F71/><W67/><G67/><T59/><D69/><U27/><E68/><V52/><F62/><W63/><G63/><T82/><D1/><U3/><E3/><V135/><F135/><W87/><G87/><T94/><D65/><U11/><E115/><V86/><F86/><W61/><G61/><T14/><D74/><U47/><E98/><V70/><F70/><W93/><AGARI ba="0,1" hai="18,22,25,36,41,46,57,60,66,93,97,103,104,107" machi="93" ten="20,5200,0" yaku="1,1,0,1,7,1,52,1,53,0" doraHai="23" doraHaiUra="10" who="3" fromWho="3" sc="236,-13,307,-13,294,-26,153,62" /><INIT seed="7,0,0,5,3,55" ten="223,294,268,215" oya="3" hai0="12,42,49,58,86,32,25,40,100,68,130,8,56" hai1="53,69,13,117,9,62,66,134,33,83,82,28,38" hai2="84,81,80,109,88,129,116,114,45,85,133,29,19" hai3="22,3,20,24,101,64,135,59,71,7,97,79,77"/><W48/><G135/><T87/><D68/><U92/><E38/><V119/><F109/><W65/><G3/><T34/><D100/><U16/><E134/><V67/><F133/><W5/><G71/><T104/><D104/><U6/><E33/><V132/><F132/><W35/><G35/><T61/><D34/><U131/><E28/><V89/><F29/><W98/><G48/><T27/><D32/><U76/><E131/><V31/><F129/><W17/><G17/><T95/><D130/><U123/><E123/><V108/><F108/><W127/><G127/><T23/><D27/><U125/><E125/><V11/><F31/><W73/><G73/><T124/><D124/><U78/><E92/><V106/><F106/><W18/><G22/><T30/><D95/><U60/><E60/><V122/><F122/><W2/><G2/><T1/><D1/><U115/><E115/><V99/><F114/><W15/><G98/><T41/><D49/><U43/><E43/><V50/><F99/><W52/><G79/><T120/><D120/><U14/><E53/><V51/><F67/><N who="3" m="25675" /><G77/><T126/><D126/><U118/><E78/><V26/><F51/><N who="3" m="31135" /><G24/><T4/><D61/><U121/><E121/><V39/><F39/><W57/><G57/><AGARI ba="0,0" hai="4,8,12,23,25,30,40,41,42,56,57,58,86,87" machi="57" ten="40,8000,1" yaku="8,1,52,3" doraHai="55" who="0" fromWho="3" sc="223,80,294,0,268,0,215,-80" owari="303,40.0,294,9.0,268,-13.0,135,-36.0" /></mjloggm>