<mjloggm ver="2.3"><GO type="169" lobby="0"/><UN n0="%52%35" n1="%E8%99%B9%E8%89%B2%E3%82%B8%E3%83%A7%E3%83%BC%E3%82%AB%E3%83%BC" n2="%E5%B8%B8%E5%8B%9D%EF%BC%9F%EF%BC%9F%E3%83%97%E3%83%AD" n3="%E3%81%8B%E3%81%A5%E3%81%8D%EF%BC%B8%EF%BC%A9" dan="17,16,16,16" rate="2194.60,2071.09,2182.61,2122.98" sx="M,M,M,M"/><TAIKYOKU oya="0"/><INIT seed="0,0,0,0,3,41" ten="250,250,250,250" oya="0" hai0="56,25,29,120,42,66,28,71,15,69,95,105,89" hai1="82,94,132,73,98,24,3,106,36,107,99,55,109" hai2="75,12,13,134,52,19,20,21,33,122,40,44,93" hai3="59,85,32,2,131,125,11,77,64,74,6,101,18"/><T27/><D120/><U124/><E3/><V10/><F122/><W80/><G125/><T86/><D105/><U92/><E36/><V53/><F33/><W0/><G131/><T87/><D56/><U61/><E61/><V91/><F75/><W70/><G59/><T43/><D15/><U96/><E55/><V119/><F134/><W45/><G18/><T49/><D49/><U127/><E24/><V76/><F76/><W7/><G85/><T79/><D79/><N who="1" m="44399" /><E109/><V51/><F119/><W121/><G121/><T84/><D95/><N who="1" m="36395" /><E132/><V50/><F50/><W102/><G32/><T126/><D126/><AGARI ba="0,0" hai="96,98,99,106,107,124,126,127" m="36395,44399" machi="126" ten="30,3900,0" yaku="18,1,34,2" doraHai="41" who="1" fromWho="0" sc="250,-39,250,39,250,0,250,0" /><INIT seed="1,0,0,1,3,84" ten="211,289,250,250" oya="1" hai0="103,67,73,15,129,96,5,120,2,17,105,76,37" hai1="92,113,33,62,98,133,28,51,4,108,34,30,19" hai2="102,48,91,66,42,87,8,132,10,12,109,49,97" hai3="32,89,45,88,21,57,31,75,39,69,104,130,0"/><U14/><E113/><V131/><F109/><W26/><G75/><T29/><D37/><U93/><E133/><V95/><F131/><W86/><G104/><T50/><D129/><U79/><E79/><V94/><F132/><W6/><G69/><T90/><D120/><U81/><E81/><V128/><F128/><W59/><G32/><T53/><D67/><U78/><E78/><V80/><F66/><W118/><G118/><T27/><D5/><U100/><E4/><V23/><F95/><W114/><G114/><T115/><D2/><U123/><E123/><V16/><F42/><W58/><G130/><T61/><D61/><U22/><E62/><V35/><F35/><W124/><G124/><T72/><D115/><U134/><E34/><V65/><F65/><W99/><G99/><T63/><D63/><U68/><E33/><V71/><F71/><W106/><G106/><T122/><D122/><U24/><E68/><V111/><F111/><W18/><G31/><N who="1" m="11818" /><E134/><V116/><F116/><W38/><G86/><T52/><D73/><U110/><E110/><V25/><F8/><W3/><G3/><T54/><D105/><U112/><E112/><V85/><F85/><W7/><G7/><AGARI ba="0,0" hai="7,10,12,16,23,25,48,49,80,87,91,94,97,102" machi="7" ten="30,7700,0" yaku="7,1,8,1,52,1,54,1" doraHai="84" who="2" fromWho="3" sc="211,0,289,0,250,77,250,-77" /><INIT seed="2,0,0,4,1,43" ten="211,289,327,173" oya="2" hai0="98,135,29,53,46,131,9,8,65,86,64,21,71" hai1="4,41,7,81,101,10,5,119,23,88,28,106,70" hai2="32,90,48,57,58,13,67,26,114,102,35,14,75" hai3="40,91,20,83,11,87,93,107,54,72,50,15,95"/><V120/><F114/><W134/><G107/><T110/><D110/><U49/><E70/><V111/><F75/><W2/><G72/><T18/><D131/><U105/><E119/><V59/><F120/><W79/><G2/><T73/><D73/><U52/><E41/><V133/><F102/><W115/><G40/><T27/><D135/><U130/><E130/><V66/><F133/><W128/><G128/><T47/><D98/><U25/><E101/><V68/><F68/><W63/><G63/><T37/><D37/><U132/><E132/><V92/><F111/><W122/><G122/><T69/><D53/><U76/><E76/><V112/><F112/><W126/><G126/><T82/><D71/><U60/><E60/><V55/><F32/><W116/><G116/><T103/><D103/><U45/><REACH who="1" step="1"/><E10/><REACH who="1" ten="211,279,327,173" step="2"/><N who="0" m="4201" /><D69/><U109/><E109/><V62/><F67/><N who="0" m="25674" /><D29/><U56/><E56/><V118/><F59/><W100/><G115/><T36/><D36/><U39/><E39/><V108/><F118/><W74/><G134/><T30/><D30/><U12/><E12/><V121/><F121/><W113/><G113/><T84/><D84/><AGARI ba="0,1" hai="4,5,7,23,25,28,45,49,52,81,84,88,105,106" machi="84" ten="40,8000,1" yaku="1,1,52,1,54,2,53,1" doraHai="43" doraHaiUra="17" who="1" fromWho="0" sc="211,-80,279,90,327,0,173,0" /><INIT seed="3,0,0,5,0,4" ten="131,369,327,173" oya="3" hai0="40,116,90,66,20,96,81,41,49,14,101,98,28" hai1="35,55,123,94,3,97,115,114,26,52,11,129,58" hai2="65,19,54,2,21,111,6,107,17,61,39,135,25" hai3="71,95,53,75,24,63,134,122,33,105,99,130,18"/><W57/><G105/><T10/><D116/><U37/><E123/><V83/><F107/><W133/><G122/><T60/><D28/><U113/><E37/><V23/><F39/><W106/><G106/><T64/><D20/><U128/><E35/><V69/><F135/><W30/><G75/><T47/><D41/><U31/><E26/><V77/><F111/><W38/><G38/><T27/><D27/><U73/><E31/><V15/><F2/><W42/><G42/><T76/><D90/><U89/><E73/><V48/><F6/><W86/><G86/><T84/><D101/><U131/><E58/><V103/><F103/><W50/><G130/><T119/><D119/><U56/><E56/><V44/><F83/><W126/><G18/><T45/><D45/><U43/><E43/><V87/><F87/><W1/><G126/><T46/><D46/><U120/><E120/><V112/><F77/><W104/><G104/><T51/><D51/><U59/><E59/><V82/><F82/><W93/><G1/><T5/><D66/><U29/><E29/><V67/><F112/><W68/><G95/><T125/><D125/><U8/><E3/><V78/><F78/><W12/><G12/><T13/><D14/><U34/><E34/><V132/><F67/><N who="3" m="41087" /><G71/><AGARI ba="0,0" hai="5,10,13,40,47,49,60,64,71,76,81,84,96,98" machi="71" ten="30,7700,0" yaku="7,1,25,2,52,1" doraHai="4" who="0" fromWho="3" sc="131,77,369,0,327,0,173,-77" /><INIT seed="4,0,0,3,1,133" ten="208,369,327,96" oya="0" hai0="87,66,106,24,47,54,41,21,34,118,116,26,91" hai1="85,68,83,74,65,115,7,64,61,102,108,112,45" hai2="122,70,32,40,109,30,105,57,78,53,48,130,56" hai3="49,46,50,79,59,29,20,134,60,1,107,92,11"/><T9/><D106/><U12/><E108/><V42/><F109/><W110/><G134/><T0/><D66/><U44/><E65/><V77/><F70/><W99/><G107/><T123/><D123/><U8/><E102/><V113/><F105/><W124/><G79/><T126/><D54/><U88/><REACH who="1" step="1"/><E74/><REACH who="1" ten="208,359,327,96" step="2"/><V119/><F122/><W131/><G110/><T52/><D116/><U43/><E43/><V86/><F42/><W28/><G131/><T71/><D118/><U62/><E62/><V39/><F40/><W120/><G120/><T81/><D41/><U98/><E98/><V58/><F119/><W100/><G60/><T10/><D52/><U63/><E63/><V80/><F130/><W13/><G50/><T125/><D71/><U128/><E128/><V82/><F48/><W73/><G49/><T104/><D104/><U95/><E95/><V6/><F53/><W36/><G73/><T16/><D47/><AGARI ba="0,1" hai="7,8,12,44,45,47,61,64,68,83,85,88,112,115" machi="47" ten="40,2600,0" yaku="1,1,54,1,53,0" doraHai="133" doraHaiUra="33" who="1" fromWho="0" sc="208,-26,359,36,327,0,96,0" /><INIT seed="5,0,0,3,3,69" ten="182,395,327,96" oya="1" hai0="119,60,61,83,124,71,10,125,77,65,117,62,12" hai1="27,114,80,134,67,121,17,38,116,33,72,5,57" hai2="127,129,48,126,34,15,98,31,1,82,32,88,3" hai3="56,19,18,92,120,23,47,36,54,50,130,104,97"/><U101/><E114/><V9/><F48/><W26/><G104/><T122/><D12/><U7/><E121/><V86/><F129/><W43/><G130/><T42/><D10/><U131/><E116/><N who="0" m="44617" /><D83/><U74/><E101/><V51/><F98/><W29/><REACH who="3" step="1"/><G120/><REACH who="3" ten="182,395,327,86" step="2"/><T76/><D122/><U37/><E131/><V96/><F127/><N who="0" m="48714" /><D42/><U55/><E74/><V49/><F126/><W105/><G105/><T133/><D133/><U39/><E134/><V4/><F3/><W64/><G64/><N who="0" m="41351" /><D62/><U73/><E73/><V2/><F1/><W84/><G84/><T44/><D44/><U106/><E106/><V91/><F2/><W53/><G53/><T128/><D128/><U89/><E67/><V35/><F31/><W79/><G79/><T16/><D76/><U123/><E123/><V59/><F86/><W111/><G111/><T93/><D77/><U68/><E72/><V90/><F96/><W135/><G135/><T41/><D41/><U11/><E55/><V30/><F30/><W24/><G24/><T25/><D61/><U66/><E27/><V8/><F82/><W109/><G109/><T103/><D65/><U95/><E80/><V113/><F113/><W13/><G13/><T85/><D85/><U112/><E112/><V87/><F87/><W115/><G115/><T63/><D63/><U132/><E132/><V100/><F15/><W6/><G6/><T81/><D81/><U107/><E66/><V118/><F4/><W94/><G94/><T102/><D93/><U110/><E95/><V22/><F118/><W21/><G21/><AGARI ba="0,1" hai="16,21,25,102,103" m="41351,48714,44617" machi="21" ten="30,2000,0" yaku="18,1,54,1" doraHai="69" who="0" fromWho="3" sc="182,30,395,0,327,0,86,-20" /><INIT seed="6,0,0,0,3,135" ten="212,395,327,66" oya="2" hai0="33,94,93,21,59,117,24,112,42,27,134,121,5" hai1="115,100,106,11,46,84,61,50,18,91,2,26,81" hai2="70,1,109,129,104,34,68,118,47,75,62,56,79" hai3="10,20,98,86,89,57,67,36,51,14,4,23,113"/><V58/><F104/><W9/><G36/><T17/><D121/><U110/><E110/><V114/><F34/><W76/><G76/><T99/><D112/><U95/><E115/><V73/><F1/><W116/><G116/><T119/><D134/><U120/><E120/><V64/><F73/><W37/><G37/><T133/><D133/><U74/><E106/><V6/><F75/><W63/><G98/><T130/><D42/><U3/><E61/><V102/><F102/><W49/><G113/><T25/><D130/><U65/><E65/><N who="2" m="39111" /><F6/><W87/><G87/><T72/><D72/><U13/><E26/><V96/><F96/><W55/><G10/><T40/><D5/><U48/><E48/><V66/><F79/><W7/><G49/><T38/><D59/><U80/><E100/><V22/><F114/><W128/><G128/><T52/><D33/><U77/><E95/><V0/><F129/><W85/><G85/><T54/><D94/><U103/><E103/><V43/><F0/><W131/><G4/><T19/><D93/><U108/><E108/><V60/><F22/><W125/><G131/><T41/><D21/><U88/><E91/><V12/><F12/><W8/><G8/><T29/><D99/><U32/><E32/><V82/><F109/><W126/><G20/><T16/><D38/><U44/><E44/><V111/><F111/><W105/><G23/><T92/><D92/><U127/><E3/><V123/><F123/><W53/><G105/><T78/><D78/><U30/><E2/><V35/><F35/><W90/><G7/><T97/><D97/><RYUUKYOKU ba="0,0" sc="212,0,395,0,327,0,66,0" /><INIT seed="7,1,0,1,5,103" ten="212,395,327,66" oya="3" hai0="6,90,54,56,81,44,8,123,40,102,69,18,35" hai1="1,128,49,21,127,38,131,57,70,37,74,101,121" hai2="52,47,78,82,100,132,46,64,12,62,125,51,130" hai3="22,94,84,113,99,83,43,2,29,33,118,16,66"/><W11/><G113/><T10/><D123/><U24/><E70/><V48/><F132/><W19/><G118/><T75/><D69/><U9/><E121/><V111/><F125/><W112/><G112/><T67/><D35/><U17/><E74/><V129/><F100/><W15/><G66/><T126/><D67/><U117/><E127/><V36/><F12/><W45/><G33/><T134/><D134/><U3/><E101/><V135/><F135/><W108/><G108/><T53/><D90/><U119/><E49/><N who="2" m="28727" /><F82/><W20/><G2/><N who="1" m="522" /><E57/><N who="2" m="36943" /><F78/><W27/><G45/><T42/><D18/><U107/><E107/><V30/><F30/><W133/><G43/><T77/><D10/><U106/><E106/><V41/><F111/><W104/><G104/><T58/><D102/><U98/><E9/><V89/><F89/><N who="3" m="55759" /><G133/><T0/><D42/><U105/><E119/><V65/><F65/><W91/><G20/><T124/><D56/><U115/><E117/><V88/><F88/><W76/><G91/><T95/><D95/><U110/><E110/><V61/><F61/><W71/><G71/><T86/><D86/><U93/><E105/><V32/><F32/><W109/><G109/><T97/><D97/><U31/><E115/><V96/><F96/><W39/><G39/><N who="1" m="14858" /><E98/><V4/><F4/><AGARI ba="1,0" hai="4,11,15,16,19,22,27,29,76,83,84" m="55759" machi="4" ten="30,2900,0" yaku="8,1,54,1" doraHai="103" who="3" fromWho="2" sc="212,0,395,0,327,-32,66,32" /><INIT seed="7,2,0,2,5,28" ten="212,395,295,98" oya="3" hai0="84,22,63,61,121,125,57,118,65,20,82,42,68" hai1="9,72,73,50,67,114,33,133,36,0,110,123,13" hai2="49,77,90,98,103,96,80,70,58,102,101,124,104" hai3="51,64,32,53,62,5,129,18,87,109,116,27,31"/><W100/><G116/><T120/><D125/><U93/><E36/><V6/><F70/><W130/><G5/><T126/><D126/><U69/><E33/><V106/><F6/><W89/><G100/><T119/><D42/><U11/><E110/><V59/><F124/><W115/><G115/><T55/><D22/><U12/><E114/><V16/><F49/><W2/><G2/><T48/><D20/><U112/><E123/><V122/><F122/><W134/><G18/><T34/><D34/><U47/><E93/><V83/><F58/><W21/><G21/><T39/><D39/><U105/><E50/><V40/><F59/><W24/><G24/><T74/><D74/><U128/><E47/><V44/><F44/><W86/><G134/><T132/><D132/><U45/><E45/><V46/><F46/><N who="3" m="27895" /><G109/><T14/><D14/><U113/><E13/><V76/><F16/><W66/><G87/><T41/><D82/><N who="2" m="31274" /><F40/><W19/><G19/><T56/><D84/><U54/><E12/><V91/><F103/><W38/><G38/><T43/><D43/><U131/><E9/><V3/><F3/><W4/><G4/><T30/><D30/><U79/><E11/><V85/><F85/><W135/><G135/><T37/><D37/><U1/><E133/><V117/><F117/><N who="0" m="44554" /><D41/><U25/><E0/><V8/><F8/><W95/><G62/><T52/><AGARI ba="2,0" hai="48,52,55,56,57,61,63,65,68,120,121" m="44554" machi="52" ten="30,4000,0" yaku="34,2,54,1" doraHai="28" who="0" fromWho="0" sc="212,46,395,-12,295,-12,98,-22" owari="258,-14.0,383,48.0,283,8.0,76,-42.0" /></mjloggm>