<mjloggm ver="2.3"><GO type="169" lobby="0"/><UN n0="%E3%81%8F%E3%82%8D%E3%82%80%EF%BC%81" n1="%E3%81%94%E3%82%8B%E3%81%A3" n2="%E3%81%82%E3%81%9F%E3%81%8B%E3%81%AA" n3="%E7%99%BD%E8%89%B2%E3%81%AE%E6%B0%B4" dan="17,16,17,16" rate="2223.19,2129.08,2149.61,2094.11" sx="F,M,M,M"/><TAIKYOKU oya="0"/><INIT seed="0,0,0,2,4,44" ten="250,250,250,250" oya="0" hai0="74,8,70,134,115,12,81,20,29,131,52,14,85" hai1="76,36,0,27,59,89,31,61,95,83,71,93,48" hai2="11,7,135,22,1,102,35,90,119,82,118,30,51" hai3="41,67,123,49,94,62,16,2,53,105,19,126,40"/><T133/><D115/><U57/><E36/><V124/><F102/><W108/><G105/><T43/><D74/><U24/><E0/><V114/><F114/><W73/><G2/><T69/><D43/><U127/><E127/><V10/><F124/><W98/><G73/><T110/><D131/><U129/><E129/><V21/><F82/><W54/><G126/><T26/><D110/><U103/><E71/><V72/><F90/><W38/><G108/><T58/><D69/><U45/><E103/><V92/><F92/><W86/><G86/><T60/><D70/><U113/><E113/><V87/><F87/><W17/><G38/><T80/><D14/><U25/><E31/><V107/><F107/><W125/><G125/><T6/><REACH who="0" step="1"/><D81/><REACH who="0" ten="240,250,250,250" step="2"/><U78/><E83/><V100/><F72/><W15/><G15/><T66/><D66/><U3/><E3/><V130/><F1/><W91/><G123/><T34/><D34/><U116/><E116/><V128/><F35/><W112/><G112/><T56/><D56/><U109/><E59/><V79/><F128/><W55/><REACH who="3" step="1"/><G49/><REACH who="3" ten="240,250,250,240" step="2"/><T50/><D50/><U68/><E109/><V37/><F51/><W99/><G99/><T111/><D111/><U65/><E48/><V5/><F130/><W96/><G96/><T18/><D18/><U9/><E57/><AGARI ba="0,2" hai="16,17,19,40,41,53,54,55,57,62,67,91,94,98" machi="57" ten="40,8000,1" yaku="1,1,8,1,54,1,53,1" doraHai="44" doraHaiUra="84" who="3" fromWho="1" sc="240,0,250,-80,250,0,240,100" /><INIT seed="1,0,0,4,2,1" ten="240,170,250,340" oya="1" hai0="109,29,17,122,83,56,52,107,82,66,40,37,27" hai1="9,46,48,73,116,89,106,70,98,15,55,11,85" hai2="90,91,120,33,104,124,14,60,130,71,54,16,6" hai3="42,59,101,30,8,10,88,45,20,65,19,61,49"/><U108/><E116/><V13/><F120/><W4/><G30/><T36/><D107/><U123/><E123/><V93/><F33/><W132/><G101/><T50/><D122/><U134/><E73/><V26/><F104/><W94/><G132/><T39/><D109/><U53/><E134/><V24/><F124/><W22/><G19/><T2/><D2/><U84/><E70/><V75/><F75/><W131/><G10/><T118/><D118/><U135/><E135/><V38/><F38/><W57/><G57/><T58/><D40/><U103/><E108/><V23/><F130/><W68/><G68/><T51/><D17/><U79/><E79/><V110/><F90/><W80/><G80/><T47/><D66/><U125/><E125/><V5/><F110/><W99/><G131/><T44/><D56/><U35/><E35/><V105/><F105/><W81/><G81/><T96/><D96/><U41/><E11/><N who="2" m="4335" /><F6/><W7/><G7/><T112/><D112/><U117/><E117/><V21/><F21/><W64/><G64/><T28/><D28/><U113/><E113/><V76/><F76/><W32/><G32/><T133/><D133/><U97/><E97/><N who="2" m="57535" /><F71/><W128/><G128/><T92/><D92/><U72/><E72/><V12/><F26/><W115/><G115/><T34/><D58/><AGARI ba="0,0" hai="12,14,16,23,24,54,58,60" m="57535,4335" machi="58" ten="30,7700,0" yaku="25,1,8,1,52,1,54,1" doraHai="1" who="2" fromWho="0" sc="240,-77,170,0,250,77,340,0" /><INIT seed="2,0,0,3,2,46" ten="163,170,327,340" oya="2" hai0="19,25,62,99,47,97,102,73,68,31,103,85,110" hai1="123,37,101,104,54,61,132,29,12,56,106,113,131" hai2="32,108,14,69,58,70,94,127,20,107,18,59,11" hai3="112,22,74,38,45,8,24,17,7,28,3,125,48"/><V66/><F107/><W2/><G112/><T88/><D73/><U90/><E113/><V23/><F32/><W78/><G125/><T82/><D110/><U92/><E131/><V1/><F127/><W89/><G89/><T124/><D124/><U9/><E132/><V36/><F36/><W129/><G129/><T5/><D5/><U77/><E37/><V53/><F108/><W87/><G38/><T84/><D19/><U51/><E123/><V115/><F115/><W67/><G67/><T79/><D68/><U91/><E77/><V39/><F39/><W65/><G65/><T109/><D62/><U114/><E114/><V55/><F66/><W118/><G118/><T126/><D109/><U80/><E29/><V135/><F94/><W105/><G105/><T72/><D47/><U83/><E90/><V35/><F35/><W75/><G3/><T33/><D126/><U4/><E104/><V27/><F23/><W42/><REACH who="3" step="1"/><G28/><REACH who="3" ten="163,170,327,330" step="2"/><T130/><D130/><U95/><E106/><V40/><F1/><W15/><G15/><T49/><D102/><U16/><E101/><V76/><F135/><W41/><G41/><T71/><D103/><U100/><E4/><N who="2" m="3431" /><F40/><W98/><G98/><T50/><D97/><N who="1" m="59455" /><E61/><N who="2" m="36047" /><F76/><W119/><G119/><T81/><D99/><AGARI ba="0,1" hai="9,12,16,51,54,56,80,83,91,92,99" m="59455" machi="99" ten="30,3900,0" yaku="8,1,52,1,54,1" doraHai="46" who="1" fromWho="0" sc="163,-39,170,49,327,0,330,0" /><INIT seed="3,0,0,3,1,34" ten="124,219,327,330" oya="3" hai0="63,27,33,125,72,46,4,21,97,59,70,61,38" hai1="40,18,5,26,31,41,49,103,107,115,130,98,48" hai2="20,90,96,86,65,105,51,93,80,16,82,133,92" hai3="85,68,106,118,7,39,43,95,54,1,10,77,24"/><W108/><G118/><T109/><D72/><U55/><E115/><V99/><F133/><W76/><G106/><T135/><D135/><U14/><E130/><V19/><F105/><W35/><G68/><T3/><D33/><U129/><E129/><V131/><F131/><W30/><G108/><T87/><D109/><U0/><E48/><V91/><F65/><W22/><G35/><T117/><D117/><U12/><E26/><V83/><F51/><W62/><G62/><T116/><D116/><U128/><E31/><V126/><F126/><W2/><G54/><T9/><D125/><U75/><E75/><V44/><F44/><W122/><G122/><T52/><D87/><U110/><E110/><V28/><F86/><W79/><G95/><T111/><D111/><U73/><E73/><V50/><F50/><W36/><G85/><T47/><D97/><U78/><E78/><V57/><F57/><W69/><G69/><T120/><D38/><U127/><E127/><V6/><F6/><W17/><G43/><T100/><D100/><U53/><E53/><V29/><F19/><W113/><G113/><T8/><D8/><N who="1" m="2087" /><E14/><AGARI ba="0,0" hai="14,16,20,28,29,80,82,83,90,91,92,93,96,99" machi="14" ten="40,5200,0" yaku="9,1,8,1,54,1" doraHai="34" who="2" fromWho="1" sc="124,0,219,-52,327,52,330,0" /><INIT seed="4,0,0,4,0,88" ten="124,167,379,330" oya="0" hai0="37,59,61,106,134,125,128,36,78,93,87,38,119" hai1="35,22,23,5,115,18,94,40,21,104,111,69,127" hai2="45,16,49,56,7,66,52,32,3,48,95,17,53" hai3="73,8,34,47,72,51,65,130,57,124,70,33,113"/><T102/><D119/><U109/><E104/><V14/><F32/><W89/><G70/><T13/><D128/><U126/><E69/><V116/><F116/><W100/><G100/><T0/><D0/><U114/><E40/><V110/><F110/><N who="1" m="41993" /><E94/><V42/><F3/><W54/><G130/><T79/><D106/><U96/><E96/><V29/><F29/><W121/><G8/><T64/><D125/><N who="1" m="47627" /><E35/><V97/><F66/><W43/><G34/><T67/><D134/><U112/><E5/><V50/><F7/><W105/><G33/><T20/><D67/><U135/><E135/><V86/><F14/><AGARI ba="0,0" hai="14,18,21,22,23,112,114,115" m="47627,41993" machi="14" ten="40,8000,1" yaku="15,1,11,1,18,1,34,2" doraHai="88" who="1" fromWho="2" sc="124,0,167,80,379,-80,330,0" /><INIT seed="5,0,0,5,0,4" ten="124,247,299,330" oya="1" hai0="133,29,26,62,90,41,22,49,33,87,101,47,127" hai1="23,99,6,37,86,115,34,92,44,74,84,9,42" hai2="75,108,82,0,78,119,7,66,80,70,98,5,123" hai3="130,97,111,109,96,121,45,85,71,72,73,35,65"/><U54/><E115/><V76/><F119/><W128/><G121/><T51/><D127/><U50/><E34/><V102/><F123/><W12/><G35/><T134/><D101/><U88/><E74/><N who="3" m="28778" /><G45/><T110/><D110/><N who="3" m="41993" /><G12/><T63/><D33/><U55/><E23/><V77/><F108/><W105/><G65/><T122/><D122/><U67/><E67/><V19/><F19/><W64/><G64/><T114/><D114/><U39/><E39/><V56/><F70/><W132/><G71/><T15/><D51/><U14/><REACH who="1" step="1"/><E55/><REACH who="1" ten="124,237,299,330" step="2"/><V118/><F66/><W46/><G130/><T69/><D69/><U94/><E94/><V116/><F116/><W135/><G128/><T100/><D133/><U25/><E25/><V21/><F118/><W95/><G105/><T18/><D134/><N who="3" m="51241" /><G46/><AGARI ba="0,1" hai="6,9,14,37,42,44,46,50,54,84,86,88,92,99" machi="46" ten="30,11600,0" yaku="1,1,7,1,52,1,54,1,53,0" doraHai="4" doraHaiUra="32" who="1" fromWho="3" sc="124,0,237,126,299,0,330,-116" /><INIT seed="5,1,0,1,2,58" ten="124,363,299,214" oya="1" hai0="134,128,110,97,23,79,92,33,37,12,30,45,14" hai1="123,85,72,131,8,44,24,74,2,84,78,19,62" hai2="0,38,64,40,26,112,133,100,56,94,16,101,41" hai3="63,55,132,71,80,93,54,119,50,52,61,105,25"/><U31/><E123/><V96/><F133/><W65/><G105/><T34/><D110/><U4/><E131/><V29/><F0/><W135/><G80/><T102/><D134/><N who="3" m="51241" /><G119/><T11/><D128/><U36/><E19/><V116/><F116/><W103/><G25/><T98/><D79/><U127/><E127/><V13/><F101/><W68/><G93/><T91/><D37/><U86/><E78/><V70/><F70/><N who="3" m="26667" /><G103/><T75/><D45/><U48/><E36/><V121/><F112/><W51/><G65/><T28/><D75/><U77/><E77/><V15/><F38/><W46/><G54/><T107/><D30/><U73/><E24/><V76/><F76/><W106/><G106/><T66/><D66/><U88/><E31/><V83/><F83/><W5/><G5/><T20/><D14/><U49/><E88/><V6/><F15/><W118/><G118/><T111/><D111/><U125/><E72/><V60/><F6/><W18/><G18/><T120/><D28/><U122/><E73/><V113/><F113/><W17/><G17/><T32/><REACH who="0" step="1"/><D120/><REACH who="0" ten="114,363,299,214" step="2"/><U126/><E74/><V81/><F121/><W3/><G3/><T27/><D27/><U42/><E122/><V1/><F1/><W10/><G10/><T124/><D124/><U82/><E125/><V130/><F130/><W87/><G87/><T22/><D22/><U90/><E126/><V115/><F115/><W109/><G109/><T117/><D117/><U53/><E85/><V89/><F26/><W35/><G35/><T95/><D95/><U21/><E84/><N who="2" m="50319" /><F29/><W39/><G39/><RYUUKYOKU ba="1,1" sc="114,10,363,-30,299,10,214,10" hai0="11,12,20,23,32,33,34,91,92,97,98,102,107" hai2="13,16,40,41,56,60,64,94,96,100" hai3="46,50,51,52,55,61,63" /><INIT seed="6,2,1,4,0,134" ten="124,333,309,224" oya="2" hai0="47,21,34,99,111,122,78,54,76,58,98,71,40" hai1="26,20,37,105,28,39,80,131,82,94,112,10,32" hai2="79,46,7,119,19,133,2,57,115,100,56,55,31" hai3="22,0,50,101,41,15,83,85,6,33,129,127,72"/><V74/><F119/><W43/><G72/><T30/><D111/><U66/><E105/><V63/><F133/><W4/><G129/><T48/><D122/><U16/><E131/><V68/><F115/><W109/><G127/><T59/><D34/><U128/><E128/><V117/><F117/><W104/><G109/><T84/><D71/><U70/><E112/><V65/><F31/><W130/><G130/><T95/><D58/><U44/><E94/><V64/><F100/><W116/><G116/><T12/><D84/><U53/><E10/><V49/><F19/><W45/><G33/><T88/><D98/><U5/><E5/><V75/><F79/><W103/><G104/><T77/><D12/><U61/><E39/><V52/><F7/><N who="3" m="2603" /><G41/><T62/><REACH who="0" step="1"/><D77/><REACH who="0" ten="114,333,309,224" step="2"/><U67/><E70/><V97/><F97/><W106/><G0/><T125/><D125/><U81/><E32/><V38/><F2/><W132/><G132/><T27/><AGARI ba="2,2" hai="21,27,30,40,47,48,54,59,62,76,78,88,95,99" machi="27" ten="30,8000,1" yaku="1,1,0,1,8,1,54,1,53,1" doraHai="134" doraHaiUra="91" who="0" fromWho="0" sc="114,106,333,-22,309,-42,224,-22" /><INIT seed="7,0,0,1,1,79" ten="220,311,267,202" oya="3" hai0="125,50,108,21,76,77,51,106,102,98,63,31,57" hai1="62,64,54,49,30,58,67,71,12,123,84,61,7" hai2="18,19,73,100,68,86,1,109,25,134,107,80,132" hai3="74,59,96,39,23,40,36,60,92,29,20,83,133"/><W52/><G133/><N who="2" m="51305" /><F1/><W44/><G39/><T41/><D108/><U103/><E123/><V38/><F109/><W115/><G115/><T53/><D125/><U120/><E120/><V11/><F68/><W113/><G113/><T9/><D51/><U4/><E103/><V94/><F107/><W14/><G29/><T35/><D35/><U48/><E30/><V15/><F38/><W104/><G104/><T26/><D9/><N who="1" m="4159" /><E4/><N who="2" m="3559" /><F73/><W55/><G55/><T0/><D0/><U33/><E33/><V47/><F47/><W82/><G74/><T95/><D106/><U17/><E71/><V22/><F94/><W34/><G34/><T13/><D13/><U85/><E17/><N who="2" m="12495" /><F100/><W32/><G32/><T97/><D97/><U81/><E84/><V91/><AGARI ba="0,0" hai="18,19,80,86,91" m="12495,3559,51305" machi="91" ten="30,2000,0" yaku="20,1,52,1" doraHai="79" who="2" fromWho="2" sc="220,-5,311,-5,267,20,202,-10" owari="215,-18.0,306,40.0,287,9.0,192,-31.0" /></mjloggm>