<mjloggm ver="2.3"><GO type="169" lobby="0"/><UN n0="%E3%82%89%E3%81%BE%E3%81%98%E3%82%83%E3%82%93%E3%81%93%E3%81%86" n1="%E3%81%B2%E3%81%BF%E3%81%A6%E3%82%93" n2="%E3%81%8F%E3%82%89%E3%81%92%E3%81%92" n3="%6B%69%72%61%72%69%79%75" dan="16,16,16,16" rate="2133.10,2097.30,2118.93,2096.25" sx="M,M,M,M"/><TAIKYOKU oya="0"/><INIT seed="0,0,0,0,2,50" ten="250,250,250,250" oya="0" hai0="18,3,33,45,110,134,114,28,133,14,125,26,104" hai1="126,63,43,108,15,46,54,23,66,96,36,41,40" hai2="90,69,47,75,0,64,57,81,52,71,98,8,9" hai3="10,113,20,51,132,116,72,27,95,80,118,62,56"/><T76/><D104/><U97/><E15/><V106/><F64/><W35/><G35/><T111/><D76/><U12/><E12/><V117/><F47/><W93/><G113/><T7/><D45/><U37/><E23/><V48/><F117/><W13/><G51/><T99/><D99/><U32/><E32/><V68/><F75/><W89/><G132/><N who="0" m="50795" /><D114/><U74/><E74/><V39/><F39/><N who="1" m="14921" /><E97/><V1/><F81/><W53/><G72/><T22/><D125/><U88/><E88/><V25/><F25/><W29/><G118/><T73/><D73/><U94/><E94/><V102/><REACH who="2" step="1"/><F90/><REACH who="2" ten="250,250,240,250" step="2"/><W16/><G116/><T11/><AGARI ba="0,1" hai="3,7,11,14,18,22,26,28,33,110,111" m="50795" machi="11" ten="40,12000,1" yaku="24,1,20,1,34,2" doraHai="50" who="0" fromWho="0" sc="250,130,250,-40,240,-40,250,-40" /><INIT seed="0,1,0,5,4,12" ten="380,210,200,210" oya="0" hai0="96,90,37,67,1,119,108,97,45,50,14,22,68" hai1="129,83,99,28,59,79,128,127,4,102,57,98,27" hai2="11,31,36,134,55,131,10,107,77,60,53,0,38" hai3="3,15,123,43,111,71,30,133,89,42,20,33,69"/><T7/><D119/><U44/><E4/><V117/><F107/><W32/><G123/><T13/><D37/><U120/><E120/><V76/><F117/><W19/><G3/><T41/><D108/><U116/><E116/><V56/><F0/><W135/><G111/><T21/><D1/><U74/><E44/><V124/><F124/><W17/><G89/><T66/><D68/><U48/><E127/><V23/><F56/><N who="1" m="21577" /><E48/><V100/><F100/><W106/><G106/><T26/><D22/><N who="1" m="15479" /><E102/><V101/><F101/><W39/><G39/><T112/><D112/><U64/><E64/><N who="0" m="24617" /><D90/><U62/><E62/><V35/><F23/><N who="3" m="11711" /><G43/><T73/><D73/><U65/><E65/><V121/><F121/><W103/><G42/><T125/><D125/><U105/><E105/><V6/><F6/><W132/><G103/><T18/><D7/><U82/><E82/><V113/><F60/><W91/><G91/><T92/><D92/><U25/><E25/><V85/><F35/><N who="3" m="13387" /><G30/><N who="0" m="17743" /><D13/><AGARI ba="1,0" hai="13,19,20,69,71,132,133,135" m="13387,11711" machi="13" ten="40,5200,0" yaku="20,1,52,2" doraHai="12" who="3" fromWho="0" sc="380,-55,210,0,200,0,210,55" /><INIT seed="1,0,0,5,5,12" ten="325,210,200,265" oya="1" hai0="102,104,18,103,46,8,109,112,127,114,135,115,62" hai1="81,100,45,22,26,59,55,14,1,5,65,68,24" hai2="76,83,33,70,121,92,48,86,51,39,43,2,20" hai3="23,4,95,122,28,111,132,29,40,96,53,97,123"/><U99/><E68/><V93/><F33/><W134/><G40/><T37/><D109/><U42/><E65/><V77/><F39/><W131/><G111/><T52/><D127/><U17/><E81/><V110/><F121/><W67/><G67/><T54/><D135/><U88/><E1/><V105/><F105/><W60/><G131/><T10/><D10/><U85/><E5/><V126/><F2/><W75/><G75/><T15/><D104/><U87/><E100/><V9/><F70/><W78/><G78/><T116/><D116/><U56/><E56/><V30/><F126/><W80/><G80/><T89/><D89/><U98/><E45/><V74/><F77/><W84/><G84/><N who="1" m="32330" /><E42/><V41/><F74/><W69/><G4/><T133/><D133/><U90/><E26/><V34/><F34/><W113/><G113/><T82/><D82/><U79/><E24/><V44/><F30/><W25/><G29/><T61/><D37/><U108/><E108/><V91/><F9/><W130/><G130/><T118/><D118/><U50/><E79/><V7/><F7/><W72/><G72/><T73/><D73/><U94/><E94/><V125/><F125/><W128/><G128/><T57/><D46/><U58/><E58/><AGARI ba="0,0" hai="8,15,18,52,54,57,58,61,62,102,103,112,114,115" machi="58" ten="40,5200,0" yaku="9,1,52,1,54,1" doraHai="12" who="0" fromWho="1" sc="325,52,210,-52,200,0,265,0" /><INIT seed="2,0,0,5,5,7" ten="377,158,200,265" oya="2" hai0="51,99,50,66,12,126,1,107,89,135,70,115,20" hai1="23,59,116,108,2,118,82,14,3,49,16,36,83" hai2="64,33,129,43,78,71,17,4,102,134,122,6,58" hai3="72,39,80,18,119,85,96,32,98,125,91,25,88"/><V15/><F122/><W5/><G119/><T123/><D115/><U48/><E108/><V8/><F134/><W84/><G39/><T73/><D73/><U19/><E36/><V121/><F121/><W56/><G5/><T120/><D1/><U79/><E14/><V86/><F71/><W117/><G125/><T30/><D126/><U34/><E23/><V95/><F33/><W65/><G72/><T60/><D135/><U133/><E59/><V130/><F43/><W46/><G46/><T38/><D38/><U63/><E34/><V29/><F29/><W74/><G74/><T27/><D12/><U94/><E94/><V53/><F64/><W61/><G117/><T69/><D69/><U131/><E63/><V104/><F104/><W105/><G105/><T128/><D128/><U92/><E92/><V77/><F6/><W103/><G103/><T100/><D89/><U124/><E133/><V109/><F4/><W45/><G45/><T110/><D110/><U35/><E35/><V24/><F24/><W75/><G75/><T47/><REACH who="0" step="1"/><D51/><REACH who="0" ten="367,158,200,265" step="2"/><U54/><E124/><V62/><F109/><W55/><G91/><T81/><D81/><U93/><E131/><N who="2" m="50187" /><F102/><W127/><G80/><T41/><AGARI ba="0,1" hai="20,27,30,41,47,50,60,66,70,99,100,107,120,123" machi="41" ten="20,2700,0" yaku="1,1,0,1,7,1,53,0" doraHai="7" doraHaiUra="90" who="0" fromWho="0" sc="367,37,158,-7,200,-13,265,-7" /><INIT seed="3,0,0,4,5,122" ten="404,151,187,258" oya="3" hai0="130,33,123,93,25,113,108,115,79,52,19,114,5" hai1="59,131,49,39,1,98,101,86,47,23,100,13,112" hai2="107,35,16,4,126,54,74,71,45,125,81,7,46" hai3="61,14,69,80,18,91,72,42,53,20,121,26,31"/><W70/><G121/><T43/><D123/><U21/><E1/><V34/><F107/><W44/><G53/><T109/><D130/><U133/><E131/><V60/><F74/><W62/><G70/><T106/><D106/><U67/><E112/><V102/><F81/><W66/><G62/><T63/><D43/><U24/><E39/><V58/><F71/><W38/><G72/><T82/><D5/><U129/><E129/><V85/><F85/><W97/><G80/><T94/><D63/><N who="1" m="38399" /><E133/><V110/><F60/><W105/><G105/><T88/><D52/><N who="1" m="29759" /><E86/><V32/><F54/><W111/><G97/><N who="0" m="57511" /><D94/><U75/><E75/><V68/><F68/><W120/><G120/><T90/><D90/><U124/><E124/><V73/><F35/><W50/><G91/><T12/><D82/><U78/><E78/><V28/><F73/><W119/><G38/><T92/><D92/><U40/><E40/><V11/><F58/><W132/><G132/><T83/><D83/><U41/><E41/><V65/><F65/><W127/><G127/><T15/><D79/><U9/><E98/><V30/><F11/><W118/><G42/><T89/><D89/><U55/><E55/><V96/><F96/><W104/><G104/><T10/><D12/><U36/><E36/><V2/><F2/><W48/><G69/><T51/><D51/><U87/><E87/><V116/><F102/><N who="1" m="39529" /><E24/><V84/><F84/><W0/><G0/><T3/><D3/><U27/><E27/><V77/><F77/><W76/><G76/><T57/><D57/><U103/><N who="1" m="39537" /><U135/><DORA hai="37" /><E135/><RYUUKYOKU ba="0,0" sc="404,15,151,15,187,-15,258,-15" hai0="10,15,19,25,33,108,109,113,114,115" hai1="9,13,21,23" /><INIT seed="4,1,0,0,5,40" ten="419,166,172,243" oya="0" hai0="95,74,31,37,91,63,94,93,78,110,11,45,86" hai1="60,1,41,0,113,81,96,134,32,111,106,58,24" hai2="21,120,10,77,102,42,87,51,62,28,5,75,56" hai3="34,17,3,108,109,55,30,43,29,7,19,20,121"/><T119/><D119/><U125/><E111/><N who="3" m="42570" /><G43/><T49/><D37/><U69/><E113/><V23/><F75/><W48/><G48/><T80/><D110/><U132/><E125/><V124/><F120/><W115/><G55/><T65/><D31/><N who="3" m="11785" /><G121/><T59/><REACH who="0" step="1"/><D11/><REACH who="0" ten="409,166,172,243" step="2"/><U112/><E112/><V71/><F28/><W44/><G115/><T67/><D67/><U88/><E32/><V100/><F124/><W16/><G34/><T54/><AGARI ba="1,1" hai="45,49,54,59,63,65,74,78,80,86,91,93,94,95" machi="54" ten="20,7800,0" yaku="1,1,0,1,7,1,52,1,53,0" doraHai="40" doraHaiUra="122" who="0" fromWho="0" sc="409,91,166,-27,172,-27,243,-27" /><INIT seed="4,2,0,3,0,105" ten="500,139,145,216" oya="0" hai0="18,41,92,135,1,54,99,40,7,101,117,104,125" hai1="81,123,119,79,130,47,64,121,108,34,114,10,35" hai2="96,76,36,134,70,9,49,59,85,8,65,17,22" hai3="89,80,51,120,45,128,3,29,84,78,75,16,52"/><T58/><D117/><U61/><E119/><V131/><F36/><W109/><G109/><T67/><D67/><U86/><E108/><V115/><F115/><W31/><G3/><T57/><D57/><U20/><E130/><V25/><F131/><W28/><G128/><T27/><D1/><U60/><E114/><V11/><F70/><W46/><G120/><T100/><D7/><U39/><E10/><V98/><F134/><W113/><G113/><T122/><D125/><U5/><E5/><V44/><F76/><W133/><G133/><T91/><D122/><U87/><E20/><V82/><F59/><W112/><G112/><T42/><D104/><U118/><E118/><V23/><F65/><W88/><G45/><T116/><D116/><U2/><E2/><V15/><F85/><W74/><REACH who="3" step="1"/><G16/><REACH who="3" ten="500,139,145,206" step="2"/><T132/><D132/><U127/><E123/><V55/><REACH who="2" step="1"/><F82/><REACH who="2" ten="500,139,135,206" step="2"/><W6/><G6/><T107/><D135/><U90/><E81/><V33/><F33/><W4/><G4/><T77/><D77/><U50/><E79/><V21/><F21/><W72/><AGARI ba="2,2" hai="28,29,31,46,51,52,72,74,75,78,80,84,88,89" machi="72" ten="40,12000,2" yaku="1,1,0,1,52,3,54,2,53,0" doraHai="105" doraHaiUra="68" who="3" fromWho="3" sc="500,-62,139,-32,135,-32,206,146" /><INIT seed="5,0,0,3,1,2" ten="438,107,103,352" oya="1" hai0="97,119,100,11,66,79,92,8,37,102,24,103,62" hai1="12,89,122,114,20,57,10,40,39,116,111,69,53" hai2="13,98,106,60,127,86,132,65,129,15,43,131,36" hai3="30,134,118,47,64,117,1,26,56,49,17,67,44"/><U112/><E122/><V28/><F86/><W42/><G1/><T99/><D37/><U105/><E105/><V135/><F43/><N who="3" m="24735" /><G17/><T50/><D119/><N who="3" m="45577" /><G134/><N who="2" m="51241" /><F36/><N who="3" m="21959" /><G56/><N who="0" m="37191" /><D79/><U0/><E116/><V133/><N who="2" m="51249" /><V107/><DORA hai="72" /><F28/><W121/><G121/><T90/><D99/><U120/><E120/><V32/><F32/><AGARI ba="0,0" hai="26,30,32,64,67" m="21959,45577,24735" machi="32" ten="30,1000,0" yaku="12,1" doraHai="2,72" who="3" fromWho="2" sc="438,0,107,0,103,-10,352,10" /><INIT seed="6,0,0,5,1,12" ten="438,107,93,362" oya="2" hai0="111,24,63,30,49,86,13,107,20,67,18,16,17" hai1="124,51,104,130,135,72,6,8,79,73,45,50,52" hai2="122,97,38,128,78,40,121,37,71,64,9,114,74" hai3="120,125,56,10,59,117,113,65,53,76,31,126,32"/><V99/><F114/><W57/><G117/><T101/><D111/><U84/><E135/><V115/><F115/><W89/><G113/><T133/><D133/><U14/><E130/><V60/><F128/><W96/><G120/><T118/><D118/><U87/><E124/><V42/><F9/><W34/><G76/><T36/><D36/><U43/><E104/><V28/><F28/><W131/><G131/><T75/><D75/><U23/><E23/><V127/><F78/><W29/><G65/><T41/><D86/><U44/><E87/><V85/><F85/><W15/><G53/><T102/><D107/><U33/><E33/><V66/><F60/><W112/><G112/><T62/><D13/><U106/><E106/><V25/><F25/><W61/><G61/><N who="0" m="23051" /><D67/><U82/><AGARI ba="0,0" hai="6,8,14,43,44,45,50,51,52,72,73,79,82,84" machi="82" ten="30,7900,0" yaku="0,1,25,2,54,1" doraHai="12" who="1" fromWho="1" sc="438,-20,107,79,93,-39,362,-20" /><INIT seed="7,0,0,3,2,114" ten="418,186,54,342" oya="3" hai0="8,111,1,16,67,132,84,78,133,56,64,119,77" hai1="41,48,6,49,29,25,108,3,39,21,121,54,70" hai2="127,7,123,58,96,130,35,94,109,13,75,82,97" hai3="113,43,86,124,83,88,12,17,74,45,28,37,59"/><W9/><G113/><T125/><D111/><U33/><E121/><V4/><F35/><W27/><G124/><T24/><D125/><U107/><E107/><V134/><F127/><W61/><G74/><T57/><D119/><U60/><E108/><V62/><F109/><W100/><G100/><T126/><D126/><U2/><E6/><V87/><F75/><W90/><G86/><T42/><D42/><U19/><E49/><V32/><F32/><W18/><G18/><T20/><D1/><U47/><E29/><V104/><F104/><W116/><G116/><T91/><D8/><U38/><E38/><V66/><F123/><W118/><G83/><N who="0" m="49567" /><D133/><U99/><E99/><V112/><F97/><W89/><G118/><T103/><D103/><U73/><E73/><V115/><F134/><W5/><G5/><T71/><D71/><U80/><E80/><V53/><F115/><W40/><G43/><T120/><D120/><U46/><E33/><V95/><F95/><W23/><REACH who="3" step="1"/><G90/><REACH who="3" ten="418,186,54,332" step="2"/><T69/><D132/><U22/><E22/><V10/><F112/><W98/><G98/><T55/><D69/><U110/><E110/><V26/><F4/><W79/><G79/><N who="0" m="30219" /><D57/><U122/><E122/><V50/><F87/><W135/><G135/><T93/><D93/><U51/><E39/><V30/><F82/><W31/><G31/><T101/><D101/><U68/><E60/><AGARI ba="0,1" hai="16,20,24,55,56,60,64,67" m="30219,49567" machi="60" ten="30,2000,0" yaku="8,1,54,1" doraHai="114" who="0" fromWho="1" sc="418,30,186,-20,54,0,332,0" owari="448,55.0,166,-23.0,54,-45.0,332,13.0" /></mjloggm>