<mjloggm ver="2.3"><GO type="225" lobby="0"/><UN n0="%E6%AF%9B%E8%8D%92%E3%82%8C%E3%83%BB%E3%82%B9%E3%83%9F%E3%82%B9" n1="%E3%81%95%E3%81%8F%E3%82%89%E3%81%93" n2="%E3%83%9D%E3%82%A4%E3%83%B3%E3%83%88%E9%82%84%E5%85%83" n3="%E3%81%99%E3%81%84%E3%81%BE%E3%81%9B%E3%83%BC%E3%82%93" dan="16,16,16,17" rate="2172.30,2157.31,2109.78,2155.95" sx="F,M,M,M"/><TAIKYOKU oya="0"/><INIT seed="0,0,0,4,3,72" ten="250,250,250,250" oya="0" hai0="21,110,125,94,54,50,121,113,66,130,108,89,36" hai1="90,102,123,107,5,132,134,61,111,74,67,45,40" hai2="126,16,76,12,88,63,103,52,48,34,46,60,91" hai3="101,2,128,35,99,28,118,109,77,6,114,64,87"/><T20/><D113/><U92/><E123/><V26/><F126/><W93/><G114/><T1/><D121/><U18/><E111/><N who="0" m="42537" /><D36/><U84/><E5/><V127/><F127/><W7/><G118/><T79/><D125/><U49/><E74/><V19/><F103/><W71/><G128/><T97/><D1/><U80/><E18/><V59/><F76/><W73/><G73/><T106/><D130/><U81/><E107/><V10/><F63/><W25/><G2/><T43/><D43/><U9/><E9/><V133/><F133/><N who="1" m="51305" /><E102/><V62/><F62/><W22/><G35/><T85/><D66/><U33/><E33/><V96/><F96/><W39/><G39/><T120/><D120/><U13/><E13/><V112/><F112/><W58/><G71/><AGARI ba="0,0" hai="40,45,49,61,67,71,80,81,84,90,92" m="51305" machi="71" ten="30,1000,0" yaku="20,1" doraHai="72" who="1" fromWho="3" sc="250,0,250,10,250,0,250,-10" /><INIT seed="1,0,0,3,2,92" ten="250,260,250,240" oya="1" hai0="125,54,117,60,82,58,55,126,70,81,46,89,134" hai1="8,108,100,75,36,34,91,97,22,61,44,20,68" hai2="107,25,59,99,13,115,93,40,94,69,113,101,48" hai3="10,29,12,112,102,120,43,7,62,42,87,80,41"/><U111/><E75/><V52/><F40/><W65/><G120/><T76/><D117/><U14/><E34/><V106/><F69/><W51/><G112/><N who="2" m="43081" /><F25/><W37/><G37/><T26/><D134/><U110/><E91/><V103/><F13/><W98/><G29/><T122/><D122/><U0/><E0/><V131/><F131/><W78/><G51/><N who="0" m="29047" /><D70/><U109/><N who="1" m="27648" /><DORA hai="9" /><U24/><E24/><V130/><F130/><W127/><G127/><N who="0" m="48651" /><D76/><U64/><E44/><V45/><F45/><W114/><G114/><T83/><D26/><U90/><E90/><AGARI ba="0,0" hai="55,58,60,81,82,83,89,90" m="48651,29047" machi="90" ten="30,1000,0" yaku="18,1" doraHai="92,9" who="0" fromWho="1" sc="250,10,260,-10,250,0,240,0" /><INIT seed="2,0,0,5,3,110" ten="260,250,250,240" oya="2" hai0="67,39,103,82,33,128,2,5,85,60,80,131,90" hai1="124,55,116,95,127,126,0,120,32,100,56,37,12" hai2="1,93,62,64,133,10,97,29,18,73,135,134,123" hai3="19,68,129,6,77,130,31,52,61,7,53,102,13"/><V63/><F123/><W22/><G77/><T30/><D39/><U113/><E0/><V28/><F73/><W111/><G111/><T89/><D103/><U99/><E116/><V88/><F63/><W51/><G102/><T25/><D5/><N who="3" m="1545" /><G31/><T50/><D2/><U42/><E32/><V81/><F81/><W75/><G75/><T23/><D50/><N who="1" m="30839" /><E120/><V49/><F49/><W71/><G53/><T109/><D109/><U106/><E12/><N who="2" m="7447" /><F1/><W36/><G61/><T47/><D47/><N who="1" m="24015" /><E113/><V26/><F26/><W132/><G132/><T41/><D41/><U78/><E78/><V24/><F24/><W121/><G36/><T70/><D33/><U65/><E65/><V14/><F14/><W9/><G9/><T96/><D96/><U54/><E54/><V57/><AGARI ba="0,0" hai="28,29,57,62,64,88,93,97,133,134,135" m="7447" machi="57" ten="30,3000,0" yaku="20,1,54,1" doraHai="110" who="2" fromWho="2" sc="260,-10,250,-10,250,30,240,-10" /><INIT seed="2,1,0,5,0,53" ten="250,240,280,230" oya="2" hai0="11,5,102,57,28,134,70,24,0,25,128,17,95" hai1="104,34,115,3,32,127,103,45,121,56,110,47,23" hai2="46,89,126,93,43,1,51,124,52,50,119,130,14" hai3="38,63,75,85,27,132,16,117,33,65,73,49,61"/><V96/><F1/><W122/><G122/><T68/><D128/><U64/><E115/><V41/><F119/><W72/><G117/><T107/><D107/><U82/><E3/><V36/><F130/><W113/><G38/><T120/><D120/><U59/><E121/><V21/><F36/><W88/><G113/><T83/><D134/><U71/><E23/><V9/><F21/><W12/><G132/><T7/><D5/><U125/><E110/><V58/><REACH who="2" step="1"/><F43/><REACH who="2" ten="250,240,270,230" step="2"/><W42/><G42/><T87/><D0/><U109/><E109/><V35/><F35/><W86/><G33/><T48/><D11/><U31/><E32/><V123/><F123/><W54/><G75/><T76/><D25/><U6/><E34/><V20/><F20/><W60/><G73/><T77/><D24/><U69/><E31/><V105/><F105/><W18/><G72/><T29/><D28/><U97/><E104/><V10/><F10/><N who="3" m="6167" /><G27/><T67/><D29/><U39/><E39/><V79/><F79/><W30/><G30/><T101/><D76/><U81/><E125/><V116/><F116/><W37/><G37/><T26/><D26/><U80/><E127/><V8/><F8/><W129/><G129/><T78/><D77/><U44/><E6/><AGARI ba="1,1" hai="6,9,14,41,46,50,51,52,58,89,93,96,124,126" machi="6" ten="40,7700,0" yaku="1,1,52,1,54,1,53,0" doraHai="53" doraHaiUra="114" who="2" fromWho="1" sc="250,0,240,-80,270,90,230,0" /><INIT seed="2,2,0,4,5,121" ten="250,160,360,230" oya="2" hai0="68,4,128,5,34,27,109,112,81,13,114,0,92" hai1="33,106,8,63,94,16,95,89,49,132,102,18,38" hai2="99,87,88,118,117,119,71,55,72,103,82,97,116" hai3="108,127,3,21,58,50,28,84,135,26,98,14,126"/><V11/><F71/><W70/><G70/><T39/><D39/><U12/><E38/><V101/><F118/><W10/><G135/><T77/><D68/><U23/><E132/><V129/><F55/><N who="3" m="32119" /><G98/><N who="2" m="37385" /><F11/><W62/><G62/><T52/><D128/><U83/><E33/><V20/><F20/><W59/><G59/><T32/><D109/><U6/><E106/><V93/><F129/><W51/><G84/><T47/><D92/><U107/><E107/><V74/><F82/><W9/><G51/><T40/><D0/><U113/><E113/><V131/><F131/><W43/><G43/><T41/><D41/><U53/><E63/><V123/><F123/><W133/><G10/><N who="0" m="4295" /><D52/><U69/><E102/><AGARI ba="2,0" hai="72,74,87,88,93,101,102,103,116,117,119" m="37385" machi="102" ten="40,7700,0" yaku="34,2,54,1" doraHai="121" who="2" fromWho="1" sc="250,0,160,-83,360,83,230,0" /><INIT seed="2,3,0,3,5,9" ten="250,77,443,230" oya="2" hai0="43,62,44,112,17,53,25,0,96,1,127,88,50" hai1="27,134,69,75,47,108,67,15,79,82,106,29,109" hai2="16,120,102,74,124,91,103,73,42,99,94,18,63" hai3="11,58,111,33,14,55,118,135,61,48,54,128,132"/><V2/><F120/><W19/><G118/><T115/><D127/><U34/><E106/><V60/><F2/><W41/><G128/><T57/><D0/><U121/><E121/><V126/><F42/><W46/><G111/><T113/><D1/><U119/><E119/><V56/><F91/><W64/><REACH who="3" step="1"/><G33/><REACH who="3" ten="250,77,443,220" step="2"/><T85/><D115/><U45/><E134/><AGARI ba="3,1" hai="11,14,19,41,46,48,54,55,58,61,64,132,134,135" machi="134" ten="40,8000,1" yaku="1,1,2,1,20,1,52,1,53,1" doraHai="9" doraHaiUra="4" who="3" fromWho="1" sc="250,0,77,-89,443,0,220,99" owari="250,-15.0,-12,-51.0,443,54.0,319,12.0" /></mjloggm>