<mjloggm ver="2.3"><GO type="169" lobby="0"/><UN n0="%E9%AB%98%E6%A9%8B%E6%B7%B3" n1="%4E%55%44%41" n2="%E6%98%8E%E6%97%A5%E3%81%AE%E3%82%86%E3%81%8F%E3%81%88" n3="%4B%6F%74%61%38%31%36" dan="16,17,17,16" rate="2143.61,2172.36,2194.27,2136.50" sx="M,M,M,M"/><TAIKYOKU oya="0"/><INIT seed="0,0,0,3,1,132" ten="250,250,250,250" oya="0" hai0="26,50,107,73,10,64,11,89,71,82,47,90,130" hai1="65,45,36,27,32,119,19,91,7,53,105,63,30" hai2="97,39,122,20,106,92,76,110,108,12,84,112,49" hai3="25,13,22,3,54,34,79,9,46,83,98,40,15"/><T23/><D107/><U88/><E119/><V75/><F39/><W4/><G98/><T94/><D130/><U77/><E105/><V38/><F38/><W5/><G54/><T28/><D71/><U134/><E134/><V99/><F49/><W121/><G34/><T128/><D64/><U51/><E7/><V111/><F20/><W2/><G121/><T118/><D118/><U131/><E131/><V126/><F12/><W33/><G33/><T70/><D70/><U42/><E19/><V113/><F122/><W8/><G25/><T18/><D128/><U109/><E77/><V133/><F133/><W93/><G93/><T86/><D28/><U56/><REACH who="1" step="1"/><E109/><REACH who="1" ten="250,240,250,250" step="2"/><V67/><F67/><W123/><G123/><T127/><D18/><U58/><AGARI ba="0,1" hai="27,30,32,36,42,45,51,53,56,58,63,65,88,91" machi="58" ten="20,8000,1" yaku="1,1,2,1,0,1,7,1,54,1,53,0" doraHai="132" doraHaiUra="16" who="1" fromWho="1" sc="250,-40,240,90,250,-20,250,-20" /><INIT seed="1,0,0,2,0,104" ten="210,330,230,230" oya="1" hai0="100,26,5,1,125,75,74,134,107,29,8,22,92" hai1="54,18,34,14,114,80,17,117,90,86,128,112,124" hai2="94,71,41,25,77,101,15,89,21,95,59,39,133" hai3="19,106,121,129,31,11,96,2,109,40,69,9,103"/><U58/><E117/><V130/><F71/><W120/><G109/><T32/><D125/><U102/><E34/><V4/><F130/><W70/><G129/><T111/><D111/><U113/><E128/><V82/><F133/><W61/><G40/><T30/><D134/><U132/><E132/><V48/><F39/><W6/><G19/><T43/><D92/><U127/><E102/><V38/><F38/><W49/><G49/><T110/><D110/><U123/><E123/><V45/><F101/><W35/><G11/><T105/><D43/><U46/><E18/><V42/><F42/><W83/><G83/><T10/><D10/><N who="1" m="6359" /><E58/><V50/><F89/><W131/><G70/><T93/><D93/><U135/><E135/><V98/><F98/><W68/><G68/><T119/><D119/><U24/><E24/><V51/><F95/><W67/><G131/><T76/><D76/><U12/><E12/><V63/><F94/><W52/><G52/><T73/><REACH who="0" step="1"/><D100/><REACH who="0" ten="200,330,230,230" step="2"/><U115/><E115/><V85/><F4/><W91/><G91/><T72/><N who="0" m="18432" /><DORA hai="44" /><T66/><D66/><U64/><E64/><N who="2" m="39039" /><F15/><W108/><G108/><T0/><D0/><U16/><E124/><V126/><F126/><W37/><G120/><T28/><D28/><AGARI ba="0,1" hai="21,25,28,41,45,48,50,51,77,82,85" m="39039" machi="28" ten="30,7700,0" yaku="8,1,52,3" doraHai="104,44" who="2" fromWho="0" sc="200,-77,330,0,230,87,230,0" /><INIT seed="2,0,0,4,3,39" ten="123,330,317,230" oya="2" hai0="23,75,71,115,81,57,35,133,87,44,113,38,97" hai1="102,93,132,59,61,104,118,17,107,101,64,84,130" hai2="50,29,78,53,48,98,117,52,51,21,125,41,90" hai3="73,65,103,8,16,7,135,89,91,31,45,128,123"/><V111/><F117/><W58/><G73/><T34/><D71/><U69/><E118/><V77/><F125/><W30/><G123/><T54/><D75/><U13/><E132/><V14/><F111/><W0/><G128/><T100/><D133/><U55/><E130/><V121/><F121/><W33/><G103/><T27/><D35/><U4/><E4/><V49/><F98/><W119/><G119/><T26/><D34/><U56/><E69/><V85/><F29/><W9/><G31/><T40/><D26/><U74/><E74/><V70/><F70/><W68/><G68/><T88/><D23/><N who="1" m="11695" /><E104/><V32/><F32/><W18/><G30/><T46/><D27/><U19/><E19/><N who="2" m="10487" /><F53/><W95/><G33/><T36/><D36/><U15/><E15/><V80/><F41/><W106/><G106/><T129/><D129/><U66/><E107/><V126/><F126/><W43/><G9/><T24/><D24/><U11/><E11/><V63/><F63/><W134/><G134/><T2/><D2/><U131/><E131/><V67/><F67/><N who="1" m="25641" /><E59/><AGARI ba="0,0" hai="48,49,50,51,52,59,77,78,80,85,90" m="10487" machi="59" ten="30,2900,0" yaku="8,1,54,1" doraHai="39" who="2" fromWho="1" sc="123,0,330,-29,317,29,230,0" /><INIT seed="2,1,0,1,0,2" ten="123,301,346,230" oya="2" hai0="105,70,15,55,36,131,116,102,87,108,37,23,95" hai1="63,1,97,53,117,64,50,28,69,14,48,4,75" hai2="66,22,61,68,58,134,27,39,121,17,109,29,129" hai3="84,124,130,67,132,96,34,82,94,91,120,44,83"/><V59/><F121/><W92/><G34/><T32/><D32/><U21/><E117/><V62/><F129/><W107/><G67/><T16/><D131/><U20/><E75/><V88/><F134/><W78/><G130/><T45/><D70/><U46/><E1/><V71/><F39/><W43/><G120/><T5/><D108/><U52/><E28/><V100/><F109/><W65/><G65/><T111/><D111/><U85/><E97/><V113/><F113/><W112/><G44/><T33/><D33/><U6/><E85/><V118/><F118/><W47/><G47/><T38/><BYE who="3" /><D105/><U26/><E14/><V90/><F100/><W51/><G51/><T3/><D116/><U106/><E106/><V72/><F72/><W18/><G18/><T77/><D77/><U110/><E110/><V81/><F29/><W123/><G123/><T98/><D87/><UN n3="%4B%6F%74%61%38%31%36" /><U73/><E73/><V99/><F81/><W13/><G13/><T24/><D3/><U76/><E76/><V12/><F12/><W9/><G107/><T10/><REACH who="0" step="1"/><D55/><REACH who="0" ten="113,301,346,230" step="2"/><U93/><E69/><V57/><F99/><W126/><G96/><T133/><D133/><U125/><E53/><V89/><REACH who="2" step="1"/><F71/><REACH who="2" ten="113,301,336,230" step="2"/><W41/><G132/><T30/><D30/><U115/><E115/><V42/><F42/><AGARI ba="1,2" hai="5,10,15,16,23,24,36,37,38,42,45,95,98,102" machi="42" ten="40,5200,0" yaku="1,1,52,1,54,1,53,0" doraHai="2" doraHaiUra="49" who="0" fromWho="2" sc="113,75,301,0,336,-55,230,0" /><INIT seed="3,0,0,0,0,8" ten="188,301,281,230" oya="3" hai0="27,91,115,134,126,15,63,5,105,56,59,88,107" hai1="17,67,14,4,135,51,46,55,99,133,22,53,28" hai2="23,26,116,104,6,38,12,13,49,54,119,84,18" hai3="29,50,82,30,41,57,58,128,106,31,118,32,121"/><W66/><G66/><BYE who="3" /><UN n3="%4B%6F%74%61%38%31%36" /><T112/><D27/><U1/><E67/><V131/><F38/><W90/><G106/><N who="0" m="40459" /><D134/><N who="1" m="51211" /><E99/><V39/><F39/><W98/><G118/><T19/><D5/><U85/><E28/><V87/><F104/><W83/><G121/><T78/><D78/><U89/><E4/><V120/><F120/><W37/><G37/><T117/><D117/><U92/><E1/><V75/><F75/><W110/><G32/><T61/><D126/><U10/><E10/><N who="2" m="4183" /><F131/><W60/><G128/><T69/><D69/><U79/><E79/><V108/><F108/><W125/><G125/><T80/><D80/><U0/><E0/><V40/><F119/><W73/><G110/><T76/><D76/><U11/><E11/><N who="2" m="6463" /><F40/><AGARI ba="0,0" hai="14,17,22,40,46,51,53,55,85,89,92" m="51211" machi="40" ten="30,2000,0" yaku="20,1,52,1" doraHai="8" who="1" fromWho="2" sc="188,0,301,20,281,-20,230,0" /><INIT seed="4,0,0,2,0,67" ten="188,321,261,230" oya="0" hai0="3,15,87,10,95,56,39,13,98,80,81,116,76" hai1="66,123,11,69,112,59,22,17,1,57,86,25,20" hai2="47,88,132,0,91,55,84,107,50,4,34,63,106" hai3="8,97,135,102,124,27,49,65,45,96,14,74,6"/><T60/><D39/><U99/><E123/><V2/><F34/><W82/><G124/><T36/><D36/><U12/><E1/><V16/><F132/><W105/><G135/><T77/><D116/><U125/><E125/><V119/><F119/><W100/><G27/><T28/><D28/><U71/><E112/><V64/><F91/><W111/><G111/><T130/><D130/><U61/><E22/><V52/><F55/><W129/><G65/><T31/><D31/><U104/><E86/><V134/><F134/><W101/><G129/><T117/><D117/><U89/><E59/><V43/><F43/><W21/><G21/><T40/><D40/><U30/><REACH who="1" step="1"/><E89/><REACH who="1" ten="188,311,261,230" step="2"/><V29/><F29/><W133/><G133/><T83/><D3/><U24/><E24/><V114/><F114/><W44/><G74/><T78/><D87/><U62/><E62/><V53/><F0/><W35/><G35/><T118/><D118/><U73/><E73/><V113/><F113/><W131/><G14/><T68/><D10/><U128/><E128/><V127/><F127/><W85/><G85/><T126/><D126/><U115/><E115/><V19/><F88/><W94/><G8/><T9/><D9/><U58/><E58/><N who="2" m="35279" /><F84/><W33/><G33/><T48/><D68/><U90/><E90/><V110/><F110/><W46/><G97/><T121/><D121/><U122/><E122/><V5/><F2/><W26/><G96/><T92/><D98/><U72/><E72/><V23/><F23/><W109/><G131/><T7/><D60/><U32/><E32/><V38/><F64/><RYUUKYOKU ba="0,1" sc="188,-10,311,30,261,-10,230,-10" hai1="11,12,17,20,25,30,57,61,66,69,71,99,104" /><INIT seed="5,1,1,1,4,76" ten="178,341,251,220" oya="1" hai0="45,126,94,63,77,131,93,114,58,55,99,85,56" hai1="69,90,27,67,15,108,70,83,127,43,37,5,66" hai2="6,11,48,62,71,8,115,89,103,13,120,110,17" hai3="41,87,74,97,102,61,68,7,101,19,46,104,14"/><U53/><E127/><V113/><F110/><W128/><G74/><T3/><D126/><U65/><E108/><V52/><F120/><W91/><G128/><T24/><D131/><U60/><E27/><V21/><F103/><W23/><G101/><T96/><D3/><U135/><E135/><V50/><F50/><W92/><G7/><T64/><D45/><U18/><E5/><V111/><F111/><W105/><G61/><T121/><D121/><U39/><E53/><V119/><F119/><W98/><G68/><T106/><D106/><U32/><E32/><V82/><F62/><W134/><G97/><T47/><D47/><U118/><E118/><V57/><F71/><W81/><REACH who="3" step="1"/><G134/><REACH who="3" ten="178,341,251,210" step="2"/><T42/><D99/><U88/><E69/><V95/><F6/><W0/><G0/><T130/><D130/><U75/><E60/><V124/><F124/><W112/><G112/><N who="2" m="43081" /><F82/><W129/><G129/><T10/><D114/><U40/><E70/><V22/><F8/><W28/><G28/><T33/><D10/><U31/><E31/><V38/><F38/><AGARI ba="1,2" hai="14,19,23,38,41,46,81,87,91,92,98,102,104,105" machi="38" ten="30,3900,0" yaku="1,1,7,1,52,1,53,0" doraHai="76" doraHaiUra="30" who="3" fromWho="2" sc="178,0,341,0,251,-42,210,62" /><INIT seed="6,0,0,1,0,104" ten="178,341,209,272" oya="2" hai0="53,8,68,65,101,54,77,23,27,4,109,16,73" hai1="78,21,93,87,130,72,67,91,61,106,52,135,90" hai2="12,51,107,47,125,41,13,2,128,75,6,9,69" hai3="24,43,96,127,1,118,29,31,15,64,133,57,81"/><V110/><F128/><W117/><G1/><T37/><D109/><U74/><E106/><V131/><F131/><W0/><G0/><T92/><D37/><U123/><E130/><V70/><F110/><W85/><G133/><T38/><D38/><U114/><E135/><V105/><F125/><W28/><G43/><T49/><D65/><U33/><E33/><V80/><F107/><W42/><G42/><T129/><D68/><U3/><E3/><V82/><F105/><W40/><G40/><T103/><D129/><U25/><E78/><V95/><F95/><W89/><G127/><T83/><D92/><U76/><E76/><V94/><F94/><W50/><G15/><T22/><D22/><U121/><E91/><V99/><F99/><W59/><G96/><T5/><D53/><U55/><E114/><V100/><F100/><W20/><G117/><T44/><REACH who="0" step="1"/><D4/><REACH who="0" ten="168,341,209,272" step="2"/><U84/><E55/><V46/><F70/><W122/><G64/><T97/><D97/><U56/><E67/><V26/><F69/><W112/><G20/><T88/><D88/><U98/><E98/><V58/><F41/><W120/><G89/><T113/><D113/><U102/><E102/><V79/><F6/><W14/><G112/><T10/><D10/><U116/><E116/><V60/><F9/><W86/><G118/><T39/><D39/><U134/><E134/><V11/><F11/><W119/><G119/><T115/><D115/><U32/><E32/><V18/><F82/><W48/><G81/><T132/><D132/><U108/><E108/><V34/><F80/><W17/><G120/><RYUUKYOKU ba="0,1" sc="168,30,341,-10,209,-10,272,-10" hai0="5,8,16,23,27,44,49,54,73,77,83,101,103" /><INIT seed="7,1,1,3,0,70" ten="198,331,199,262" oya="3" hai0="57,92,16,46,23,77,121,98,31,96,79,88,71" hai1="54,83,106,120,28,20,32,47,105,25,14,64,3" hai2="18,102,85,22,90,101,24,34,26,115,62,36,109" hai3="107,86,114,55,131,43,66,100,75,7,61,30,58"/><W21/><G75/><T33/><D71/><U87/><E120/><V9/><F109/><W74/><G74/><T127/><D121/><U49/><E3/><V95/><F115/><W122/><G122/><T133/><D33/><U73/><E73/><V17/><F36/><W84/><G114/><T37/><D31/><U134/><E134/><V82/><F34/><W110/><G131/><T15/><D133/><U129/><E129/><V56/><F82/><W130/><G130/><T38/><D127/><U19/><E64/><V103/><F9/><W72/><G72/><T80/><D46/><U10/><E10/><V39/><F39/><W11/><G43/><T53/><D96/><U99/><E99/><V117/><F117/><W42/><G42/><T128/><D128/><U65/><E65/><V118/><F118/><W132/><G100/><T91/><D38/><U41/><E54/><N who="2" m="34071" /><F17/><W111/><G107/><T29/><D29/><U1/><E1/><V119/><F119/><W40/><G132/><T8/><D8/><U112/><E112/><V45/><F45/><W5/><G11/><T52/><D37/><U68/><E68/><V6/><F6/><W125/><G5/><T27/><D15/><AGARI ba="1,1" hai="15,18,22,24,26,85,90,95,101,102,103" m="34071" machi="15" ten="30,1000,0" yaku="8,1" doraHai="70" who="2" fromWho="0" sc="198,-13,331,0,199,23,262,0" owari="185,-31.0,331,43.0,222,-18.0,262,6.0" /></mjloggm>