<mjloggm ver="2.3"><GO type="225" lobby="0"/><UN n0="%E5%8D%A0%E3%81%84%E5%B8%AB%E8%A3%8F%E3%81%AA%E3%81%84%E3%81%97" n1="%E5%B2%B8%E6%98%8E%E6%97%A5%E9%A6%99" n2="%E5%85%94%E6%96%AF%E5%9F%BA" n3="%E9%B3%B3%E6%9D%B1%E3%81%AE%E3%81%86%E3%81%95%E3%81%8E%E3%81%95%E3%82%93" dan="16,16,17,17" rate="2211.07,2167.25,2195.43,2179.18" sx="M,M,M,M"/><TAIKYOKU oya="0"/><INIT seed="0,0,0,0,5,109" ten="250,250,250,250" oya="0" hai0="98,2,104,121,125,19,128,114,5,101,116,106,33" hai1="78,83,108,34,69,17,22,66,95,64,40,26,20" hai2="53,46,129,127,10,9,65,88,118,120,93,36,48" hai3="24,113,100,71,47,0,35,16,131,30,111,79,110"/><T105/><D116/><U97/><E108/><N who="3" m="41514" /><G71/><T3/><D121/><U76/><E34/><V51/><F120/><W134/><G79/><T39/><D128/><U92/><E40/><V117/><F36/><W74/><G74/><T55/><D125/><U72/><E76/><V70/><F127/><W28/><G100/><T4/><D55/><U49/><E49/><V6/><F51/><W87/><G87/><T73/><D19/><U102/><E69/><V115/><F129/><W90/><G90/><T75/><D105/><U99/><REACH who="1" step="1"/><E20/><REACH who="1" ten="250,240,250,250" step="2"/><V85/><F118/><W68/><G35/><T13/><D33/><U52/><E52/><V43/><F53/><W123/><G68/><T91/><D39/><U60/><E60/><V107/><F117/><W112/><G131/><T50/><D50/><U32/><E32/><V81/><F70/><W132/><G123/><T29/><D75/><U57/><E57/><V37/><F37/><W27/><G47/><T130/><D73/><U56/><E56/><V80/><F43/><W38/><G38/><T12/><D130/><U135/><E135/><V133/><F133/><W61/><G61/><T58/><D58/><U84/><E84/><V82/><F48/><W41/><G41/><T67/><D67/><U15/><E15/><V23/><F65/><W86/><G86/><T1/><D12/><U59/><E59/><V122/><F46/><W25/><G134/><T62/><D13/><U77/><E77/><V126/><F85/><W8/><G132/><T124/><D62/><U96/><E96/><V14/><F14/><N who="3" m="7239" /><G0/><T45/><D2/><RYUUKYOKU ba="0,1" sc="250,-15,240,15,250,-15,250,15" hai1="17,22,26,64,66,72,78,83,92,95,97,99,102" hai3="24,25,27,28,30,112,113" /><INIT seed="1,1,1,3,2,125" ten="235,255,235,265" oya="1" hai0="75,69,91,19,73,21,71,118,109,115,110,59,88" hai1="41,123,60,14,86,31,126,47,67,117,89,84,99" hai2="30,26,79,97,95,135,45,82,74,76,65,18,113" hai3="54,6,5,68,33,128,7,20,63,2,52,64,134"/><U103/><E117/><V120/><F120/><W98/><G33/><T35/><D35/><U130/><E123/><V32/><F135/><W43/><G134/><T36/><D118/><U0/><E0/><V83/><F65/><W25/><G2/><T101/><D101/><U100/><E126/><V105/><F105/><W104/><G43/><T92/><D36/><U129/><E31/><V23/><F45/><W9/><G9/><T12/><D115/><U10/><E47/><V15/><F113/><W42/><G42/><T24/><D91/><U50/><E50/><V70/><F70/><W28/><REACH who="3" step="1"/><G128/><REACH who="3" ten="235,255,235,255" step="2"/><N who="1" m="49258" /><E41/><V80/><REACH who="2" step="1"/><F76/><REACH who="2" ten="235,255,225,255" step="2"/><W11/><G11/><T131/><D131/><U121/><E121/><V37/><F37/><W93/><G93/><T72/><D92/><N who="1" m="56719" /><E103/><AGARI ba="1,3" hai="15,18,23,26,30,32,74,79,80,82,83,95,97,103" machi="103" ten="30,2000,0" yaku="1,1,7,1,53,0" doraHai="125" doraHaiUra="85" who="2" fromWho="1" sc="235,0,255,-23,225,53,255,0" /><AGARI ba="1,0" hai="5,6,7,20,25,28,52,54,63,64,68,98,103,104" machi="103" ten="40,2600,0" yaku="1,1,54,1,53,0" doraHai="125" doraHaiUra="85" who="3" fromWho="1" sc="235,0,232,-26,278,0,255,26" /><INIT seed="2,0,0,5,5,8" ten="235,206,278,281" oya="2" hai0="116,87,48,126,100,53,129,81,67,0,89,68,90" hai1="70,41,26,32,24,105,101,13,73,125,61,3,134" hai2="52,40,33,123,64,11,17,21,91,30,12,78,36" hai3="106,2,128,19,16,54,113,10,47,97,135,102,96"/><V99/><F64/><W124/><G128/><T14/><D0/><U42/><E3/><V104/><F78/><W103/><G135/><T69/><D126/><U115/><E115/><V62/><F33/><W108/><G124/><T38/><D38/><U88/><E125/><V65/><F65/><W93/><G113/><T133/><D129/><U37/><E73/><V28/><F104/><W85/><G108/><T95/><D100/><U71/><E134/><V55/><F40/><W35/><G35/><T58/><D116/><U25/><E32/><V46/><F36/><W59/><G47/><T6/><D133/><U114/><E114/><V63/><F123/><W5/><REACH who="3" step="1"/><G85/><REACH who="3" ten="235,206,278,271" step="2"/><T31/><D87/><U112/><E112/><V9/><F46/><W86/><G86/><T127/><D127/><U98/><E37/><V118/><F118/><W94/><G94/><T131/><D95/><U110/><E110/><V130/><F130/><W79/><G79/><T132/><D132/><U77/><E77/><V45/><F45/><W15/><G15/><T4/><D14/><U83/><E13/><V56/><F9/><W84/><G84/><T121/><D131/><U111/><E111/><V50/><F11/><W74/><G74/><T92/><D92/><U75/><E75/><V117/><F117/><W1/><G1/><T107/><D107/><U39/><E39/><V49/><F12/><W82/><G82/><T120/><D81/><U23/><E83/><V80/><F80/><W76/><G76/><T57/><D121/><U44/><E105/><V60/><F91/><N who="0" m="34826" /><D120/><U43/><E43/><RYUUKYOKU ba="0,1" sc="235,-10,206,-10,278,-10,271,30" hai3="2,5,10,16,19,54,59,93,96,97,102,103,106" /><INIT seed="3,1,1,0,4,2" ten="225,196,268,301" oya="3" hai0="62,134,45,75,27,55,0,101,3,90,30,71,7" hai1="72,33,49,131,127,58,118,68,32,21,94,22,89" hai2="54,61,39,92,65,109,15,132,129,31,78,74,121" hai3="16,37,57,103,114,77,23,135,6,5,60,25,117"/><W105/><G114/><T34/><D75/><U108/><E68/><V13/><F39/><W82/><G117/><T67/><D134/><U40/><E118/><V46/><F92/><W80/><G135/><T104/><D90/><U41/><E72/><V115/><F31/><W38/><G38/><T4/><D55/><N who="1" m="32111" /><E127/><V19/><F74/><W95/><G37/><T63/><D63/><U47/><E131/><V11/><F61/><W85/><G80/><T69/><D69/><U100/><E100/><V59/><F129/><W112/><G105/><T99/><D45/><U123/><E123/><V70/><F46/><W122/><G112/><T48/><D48/><N who="1" m="26727" /><E108/><V66/><F109/><W52/><G122/><T36/><D36/><U84/><E32/><V10/><F121/><W107/><G107/><T26/><D26/><U83/><E33/><V14/><F115/><W120/><G120/><T113/><D113/><U111/><E41/><V91/><F132/><W44/><G44/><T128/><D128/><U97/><E111/><V119/><F119/><W116/><G116/><T126/><D126/><U79/><AGARI ba="1,1" hai="21,22,79,83,84,89,94,97" m="26727,32111" machi="79" ten="30,1100,0" yaku="8,1" doraHai="2" who="1" fromWho="1" sc="225,-4,196,24,268,-4,301,-6" /><INIT seed="4,0,0,1,1,22" ten="221,220,264,295" oya="0" hai0="26,12,63,47,14,20,4,123,21,39,118,113,78" hai1="36,13,83,3,99,124,135,120,54,131,84,108,64" hai2="106,109,110,89,32,9,23,92,121,10,71,134,79" hai3="58,80,101,40,50,107,100,53,55,122,46,81,132"/><T115/><D118/><U96/><E108/><V68/><F106/><W25/><G132/><T65/><D123/><U57/><E3/><V114/><F32/><W86/><G122/><T8/><D78/><U61/><E120/><V102/><F102/><N who="3" m="39531" /><G107/><T97/><D97/><N who="1" m="37451" /><E36/><V126/><F23/><W93/><G25/><T1/><D21/><U35/><E35/><V111/><F92/><W28/><G28/><N who="0" m="17479" /><D47/><U24/><E135/><V133/><F121/><W37/><G37/><T127/><D39/><U67/><E124/><V98/><F126/><W45/><G45/><T5/><D5/><U42/><E42/><V94/><F79/><W74/><G74/><T87/><D87/><U38/><E38/><V129/><F133/><W88/><G40/><T7/><D7/><U0/><E0/><V17/><F134/><W48/><AGARI ba="0,0" hai="46,48,50,53,55,58,80,81,86,88,93" m="39531" machi="48" ten="30,2000,0" yaku="8,1,54,1" doraHai="22" who="3" fromWho="3" sc="221,-10,220,-5,264,-5,295,20" owari="211,-29.0,215,-18.0,259,6.0,315,41.0" /></mjloggm>