<mjloggm ver="2.3"><GO type="185" lobby="0"/><UN n0="%6D%69%79%61%6E" n1="%50%61%73%73%43%6F%64%65" n2="%E5%B8%AB%E5%8C%A0%2F%E9%9B%80%E9%AC%BC" n3="" dan="16,17,17,0" rate="2088.79,2270.07,2248.12,1500.00" sx="F,M,M,C"/><TAIKYOKU oya="0"/><INIT seed="0,0,0,3,5,44" ten="350,350,350,0" oya="0" hai0="100,130,64,122,133,132,96,36,97,90,91,1,66" hai1="38,61,104,111,118,85,116,120,99,125,128,3,82" hai2="75,43,48,59,81,80,89,119,35,0,32,131,52" hai3=""/><T87/><N who="0" m="31264" /><T135/><D1/><U67/><N who="1" m="30752" /><U42/><E3/><V58/><F0/><T74/><D36/><U47/><E111/><V126/><F126/><T53/><D74/><U79/><E125/><V86/><F131/><T34/><D34/><U77/><E128/><V55/><F43/><T37/><D37/><U108/><E108/><V60/><REACH who="2" step="1"/><F119/><REACH who="2" ten="350,350,340,0" step="2"/><T46/><D130/><U84/><E118/><V71/><F71/><T93/><D91/><U92/><E116/><V33/><F33/><T73/><D73/><U129/><E129/><V40/><F40/><T105/><D96/><U124/><E124/><V123/><N who="2" m="31520" /><V63/><F63/><T68/><D68/><U106/><E79/><AGARI ba="0,1" hai="32,35,48,52,55,58,59,60,75,79,80,81,86,89" m="31520" machi="79" ten="40,8000,1" yaku="1,1,52,2,54,1,53,0" doraHai="44" doraHaiUra="103" who="2" fromWho="1" sc="350,0,350,-80,340,90,0,0" /><INIT seed="1,0,0,2,4,44" ten="350,270,430,0" oya="1" hai0="70,64,130,133,50,117,94,42,104,0,109,116,35" hai1="73,49,56,3,107,118,124,127,119,96,53,115,79" hai2="45,74,46,90,92,69,98,61,134,2,91,32,101" hai3=""/><U84/><E115/><V66/><F2/><T102/><D35/><U95/><E3/><V43/><F32/><T1/><D104/><U77/><E73/><V39/><F134/><T135/><D109/><U54/><E107/><V112/><F112/><T60/><D130/><U120/><N who="1" m="30752" /><U106/><E106/><V97/><F74/><T65/><D65/><U80/><E79/><V128/><F128/><T58/><D102/><U105/><E105/><V40/><REACH who="2" step="1"/><F98/><REACH who="2" ten="350,270,420,0" step="2"/><T78/><D0/><U75/><E75/><V131/><F131/><T38/><D1/><U48/><E119/><N who="0" m="45641" /><D70/><U129/><E118/><V36/><AGARI ba="0,1" hai="36,39,40,43,45,46,61,66,69,90,91,92,97,101" machi="36" ten="20,3900,0" yaku="1,1,0,1,7,1,9,1,53,0" doraHai="44" doraHaiUra="103" who="2" fromWho="2" sc="350,-13,270,-26,420,49,0,0" /><INIT seed="2,0,0,3,0,38" ten="337,244,469,0" oya="2" hai0="35,135,51,48,100,82,41,71,112,85,79,73,83" hai1="84,57,62,125,99,107,52,54,66,63,59,55,3" hai2="50,43,132,2,108,109,47,80,32,89,96,53,111" hai3=""/><V60/><F32/><T102/><D71/><U106/><E3/><V69/><F2/><T97/><D35/><U117/><E125/><V87/><F132/><T92/><D135/><U49/><E117/><V91/><F69/><T37/><D112/><U36/><E36/><V116/><F116/><T88/><REACH who="0" step="1"/><D100/><REACH who="0" ten="327,244,469,0" step="2"/><U110/><E110/><V74/><F74/><T65/><D65/><U0/><E0/><V126/><F126/><T75/><D75/><U129/><E129/><V90/><F96/><T120/><N who="0" m="30752" /><T33/><D33/><U115/><E115/><V93/><F93/><T68/><D68/><U133/><E133/><V101/><F101/><T70/><D70/><U134/><E134/><V103/><F103/><T77/><D77/><U81/><E99/><V34/><F34/><T122/><N who="0" m="31264" /><T105/><D105/><U46/><REACH who="1" step="1"/><E66/><REACH who="1" ten="327,234,469,0" step="2"/><V45/><F108/><T113/><D113/><U94/><E94/><V127/><F109/><T72/><D72/><U104/><E104/><V40/><F111/><T39/><D39/><U130/><E130/><V86/><F127/><T78/><D78/><AGARI ba="0,2" hai="46,49,52,54,55,57,59,62,63,78,81,84,106,107" machi="78" ten="30,7700,0" yaku="1,1,7,1,9,1,54,1,53,0" doraHai="38" doraHaiUra="128" who="1" fromWho="0" sc="327,-77,234,97,469,0,0,0" /><INIT seed="4,0,0,0,0,86" ten="250,331,469,0" oya="0" hai0="53,87,126,82,127,121,43,105,119,120,95,123,78" hai1="52,46,48,106,45,72,124,132,42,1,96,92,99" hai2="110,91,66,69,131,79,112,70,39,68,104,49,83" hai3=""/><T62/><N who="0" m="30752" /><T0/><N who="0" m="31008" /><T74/><N who="0" m="31520" /><T93/><D119/><U108/><E108/><V135/><F110/><T47/><D0/><U65/><E1/><V111/><F111/><T100/><D53/><U76/><E124/><N who="0" m="47657" /><D62/><U90/><E132/><V103/><F135/><T101/><D105/><U80/><E65/><V37/><F104/><T98/><D74/><U61/><E106/><V36/><F66/><T128/><D128/><U130/><E130/><V114/><F131/><T94/><D101/><U41/><E61/><V3/><F103/><T115/><D115/><U125/><E125/><V55/><F3/><T33/><D33/><U71/><E71/><V85/><REACH who="2" step="1"/><F79/><REACH who="2" ten="250,331,459,0" step="2"/><T44/><D44/><AGARI ba="0,1" hai="36,37,39,44,49,55,68,69,70,83,85,91,112,114" machi="44" ten="50,6400,0" yaku="1,1,2,1,52,1,53,0" doraHai="86" doraHaiUra="107" who="2" fromWho="0" sc="250,-64,331,0,459,74,0,0" /><INIT seed="5,0,0,1,0,108" ten="186,331,533,0" oya="1" hai0="101,41,123,114,133,97,39,74,93,135,124,72,87" hai1="58,68,43,116,89,96,65,131,60,119,71,122,99" hai2="38,121,132,57,54,83,130,81,70,109,1,79,127" hai3=""/><U37/><N who="1" m="31264" /><U35/><E35/><V75/><N who="2" m="31008" /><V33/><F109/><T94/><N who="0" m="31520" /><T115/><D39/><U52/><E131/><V95/><F1/><T77/><D41/><U45/><E71/><V82/><F38/><T107/><D124/><U128/><E128/><V59/><F59/><T80/><D72/><U67/><E67/><V48/><F127/><T106/><D93/><U53/><E53/><V2/><F2/><T91/><D106/><U104/><E89/><V88/><F70/><T0/><D0/><U63/><REACH who="1" step="1"/><E104/><REACH who="1" ten="186,321,533,0" step="2"/><V50/><F33/><T73/><D73/><U44/><E44/><V120/><F130/><T85/><REACH who="0" step="1"/><D85/><REACH who="0" ten="176,321,533,0" step="2"/><U118/><AGARI ba="0,2" hai="37,43,45,52,58,60,63,65,68,96,99,116,118,119" m="31264" machi="118" ten="30,8000,1" yaku="1,1,0,1,52,1,54,1,53,1" doraHai="108" doraHaiUra="117" who="1" fromWho="1" sc="176,-40,321,100,533,-40,0,0" /><INIT seed="5,1,0,2,2,111" ten="136,421,493,0" oya="1" hai0="33,68,90,86,99,46,123,113,133,108,80,131,44" hai1="60,45,51,81,94,61,84,77,62,65,75,72,120" hai2="37,40,64,102,103,38,52,82,58,104,135,55,93" hai3=""/><U67/><N who="1" m="30752" /><U39/><E39/><V42/><F104/><T53/><N who="0" m="31520" /><T112/><D68/><U71/><E94/><V34/><F34/><T95/><D108/><U118/><E118/><V74/><F135/><T49/><D133/><U59/><REACH who="1" step="1"/><E62/><REACH who="1" ten="136,411,493,0" step="2"/><V114/><F93/><T130/><D33/><U43/><AGARI ba="1,1" hai="43,45,51,59,60,61,65,67,71,72,75,77,81,84" m="30752" machi="43" ten="20,12000,2" yaku="1,1,2,1,0,1,7,1,52,1,53,1" doraHai="111" doraHaiUra="66" who="1" fromWho="1" sc="136,-61,411,132,493,-61,0,0" /><INIT seed="5,2,0,4,2,72" ten="75,543,432,0" oya="1" hai0="100,83,42,88,41,82,65,35,85,50,119,60,95" hai1="81,86,43,46,102,45,64,47,56,133,58,112,39" hai2="80,1,114,71,66,75,116,70,33,98,32,117,94" hai3=""/><U101/><E112/><V113/><F1/><T57/><D35/><U55/><E133/><V37/><F37/><T62/><D119/><U120/><N who="1" m="30752" /><U51/><E46/><V123/><N who="2" m="31520" /><V90/><F66/><T108/><D108/><U68/><E47/><V122/><N who="2" m="31264" /><V107/><F107/><T121/><N who="0" m="31008" /><T134/><D100/><U118/><E58/><V76/><F33/><T54/><D134/><U104/><E104/><V44/><F44/><T74/><D60/><U91/><E118/><N who="2" m="45675" /><F32/><T103/><D103/><U89/><E91/><V77/><F70/><T78/><REACH who="0" step="1"/><D83/><REACH who="0" ten="65,543,432,0" step="2"/><U93/><E81/><V3/><F3/><T135/><D135/><U127/><E127/><V87/><F71/><AGARI ba="2,1" hai="41,42,50,54,57,62,65,71,74,78,82,85,88,95" m="31008" machi="71" ten="30,12000,2" yaku="1,1,7,1,52,2,54,1,53,1" doraHai="72" doraHaiUra="84" who="0" fromWho="2" sc="65,134,543,0,432,-124,0,0" /><INIT seed="6,0,0,5,4,116" ten="199,543,308,0" oya="2" hai0="113,80,41,75,35,45,122,81,76,127,106,87,117" hai1="105,90,91,118,66,72,1,100,112,44,92,0,64" hai2="115,93,55,135,54,123,46,97,108,71,67,49,129" hai3=""/><V96/><N who="2" m="31520" /><V59/><F115/><T48/><N who="0" m="31264" /><T62/><D35/><U38/><E72/><V111/><F135/><T124/><D117/><U36/><E112/><V89/><F129/><T42/><D113/><U61/><E105/><V119/><F119/><T104/><D42/><U60/><E100/><V50/><F71/><T103/><D62/><U85/><E44/><V107/><F67/><T132/><D132/><U57/><E118/><V68/><F68/><T69/><D69/><U82/><E1/><V95/><REACH who="2" step="1"/><F107/><REACH who="2" ten="199,543,298,0" step="2"/><T78/><REACH who="0" step="1"/><D104/><REACH who="0" ten="189,543,298,0" step="2"/><U52/><E66/><V51/><F51/><T33/><D33/><U47/><E0/><V128/><F128/><T86/><D86/><U58/><E64/><V74/><F74/><T102/><D102/><AGARI ba="0,2" hai="46,49,50,54,55,59,89,93,95,96,97,102,108,111" m="31520" machi="102" ten="40,12000,1" yaku="1,1,52,2,53,2" doraHai="116" doraHaiUra="120" who="2" fromWho="0" sc="189,-120,543,0,298,140,0,0" /><INIT seed="6,1,0,4,3,58" ten="69,543,438,0" oya="2" hai0="78,118,83,56,97,66,90,62,126,51,42,113,82" hai1="54,60,117,61,34,106,79,36,53,3,123,0,1" hai2="131,135,88,73,40,115,69,44,72,33,94,70,102" hai3=""/><V39/><F33/><T43/><D118/><U38/><N who="1" m="31520" /><U64/><E34/><V112/><F135/><T109/><D109/><U95/><E106/><V98/><F131/><T77/><D126/><U103/><E117/><V121/><N who="2" m="31008" /><V129/><F129/><T91/><D113/><N who="2" m="43594" /><F102/><T87/><D97/><U107/><E107/><V100/><F100/><T128/><D128/><U89/><E103/><V99/><F99/><T111/><D111/><U37/><E79/><V52/><F52/><T122/><N who="0" m="31264" /><T80/><D80/><U46/><E46/><V92/><F92/><T120/><N who="0" m="30752" /><T47/><REACH who="0" step="1"/><D42/><REACH who="0" ten="59,543,438,0" step="2"/><U74/><E95/><V114/><F114/><T75/><AGARI ba="1,1" hai="43,47,51,56,62,66,75,77,78,82,83,87,90,91" m="30752,31264" machi="75" ten="20,9000,2" yaku="1,1,2,1,0,1,7,1,52,3,53,0" doraHai="58" doraHaiUra="125" who="0" fromWho="0" sc="59,102,543,-31,438,-61,0,0" owari="161,-44.0,512,46.0,377,-2.0,0,0.0" /></mjloggm>