<mjloggm ver="2.3"><GO type="169" lobby="0"/><UN n0="%74%61%6E%61%4B%61" n1="%E3%81%9F%E3%81%8B%E3%81%A3%E3%81%A6%E3%81%83%E3%83%BC" n2="%E6%84%9B%E3%81%A8%E6%AD%A3%E7%BE%A9" n3="%E3%83%A1%E3%82%BF%E3%83%AB%E3%81%AF%E3%81%BE%E3%81%A3%E3%81%A1%E2%98%86" dan="17,18,18,17" rate="2138.57,2230.68,2193.53,2180.95" sx="M,F,F,M"/><TAIKYOKU oya="0"/><INIT seed="0,0,0,0,4,23" ten="250,250,250,250" oya="0" hai0="91,102,13,118,40,51,67,130,109,16,45,100,103" hai1="55,77,81,97,96,79,110,131,44,34,123,126,132" hai2="84,11,46,9,82,62,30,26,66,63,125,122,134" hai3="86,31,18,15,36,114,1,101,90,33,60,129,128"/><T42/><D118/><U65/><E123/><V80/><F122/><W35/><G36/><T27/><D130/><N who="3" m="50281" /><G1/><T85/><D67/><U98/><E131/><V17/><F134/><W52/><G101/><T28/><D109/><U21/><E34/><V76/><F125/><W135/><G31/><T20/><D40/><U12/><E132/><V5/><F17/><W3/><G3/><T112/><D112/><U53/><E126/><V89/><F46/><W69/><G114/><T22/><D103/><U25/><E65/><V49/><F49/><W133/><G69/><T111/><D111/><U38/><E110/><V32/><F5/><W73/><G73/><T121/><D121/><U104/><E104/><V0/><F0/><W117/><G117/><T54/><D42/><U4/><E38/><V19/><F19/><W94/><G35/><T74/><D74/><U2/><E2/><V41/><F41/><W95/><G95/><AGARI ba="0,0" hai="13,16,20,22,27,28,45,51,54,85,91,95,100,102" machi="95" ten="30,11600,0" yaku="7,1,8,1,52,1,54,1" doraHai="23" who="0" fromWho="3" sc="250,116,250,0,250,0,250,-116" /><INIT seed="0,1,0,0,0,23" ten="366,250,250,134" oya="0" hai0="122,79,92,32,113,132,108,97,103,65,127,3,86" hai1="18,40,121,95,51,93,104,15,126,59,50,30,123" hai2="19,111,82,2,66,11,96,106,49,135,73,16,45" hai3="114,78,88,124,28,46,13,110,77,72,8,125,90"/><T81/><D3/><U33/><E104/><V117/><F111/><W27/><G114/><T100/><D65/><U1/><E1/><V57/><F135/><W91/><G110/><T22/><D32/><U44/><E126/><N who="3" m="48746" /><G46/><T120/><D127/><U70/><E70/><V25/><F117/><W10/><G72/><T83/><D108/><U26/><E59/><V118/><F118/><W68/><G68/><T41/><D113/><U31/><E31/><V7/><F73/><W94/><G94/><T9/><D9/><N who="3" m="3689" /><G13/><T36/><D132/><U115/><E115/><V85/><F106/><W43/><G43/><T38/><D38/><U4/><E4/><V75/><F75/><W64/><G64/><T63/><D41/><U58/><E95/><V62/><F96/><W34/><AGARI ba="1,0" hai="27,28,34,77,78,88,90,91" m="3689,48746" machi="34" ten="40,5200,0" yaku="18,1,52,1,54,1" doraHai="23" who="3" fromWho="3" sc="366,-27,250,-14,250,-14,134,55" /><INIT seed="1,0,0,4,0,124" ten="339,236,236,189" oya="1" hai0="54,92,47,19,55,58,114,117,130,29,45,8,44" hai1="113,122,63,88,1,18,7,103,64,39,105,99,83" hai2="108,128,36,91,120,96,76,94,23,85,81,5,27" hai3="121,112,65,30,6,70,104,33,97,86,126,73,42"/><U21/><E113/><V93/><F120/><W118/><G121/><T35/><D114/><U79/><E122/><V127/><F108/><W133/><G112/><T28/><D117/><U72/><E39/><V87/><F36/><W119/><G73/><T75/><D75/><U57/><E7/><V31/><F127/><W101/><G126/><T51/><D35/><U15/><REACH who="1" step="1"/><E1/><REACH who="1" ten="339,226,236,189" step="2"/><V43/><F5/><W22/><G6/><T71/><D71/><U46/><E46/><V111/><F111/><W24/><G70/><T132/><D45/><U84/><E84/><V67/><F85/><W11/><G86/><T98/><D47/><U125/><E125/><V115/><F115/><W56/><G118/><T62/><D132/><U25/><E25/><V69/><F69/><W109/><G133/><T50/><D44/><U78/><E78/><V61/><F76/><W16/><G109/><T68/><D68/><U32/><E32/><V4/><F4/><W12/><G119/><T48/><D58/><U80/><E80/><V38/><F81/><W14/><G42/><T52/><D92/><U13/><E13/><V89/><F43/><W17/><G56/><T3/><D3/><U34/><E34/><V0/><F38/><W37/><G37/><T41/><D41/><U90/><AGARI ba="0,1" hai="15,18,21,57,63,64,72,79,83,88,90,99,103,105" machi="90" ten="30,11700,0" yaku="1,1,0,1,54,1,53,1" doraHai="124" doraHaiUra="106" who="1" fromWho="1" sc="339,-39,226,127,236,-39,189,-39" /><INIT seed="1,1,0,1,1,71" ten="300,353,197,150" oya="1" hai0="101,125,131,50,21,36,78,94,53,54,11,23,55" hai1="113,45,74,89,88,87,117,83,47,14,68,32,22" hai2="72,44,86,116,92,90,77,118,5,95,31,99,10" hai3="16,106,85,102,37,76,12,114,100,84,61,58,27"/><U107/><E32/><V104/><F31/><W122/><G114/><T105/><D105/><U9/><E113/><V28/><F28/><W7/><G122/><T69/><D69/><U46/><E117/><V33/><F33/><W13/><G106/><T130/><D78/><U67/><E107/><V42/><F104/><W39/><G7/><T49/><D11/><U26/><E74/><V65/><F65/><W64/><G76/><T48/><D125/><U121/><E121/><V75/><F75/><W34/><G34/><T111/><D111/><U135/><E135/><V128/><F128/><N who="0" m="49194" /><D36/><U4/><E68/><V120/><F120/><W96/><G27/><T52/><N who="0" m="13312" /><DORA hai="15" /><T38/><D38/><U93/><E67/><V110/><F110/><W63/><G64/><T51/><N who="0" m="12288" /><DORA hai="40" /><T8/><D8/><U80/><E89/><V132/><F132/><W6/><G6/><T81/><D81/><U108/><E108/><V133/><F133/><W29/><G39/><T109/><D109/><U0/><E0/><N who="2" m="295" /><F77/><W126/><G126/><T91/><D101/><U57/><E57/><V98/><F116/><W24/><G58/><T115/><D115/><U30/><AGARI ba="1,0" hai="4,9,14,22,26,30,45,46,47,80,83,87,88,93" machi="30" ten="30,18000,2" yaku="0,1,8,1,52,3,54,1" doraHai="71,15,40" who="1" fromWho="1" sc="300,-61,353,183,197,-61,150,-61" /><INIT seed="1,2,0,4,1,128" ten="239,536,136,89" oya="1" hai0="7,118,28,45,36,31,58,83,88,60,29,61,39" hai1="48,24,122,109,99,103,87,0,42,51,11,50,117" hai2="104,46,89,68,77,85,113,72,59,125,1,67,19" hai3="114,23,10,102,80,21,53,124,65,71,133,84,35"/><U70/><E117/><V86/><F68/><W33/><G114/><T43/><D7/><U105/><E122/><V98/><F1/><W66/><G124/><T2/><D2/><U91/><E70/><V116/><F116/><W100/><G71/><T64/><D118/><U127/><E127/><V30/><F125/><W93/><G10/><T79/><D60/><U38/><E109/><V126/><F30/><W54/><G93/><T18/><D18/><U17/><E38/><V14/><F126/><W8/><G8/><T92/><D36/><U26/><E42/><V110/><F110/><W15/><G84/><T41/><D41/><U75/><E75/><V121/><F121/><W6/><G15/><T40/><D40/><U49/><E49/><V119/><F119/><W16/><G80/><T34/><D34/><U107/><E105/><V20/><F104/><W95/><G95/><T111/><D111/><U82/><REACH who="1" step="1"/><E17/><REACH who="1" ten="239,526,136,89" step="2"/><V101/><F19/><W94/><G16/><T9/><D39/><U57/><E57/><V47/><F59/><W44/><G44/><T120/><D45/><U135/><E135/><V73/><F73/><W130/><G133/><T22/><D43/><U62/><E62/><V12/><F47/><W63/><G63/><T5/><D120/><U52/><E52/><V108/><F46/><W3/><G130/><T13/><D61/><U25/><E25/><V37/><F108/><W56/><G56/><T74/><D58/><U76/><E76/><V131/><F77/><W27/><G27/><N who="0" m="16503" /><D64/><U32/><E32/><V97/><F37/><W129/><G66/><RYUUKYOKU ba="2,1" sc="239,15,526,15,136,-15,89,-15" hai0="5,9,13,29,31,74,79,83,88,92" hai1="0,11,24,26,48,50,51,82,87,91,99,103,107" /><INIT seed="1,3,1,0,0,86" ten="254,541,121,74" oya="1" hai0="89,95,12,70,25,72,115,0,91,133,130,79,39" hai1="64,16,30,15,108,69,71,120,46,6,81,132,26" hai2="10,9,112,104,78,102,50,18,101,76,106,80,56" hai3="83,47,87,22,1,134,23,55,107,33,13,17,88"/><U118/><E118/><V31/><F31/><W62/><G134/><T128/><D0/><U49/><E120/><V90/><F112/><W63/><G1/><T57/><D70/><U21/><E132/><V129/><F129/><N who="0" m="49770" /><D39/><U109/><E81/><V8/><F18/><W24/><G107/><T105/><D105/><U110/><E6/><V99/><F104/><W44/><G33/><T96/><D133/><U52/><E64/><V94/><F106/><W7/><G7/><T84/><D12/><U74/><E74/><V27/><F27/><W11/><G11/><AGARI ba="3,1" hai="11,15,16,21,26,30,46,49,52,69,71,108,109,110" machi="11" ten="40,12000,1" yaku="14,1,10,1,54,2" doraHai="86" who="1" fromWho="3" sc="254,0,541,139,121,0,74,-129" owari="254,5.0,680,79.0,121,-28.0,-55,-56.0" /></mjloggm>