<mjloggm ver="2.3"><GO type="169" lobby="0"/><UN n0="%E3%81%94%E3%82%8B%E3%81%A3" n1="%E3%81%91%E3%83%BC%E3%81%9E%E3%81%88" n2="%E3%83%94%E3%83%B3%E3%82%B5%E3%83%AD%E5%BA%97%E5%93%A1" n3="%E3%81%BE%E3%82%8A%E3%81%8B%E3%81%A1%E3%82%83%E3%82%93%E3%81%AD%E3%82%8B" dan="16,16,18,16" rate="2164.17,2125.07,2226.04,2021.47" sx="M,F,M,M"/><TAIKYOKU oya="0"/><INIT seed="0,0,0,5,4,62" ten="250,250,250,250" oya="0" hai0="35,72,32,120,133,81,68,97,46,103,34,47,48" hai1="131,100,61,50,113,88,101,60,98,3,122,129,43" hai2="11,107,109,111,132,40,55,91,18,41,56,78,64" hai3="94,102,71,119,66,83,28,90,12,121,15,2,89"/><T29/><D120/><U76/><E3/><V36/><F107/><W112/><G2/><T69/><D133/><U116/><E116/><V67/><F78/><W16/><G112/><T105/><D29/><U5/><E5/><V86/><F132/><W19/><G119/><T128/><D128/><N who="1" m="49227" /><E76/><V110/><F11/><W13/><G28/><T93/><D47/><N who="1" m="25983" /><E122/><V99/><F99/><W70/><G121/><T84/><D72/><U23/><E23/><V4/><F18/><W77/><G19/><T53/><REACH who="0" step="1"/><D105/><REACH who="0" ten="240,250,250,250" step="2"/><U33/><E113/><V82/><F4/><W85/><G12/><T44/><D44/><U134/><E134/><V58/><F36/><W25/><G13/><T30/><D30/><U26/><E26/><V27/><F27/><W54/><G25/><T49/><D49/><U63/><E33/><V21/><F21/><W20/><G20/><T130/><D130/><U106/><E106/><V6/><F6/><W57/><G15/><T96/><D96/><U74/><E74/><V124/><F110/><W9/><G85/><T0/><D0/><U22/><E22/><V24/><F24/><W126/><G9/><T117/><D117/><U108/><E108/><V59/><F111/><W80/><G126/><T52/><D52/><U87/><E98/><V118/><F124/><W65/><G54/><T73/><D73/><U17/><E17/><V104/><F104/><W39/><G39/><T92/><D92/><AGARI ba="0,1" hai="60,61,63,87,88,92,100,101" m="25983,49227" machi="92" ten="30,2000,0" yaku="19,1,54,1" doraHai="62" who="1" fromWho="0" sc="240,-20,250,30,250,0,250,0" /><INIT seed="1,0,0,0,2,24" ten="220,280,250,250" oya="1" hai0="15,68,69,14,133,53,75,12,56,43,33,42,57" hai1="1,86,74,64,18,102,16,35,39,65,73,6,108" hai2="71,20,21,97,119,28,37,118,62,8,45,13,109" hai3="117,104,122,100,89,52,115,99,83,96,11,127,54"/><U101/><E39/><V19/><F109/><W25/><G115/><T82/><D33/><U0/><E35/><V134/><F134/><W81/><G122/><T114/><D114/><U128/><E108/><V70/><F21/><W116/><G127/><T77/><D133/><U72/><E6/><V46/><F97/><W4/><G96/><T87/><D75/><U58/><E86/><V40/><F45/><W48/><G54/><T98/><D68/><U88/><E58/><V47/><F47/><N who="3" m="27679" /><G89/><T32/><D32/><U80/><E80/><V91/><F91/><W59/><G59/><T51/><D69/><U132/><E88/><V110/><F110/><W66/><G25/><T78/><D78/><U36/><E36/><V107/><F107/><W85/><G85/><T50/><D98/><U23/><E23/><V26/><REACH who="2" step="1"/><F71/><REACH who="2" ten="220,280,240,250" step="2"/><W55/><G99/><T95/><D56/><U135/><REACH who="1" step="1"/><E72/><REACH who="1" ten="220,270,240,250" step="2"/><V2/><F2/><W10/><G100/><T34/><D34/><U29/><E29/><V44/><F44/><W105/><G116/><T22/><D22/><U103/><E103/><V9/><F9/><W31/><G11/><T27/><D57/><U5/><E5/><V111/><F111/><W126/><G10/><T79/><D82/><U63/><E63/><V76/><F76/><W124/><G83/><T67/><D79/><U106/><E106/><V84/><F84/><W120/><G81/><T123/><D87/><U94/><E94/><V125/><F125/><W113/><G126/><T130/><D77/><U49/><E49/><V121/><F121/><W7/><G124/><RYUUKYOKU ba="0,2" sc="220,-15,270,15,240,15,250,-15" hai1="0,1,16,18,64,65,73,74,101,102,128,132,135" hai2="8,13,19,20,26,28,37,40,46,62,70,118,119" /><INIT seed="1,1,2,0,1,89" ten="205,285,255,235" oya="1" hai0="8,135,61,100,11,129,43,17,114,117,53,28,132" hai1="58,25,111,9,40,118,46,106,18,13,76,113,30" hai2="101,112,122,97,133,93,2,87,66,42,67,50,21" hai3="31,123,120,36,80,4,86,85,54,70,102,63,12"/><U130/><E113/><V20/><F122/><W44/><G31/><T59/><D114/><U115/><E118/><V0/><F112/><W19/><G4/><T75/><D75/><U37/><E115/><V26/><F133/><N who="0" m="51274" /><D129/><U56/><E130/><V6/><F21/><W15/><G15/><T91/><D100/><U124/><E124/><V94/><F0/><W95/><G86/><T22/><D28/><U14/><E106/><V121/><F121/><W45/><G45/><T7/><D43/><U16/><E76/><V68/><F68/><W51/><G36/><T126/><D126/><U78/><E78/><V38/><F38/><W47/><G47/><T109/><D109/><U41/><E41/><V48/><F6/><W62/><G70/><T77/><D77/><U32/><REACH who="1" step="1"/><E111/><REACH who="1" ten="205,275,255,235" step="2"/><V108/><F108/><W33/><G120/><T5/><D117/><U131/><E131/><V127/><F127/><W81/><G123/><T39/><D39/><U119/><E119/><V1/><F42/><W96/><G33/><T103/><D7/><U99/><E99/><V29/><F1/><W57/><G44/><T134/><D5/><U3/><E3/><V110/><F2/><W23/><REACH who="3" step="1"/><G80/><REACH who="3" ten="205,275,255,225" step="2"/><T64/><D134/><U92/><E92/><V105/><F110/><W104/><G104/><T82/><D82/><U79/><E79/><AGARI ba="1,4" hai="12,19,23,51,54,57,62,63,79,81,85,95,96,102" machi="79" ten="30,7700,0" yaku="1,1,7,1,8,1,52,1,53,0" doraHai="89" doraHaiUra="60" who="3" fromWho="1" sc="205,0,275,-80,255,0,225,120" /><INIT seed="2,0,0,2,4,100" ten="205,195,255,345" oya="2" hai0="21,111,129,106,108,97,91,90,107,57,69,72,28" hai1="40,84,73,25,76,67,39,104,79,22,19,82,3" hai2="12,71,96,74,112,135,93,124,32,128,35,38,30" hai3="45,133,117,126,134,105,94,110,24,34,42,56,70"/><V118/><RYUUKYOKU type="yao9" ba="0,0" sc="205,0,195,0,255,0,345,0" hai2="12,30,32,35,38,71,74,93,96,112,118,124,128,135" /><INIT seed="2,1,0,4,0,62" ten="205,195,255,345" oya="2" hai0="86,92,27,100,24,45,1,65,23,14,54,122,15" hai1="51,56,41,28,126,111,119,10,12,85,103,11,115" hai2="101,96,26,81,104,130,5,84,67,116,37,58,9" hai3="75,69,135,61,17,21,90,98,125,66,108,32,53"/><V74/><F116/><W97/><G32/><T80/><D1/><U107/><E119/><V55/><F130/><W114/><G75/><T70/><D122/><U95/><E115/><V47/><F74/><W49/><G114/><T7/><D7/><U19/><E111/><V91/><F26/><W48/><G108/><T134/><D134/><U68/><E68/><V112/><F112/><W99/><G135/><T4/><D27/><U87/><E28/><V22/><F22/><W106/><G125/><T40/><D54/><U38/><E107/><V8/><F5/><W105/><G90/><T78/><D4/><U3/><E38/><V50/><REACH who="2" step="1"/><F37/><REACH who="2" ten="205,195,245,345" step="2"/><W94/><G21/><T118/><D24/><U124/><E124/><V128/><F128/><W79/><G17/><T46/><D23/><U33/><E19/><V2/><F2/><W34/><G34/><T39/><D14/><U83/><E3/><V88/><F88/><W110/><G110/><T57/><D15/><U113/><E33/><V71/><F71/><W133/><G133/><T123/><D70/><U30/><E12/><V77/><F77/><W36/><G79/><T13/><D13/><U43/><E126/><V132/><F132/><W60/><G36/><T44/><D118/><U64/><E113/><V109/><F109/><W89/><G89/><T131/><D131/><U76/><E76/><V102/><F102/><W127/><G127/><T6/><D6/><U129/><E103/><V20/><F20/><W29/><G69/><T16/><D16/><U73/><E129/><V35/><F35/><W18/><G18/><RYUUKYOKU ba="1,1" sc="205,-10,195,-10,245,30,345,-10" hai2="8,9,47,50,55,58,67,81,84,91,96,101,104" /><INIT seed="2,2,1,4,1,98" ten="195,185,275,335" oya="2" hai0="10,116,112,23,25,88,71,103,121,78,82,72,18" hai1="57,76,120,12,94,49,70,110,97,113,79,131,69" hai2="20,29,38,99,130,127,59,66,132,96,6,64,21" hai3="92,17,128,124,53,118,9,58,119,74,90,44,42"/><V13/><F38/><W45/><G74/><T111/><D112/><U15/><E113/><V52/><F130/><W50/><G128/><T109/><D121/><U106/><E106/><V36/><F132/><W105/><G105/><T135/><D135/><U85/><E131/><V43/><F127/><W14/><G124/><T117/><D71/><U80/><E110/><N who="0" m="41993" /><D10/><U48/><E70/><V67/><F43/><W27/><G27/><T47/><D47/><U100/><E69/><V30/><F36/><W129/><G45/><T4/><D4/><U104/><E120/><V77/><F77/><N who="1" m="29769" /><E104/><V102/><F6/><W2/><G2/><T19/><D19/><U56/><E85/><V108/><F108/><W37/><G129/><T93/><D103/><U41/><E80/><V87/><F87/><AGARI ba="2,1" hai="9,14,17,37,42,44,50,53,58,87,90,92,118,119" machi="87" ten="30,1000,0" yaku="7,1" doraHai="98" who="3" fromWho="2" sc="195,0,185,0,275,-16,335,26" /><AGARI ba="2,0" hai="18,23,25,72,78,82,87,88,93,116,117" m="41993" machi="87" ten="30,2000,0" yaku="14,1,54,1" doraHai="98" who="0" fromWho="2" sc="195,20,185,0,259,-20,361,0" /><INIT seed="3,0,0,2,2,63" ten="215,185,239,361" oya="3" hai0="56,55,125,126,41,114,108,43,25,81,117,44,37" hai1="23,73,21,67,20,22,40,42,104,111,110,36,49" hai2="26,135,3,61,13,86,15,92,33,14,11,12,113" hai3="58,80,10,75,133,72,24,0,7,82,62,50,9"/><W83/><G133/><T47/><D81/><U79/><E104/><V64/><F113/><W46/><G24/><T59/><D25/><U118/><E36/><V60/><F3/><W6/><G50/><N who="0" m="26911" /><D117/><U54/><E118/><V38/><F38/><W52/><REACH who="3" step="1"/><G46/><REACH who="3" ten="215,185,239,351" step="2"/><T74/><D114/><U51/><E49/><V116/><F135/><W95/><G95/><T105/><D105/><U32/><E51/><V29/><F116/><W4/><G4/><T85/><D47/><U91/><E42/><V124/><F92/><W107/><G107/><T18/><D41/><U28/><E40/><V103/><F26/><W130/><G130/><T109/><D37/><U132/><E132/><V119/><F119/><W17/><G17/><T123/><D18/><U89/><E28/><V19/><F29/><W2/><AGARI ba="0,1" hai="0,2,6,7,9,10,52,58,62,72,75,80,82,83" machi="2" ten="30,11700,0" yaku="1,1,0,1,9,1,54,1,53,0" doraHai="63" doraHaiUra="129" who="3" fromWho="3" sc="215,-39,185,-39,239,-39,351,127" /><INIT seed="3,1,0,1,1,74" ten="176,146,200,478" oya="3" hai0="69,115,123,22,78,19,45,71,14,35,135,101,112" hai1="3,26,7,0,53,10,85,21,83,57,126,79,39" hai2="111,122,48,61,29,58,73,121,38,41,23,119,114" hai3="93,131,130,103,4,82,109,129,44,92,72,99,59"/><W88/><G4/><T134/><D123/><N who="2" m="47114" /><F73/><W54/><G44/><T63/><D35/><U95/><E39/><V94/><F94/><W8/><G8/><T47/><D101/><U100/><E126/><V28/><F23/><W75/><G82/><T132/><D78/><U25/><E3/><V65/><F28/><W125/><G125/><T120/><D120/><U36/><E36/><V118/><F29/><W89/><G103/><T76/><D76/><U6/><E6/><V52/><F111/><W18/><G18/><T77/><D77/><U107/><E107/><V67/><F114/><N who="0" m="43562" /><D63/><U12/><E21/><V51/><F38/><W49/><REACH who="3" step="1"/><G109/><REACH who="3" ten="176,146,200,468" step="2"/><T5/><D5/><U42/><E0/><V96/><F41/><W133/><G133/><T13/><D19/><U20/><E42/><V124/><F124/><W108/><G108/><T98/><D132/><U91/><E100/><V87/><F118/><W86/><AGARI ba="1,1" hai="49,54,59,72,75,86,88,89,92,93,99,129,130,131" machi="86" ten="30,11700,0" yaku="1,1,0,1,19,1,54,1,53,0" doraHai="74" doraHaiUra="40" who="3" fromWho="3" sc="176,-40,146,-40,200,-40,468,130" /><INIT seed="3,2,0,3,5,81" ten="136,106,160,598" oya="3" hai0="88,68,13,41,55,79,10,6,78,30,126,56,82" hai1="125,65,17,40,1,11,28,57,114,47,112,23,103" hai2="16,51,133,36,64,42,0,131,118,96,108,25,60" hai3="34,35,27,109,97,107,20,29,53,121,18,7,39"/><W89/><G121/><T32/><D68/><U110/><E103/><V116/><F0/><W43/><G7/><T105/><D105/><U24/><E65/><V75/><F75/><W71/><G71/><T135/><D135/><U8/><E57/><V95/><F36/><W62/><G43/><T119/><D119/><U123/><E47/><V5/><F5/><W115/><G39/><T130/><D130/><U134/><E40/><V15/><F108/><W101/><G115/><T129/><D129/><U3/><E123/><V59/><F131/><W52/><G109/><T98/><D41/><U61/><E61/><V19/><F133/><W37/><G37/><T22/><D32/><N who="1" m="20487" /><E110/><V4/><F4/><W111/><G111/><T72/><D126/><U87/><E87/><V54/><F25/><W94/><G62/><T38/><D38/><U2/><E125/><V49/><F19/><W100/><G100/><T66/><D66/><U77/><E77/><V91/><F42/><W92/><G107/><T80/><D80/><U46/><E46/><V128/><F128/><W9/><G101/><T113/><D113/><N who="1" m="43627" /><E134/><V67/><F67/><W99/><G53/><T74/><D74/><U70/><E70/><V85/><F96/><W117/><G99/><T58/><D58/><U45/><E45/><N who="2" m="27951" /><F51/><W26/><G97/><T90/><D98/><U120/><E120/><V76/><F76/><W104/><G104/><T86/><D78/><U69/><E69/><V44/><F44/><W132/><G132/><T83/><D72/><U84/><E84/><V122/><F122/><W21/><G52/><RYUUKYOKU ba="2,0" sc="136,-15,106,15,160,15,598,-15" hai1="1,2,3,8,11,17,23" hai2="15,16,59,60,64,85,91,95,116,118" /><INIT seed="4,3,0,4,3,31" ten="121,121,175,583" oya="0" hai0="125,135,38,22,89,129,73,48,14,6,61,130,64" hai1="94,67,47,57,75,92,90,134,109,78,110,127,128" hai2="7,121,1,15,5,19,4,104,106,79,84,99,50" hai3="17,30,59,40,11,56,107,126,117,77,97,63,24"/><T42/><D73/><U113/><E57/><V62/><F1/><W74/><G40/><T20/><D38/><U68/><E47/><V102/><F121/><W28/><G17/><T44/><D135/><U87/><E67/><V112/><F112/><W27/><G11/><N who="0" m="4471" /><D125/><U72/><E68/><V37/><F37/><W53/><G74/><N who="1" m="28202" /><E128/><N who="0" m="49257" /><D89/><N who="1" m="53311" /><E78/><V116/><F62/><W108/><G77/><T51/><D51/><U25/><E25/><V83/><F50/><W66/><G63/><T118/><D118/><U105/><E105/><V55/><F55/><W34/><G126/><T133/><D133/><U85/><E127/><V120/><F106/><W36/><G36/><T86/><D86/><U80/><E134/><V69/><F120/><W122/><G122/><T46/><D46/><U132/><E132/><V43/><F43/><W88/><G117/><T2/><D2/><U52/><E113/><V29/><F116/><W26/><G88/><T12/><D12/><U23/><E52/><V93/><F104/><W96/><G107/><T45/><D45/><U119/><E119/><V81/><F15/><W101/><G97/><T71/><AGARI ba="3,0" hai="20,22,42,44,48,61,64,71" m="49257,4471" machi="71" ten="30,1500,0" yaku="19,1" doraHai="31" who="0" fromWho="0" sc="121,24,121,-8,175,-8,583,-8" /><INIT seed="4,4,0,5,5,69" ten="145,113,167,575" oya="0" hai0="107,70,43,73,62,83,112,100,46,63,42,115,34" hai1="21,39,131,58,25,97,32,20,116,50,44,132,1" hai2="129,37,0,55,61,99,27,75,122,14,110,109,30" hai3="47,36,38,16,71,80,57,92,15,118,48,35,98"/><T53/><D34/><U31/><E116/><V52/><F0/><W103/><G71/><T90/><D100/><U104/><E132/><V18/><F122/><W3/><G35/><T22/><D107/><U86/><E1/><V93/><F129/><W23/><G3/><T45/><D22/><U124/><E124/><V2/><F75/><W106/><G118/><T29/><D29/><U51/><E131/><V108/><F2/><W68/><G68/><T66/><D90/><U117/><E117/><V33/><F37/><W64/><G106/><T40/><D83/><U102/><E86/><V59/><F55/><W89/><G80/><T114/><D73/><U19/><E58/><AGARI ba="4,0" hai="40,42,43,45,46,53,58,62,63,66,70,112,114,115" machi="58" ten="50,12000,1" yaku="15,1,34,3" doraHai="69" who="0" fromWho="1" sc="145,132,113,-132,167,0,575,0" owari="277,8.0,-19,-52.0,167,-23.0,575,67.0" /></mjloggm>