<mjloggm ver="2.3"><GO type="185" lobby="0"/><UN n0="%65%6C%75%6C%75" n1="%50%42%33%2D%50" n2="%E9%B3%B4%E3%81%8D%E9%BA%BB%E9%9B%80" n3="" dan="16,17,17,0" rate="2215.37,2251.32,2272.12,1500.00" sx="M,M,M,C"/><TAIKYOKU oya="0"/><INIT seed="0,0,0,0,3,38" ten="350,350,350,0" oya="0" hai0="117,60,43,102,58,121,39,49,107,34,76,72,98" hai1="81,119,122,78,54,112,57,36,80,103,120,108,86" hai2="51,44,133,46,132,123,110,68,109,95,113,48,118" hai3=""/><T69/><N who="0" m="31008" /><T101/><D34/><U135/><N who="1" m="30752" /><U71/><N who="1" m="31264" /><U63/><E119/><V75/><N who="2" m="31520" /><V45/><F75/><T116/><D102/><U32/><E32/><V128/><F95/><T35/><D35/><U62/><E112/><V126/><F113/><T97/><D97/><U66/><E108/><N who="2" m="41579" /><F126/><T111/><D111/><U2/><E2/><V42/><F128/><T115/><D115/><U55/><E135/><N who="2" m="51787" /><F118/><T67/><D76/><U88/><E36/><V56/><F68/><T92/><D72/><U127/><E127/><V33/><F33/><T87/><D87/><U105/><E103/><V50/><F56/><T47/><D92/><U73/><REACH who="1" step="1"/><E105/><REACH who="1" ten="350,340,350,0" step="2"/><V83/><F83/><T85/><D117/><U96/><E96/><V52/><F46/><T64/><D116/><U0/><E0/><V90/><F90/><T37/><D107/><U100/><E100/><V130/><F130/><T131/><D131/><U77/><E77/><V59/><F45/><T114/><D114/><U134/><E134/><V61/><AGARI ba="0,1" hai="42,44,48,50,51,52,59,61" m="51787,41579,31520" machi="61" ten="30,9000,2" yaku="14,1,20,1,34,2,52,2,54,1" doraHai="38" who="2" fromWho="2" sc="350,-60,340,-30,350,100,0,0" /><INIT seed="1,0,0,3,2,128" ten="290,310,450,0" oya="1" hai0="85,88,90,57,49,121,71,64,53,97,50,82,81" hai1="117,116,133,113,130,40,48,74,76,106,87,66,134" hai2="56,99,132,45,100,59,123,36,68,79,107,86,55" hai3=""/><U63/><E74/><V3/><N who="2" m="31520" /><V32/><F32/><T92/><N who="0" m="31008" /><T43/><D71/><U70/><E106/><V96/><F3/><T51/><D64/><U73/><E73/><V109/><F68/><T72/><D72/><U127/><E113/><V52/><F109/><T54/><D43/><U33/><E33/><V94/><F86/><T91/><D54/><U37/><E37/><V112/><F52/><T122/><N who="0" m="31264" /><T44/><D44/><U58/><E130/><V120/><F55/><T83/><REACH who="0" step="1"/><D85/><REACH who="0" ten="280,310,450,0" step="2"/><U47/><E70/><V42/><F45/><T65/><D65/><U115/><E115/><V0/><F42/><T80/><N who="0" m="20480" /><DORA hai="69" /><T98/><D98/><U129/><E129/><V118/><F96/><T110/><D110/><U131/><E131/><V89/><F99/><T84/><D84/><U61/><E116/><V104/><F118/><T67/><D67/><U77/><E117/><V35/><F112/><T105/><D105/><U101/><E87/><V2/><F107/><T119/><D119/><U114/><E114/><V102/><F104/><T41/><D41/><U1/><E40/><V124/><F120/><T46/><D46/><U62/><E47/><V111/><F111/><T135/><D135/><RYUUKYOKU ba="0,1" sc="280,20,310,-10,450,-10,0,0" hai0="49,50,51,53,57,88,90,91,92,97" /><INIT seed="2,1,1,2,5,64" ten="300,300,440,0" oya="2" hai0="103,135,70,110,77,117,3,43,42,108,66,100,55" hai1="75,124,40,116,89,119,65,79,62,34,80,128,1" hai2="32,54,33,96,95,118,87,48,114,98,126,90,134" hai3=""/><V39/><F114/><T72/><D3/><U0/><E34/><V74/><F118/><N who="1" m="45097" /><E128/><V47/><F126/><T85/><D72/><U63/><E124/><V97/><F134/><T35/><D35/><U61/><E40/><V112/><F112/><T107/><D117/><U53/><E89/><V73/><F74/><T58/><D135/><U122/><N who="1" m="31264" /><U99/><E99/><V125/><F125/><T88/><D77/><U127/><E127/><V71/><F73/><T129/><D129/><U76/><E76/><V52/><F33/><T120/><N who="0" m="30752" /><T111/><D42/><U102/><E102/><V94/><F32/><T83/><D43/><U131/><E131/><V115/><F115/><T101/><D107/><U81/><E81/><V104/><F104/><T44/><D103/><U123/><N who="1" m="31520" /><U105/><E105/><V106/><F106/><T130/><D130/><U78/><E78/><V84/><F90/><T37/><D101/><U56/><E63/><V36/><F97/><T46/><D100/><U82/><E82/><V41/><F41/><T49/><D37/><U2/><E2/><V109/><F39/><T67/><D88/><U68/><AGARI ba="1,1" hai="0,1,53,56,61,62,65,68,75,79,80" m="31520,31264,45097" machi="68" ten="30,5900,0" yaku="12,1,52,3" doraHai="64" who="1" fromWho="1" sc="300,-21,300,71,440,-40,0,0" /><INIT seed="4,0,0,4,4,133" ten="279,371,400,0" oya="0" hai0="0,71,72,35,118,129,79,55,108,46,98,124,3" hai1="104,88,112,125,101,44,123,75,115,117,114,110,61" hai2="107,85,128,69,59,66,121,119,135,58,51,70,130" hai3=""/><T56/><D35/><U134/><N who="1" m="31520" /><U37/><E125/><V102/><N who="2" m="31008" /><V2/><F2/><T84/><D118/><U109/><E117/><V41/><F135/><T131/><D71/><U73/><E134/><V105/><F119/><T77/><D108/><N who="1" m="41579" /><E61/><V32/><F32/><T48/><D72/><N who="1" m="27723" /><E88/><V111/><F111/><T116/><D116/><U92/><E92/><V100/><F105/><T87/><D0/><U78/><E78/><V76/><F76/><T94/><D3/><U47/><E37/><V106/><F107/><T126/><D79/><U83/><E83/><V65/><F106/><T64/><D77/><U90/><E90/><V99/><F51/><T81/><D81/><U97/><AGARI ba="0,0" hai="44,47,97,101,104,112,114,115" m="27723,41579,31520" machi="97" ten="40,3900,0" yaku="15,1,11,1,52,1" doraHai="133" who="1" fromWho="1" sc="279,-26,371,39,400,-13,0,0" /><INIT seed="5,0,0,2,5,70" ten="253,410,387,0" oya="1" hai0="114,91,85,128,86,112,106,80,105,115,36,104,124" hai1="121,126,53,56,68,129,63,44,58,60,125,100,93" hai2="117,34,113,57,95,116,55,84,79,59,35,45,41" hai3=""/><U50/><N who="1" m="31008" /><U90/><E100/><V75/><F75/><T52/><D128/><U43/><E129/><V111/><F111/><T107/><N who="0" m="26624" /><DORA hai="101" /><T131/><D131/><U123/><N who="1" m="31520" /><U120/><N who="1" m="30752" /><U73/><E73/><V1/><F1/><T127/><D36/><U51/><E68/><V133/><F133/><T69/><D69/><U67/><REACH who="1" step="1"/><E63/><REACH who="1" ten="253,400,387,0" step="2"/><V134/><F117/><T3/><D3/><U89/><E89/><V92/><F116/><T87/><D52/><U47/><E47/><V130/><F45/><T118/><D118/><U81/><E81/><V40/><F130/><T65/><D65/><U38/><E38/><V61/><F55/><T32/><D32/><U108/><E108/><V99/><F35/><T49/><D49/><U54/><E54/><V98/><F34/><T74/><D91/><U94/><E94/><V42/><F92/><T103/><D103/><U64/><E64/><V83/><F95/><T97/><D97/><AGARI ba="0,1" hai="43,44,50,51,53,56,58,60,67,90,93,97,125,126" m="30752,31520,31008" machi="97" ten="40,18000,2" yaku="1,1,52,3,53,2" doraHai="70,101" doraHaiUra="135,109" who="1" fromWho="0" sc="253,-180,400,190,387,0,0,0" /><INIT seed="5,1,0,3,2,64" ten="73,590,387,0" oya="1" hai0="79,113,80,116,50,55,110,107,135,40,127,134,36" hai1="37,88,65,133,106,34,121,118,132,90,96,57,124" hai2="66,109,67,51,48,58,32,47,69,56,92,39,70" hai3=""/><U108/><N who="1" m="31008" /><U1/><E1/><V115/><F32/><T94/><D107/><U61/><E34/><V74/><F74/><T52/><D110/><U128/><E108/><V82/><F92/><T2/><D2/><U44/><E118/><V119/><F82/><T71/><D94/><U72/><E72/><V0/><F0/><T101/><D101/><U68/><E128/><V123/><N who="2" m="31520" /><V87/><F87/><T93/><D93/><U126/><E57/><N who="2" m="22123" /><F109/><T59/><D80/><U76/><E76/><V84/><F84/><T131/><D79/><U41/><E106/><V97/><F97/><T98/><D98/><U77/><E77/><V99/><F99/><T45/><D131/><U73/><E73/><V103/><F103/><T125/><D116/><U114/><E114/><V104/><F115/><T112/><D113/><U120/><N who="1" m="30752" /><U63/><E63/><V129/><F129/><T62/><D112/><U43/><E43/><V130/><F130/><T53/><D135/><N who="1" m="51787" /><E96/><V46/><F119/><T81/><D134/><U91/><AGARI ba="1,0" hai="37,41,44,61,65,68,88,90,91,124,126" m="51787,30752,31008" machi="91" ten="40,8000,1" yaku="20,1,52,3,54,1" doraHai="64" who="1" fromWho="1" sc="73,-41,590,82,387,-41,0,0" /><INIT seed="5,2,0,0,4,95" ten="32,672,346,0" oya="1" hai0="80,82,66,131,85,38,112,83,126,93,41,92,98" hai1="105,71,58,0,45,123,42,99,70,1,103,46,36" hai2="50,47,52,72,115,74,69,106,32,55,88,124,2" hai3=""/><U64/><N who="1" m="31520" /><U67/><E58/><V110/><F110/><T65/><D41/><U118/><E118/><V3/><F32/><T54/><D38/><U81/><E81/><V111/><F111/><T56/><D131/><U96/><E105/><V132/><F124/><T84/><D126/><U33/><E103/><V97/><F132/><T127/><D127/><U101/><E101/><V73/><F115/><T39/><D39/><U77/><E77/><V128/><F128/><T76/><D112/><U134/><E36/><V51/><F69/><T130/><D130/><U133/><E42/><V37/><F37/><T129/><D129/><U60/><E60/><V89/><F106/><T104/><D104/><U102/><E102/><V125/><F125/><T44/><D44/><U63/><E63/><V78/><F78/><T122/><N who="0" m="31264" /><T119/><D119/><U43/><E43/><V121/><F121/><T61/><D93/><U57/><E57/><V87/><F47/><T109/><D109/><U94/><E94/><V75/><F3/><T48/><D76/><U86/><E86/><V59/><F87/><T120/><N who="0" m="30752" /><T107/><D107/><U68/><E68/><V114/><F114/><T34/><D84/><U100/><E33/><RYUUKYOKU ba="2,0" sc="32,-10,672,20,346,-10,0,0" hai1="0,1,45,46,64,67,70,71,96,99,100,133,134" /><INIT seed="5,3,0,1,2,64" ten="22,692,336,0" oya="1" hai0="0,55,39,3,69,61,83,51,99,108,68,75,73" hai1="52,120,79,56,82,45,100,119,89,134,107,124,122" hai2="104,96,85,36,1,62,35,86,70,76,128,77,42" hai3=""/><U106/><N who="1" m="30752" /><U111/><E119/><V50/><F35/><T109/><D39/><U71/><E71/><V131/><F1/><T126/><D99/><U48/><E134/><V2/><F2/><T84/><D84/><N who="2" m="32362" /><F36/><T132/><D61/><U58/><E106/><V103/><F70/><T49/><D55/><U129/><E89/><V125/><F62/><T101/><D101/><U110/><E58/><V115/><F125/><T47/><D83/><U63/><E124/><V114/><F50/><T37/><D37/><U98/><N who="1" m="31264" /><U65/><REACH who="1" step="1"/><E129/><REACH who="1" ten="22,682,336,0" step="2"/><V34/><F131/><T123/><N who="0" m="31520" /><T40/><D126/><U32/><E32/><V118/><F104/><T54/><D132/><U81/><E81/><V80/><F80/><T97/><D47/><U135/><E135/><V87/><F118/><T93/><D93/><U46/><E46/><V41/><F34/><T72/><D69/><U60/><E60/><V95/><F128/><T59/><D68/><U33/><E33/><V57/><F57/><T53/><D0/><U105/><E105/><V43/><F77/><T91/><D3/><U67/><E67/><V102/><F76/><T116/><D116/><U78/><E78/><V44/><F44/><T127/><D59/><RYUUKYOKU ba="3,1" sc="22,-10,682,20,336,-10,0,0" hai1="45,48,52,56,63,65,79,82,98,100,107,110,111" /><INIT seed="5,4,1,5,4,85" ten="12,702,326,0" oya="1" hai0="103,124,101,122,36,45,55,3,2,44,48,38,120" hai1="108,52,67,66,57,104,34,1,97,69,117,81,116" hai2="35,49,135,130,132,114,50,82,126,99,70,123,110" hai3=""/><U43/><E1/><V68/><F82/><T78/><N who="0" m="30752" /><T71/><N who="0" m="31264" /><T87/><D71/><U89/><E34/><V96/><N who="2" m="31520" /><V58/><F35/><T115/><D124/><U92/><E104/><V56/><F110/><T0/><D115/><U119/><E69/><V113/><F126/><T37/><REACH who="0" step="1"/><D45/><REACH who="0" ten="2,702,326,0" step="2"/><U90/><E108/><V118/><F130/><T91/><D91/><U88/><E81/><AGARI ba="4,2" hai="0,2,3,36,37,38,44,48,55,78,81,87,101,103" m="31264,30752" machi="81" ten="50,6400,0" yaku="1,1,52,2,53,0" doraHai="85" doraHaiUra="121" who="0" fromWho="1" sc="2,92,702,-72,326,0,0,0" /><INIT seed="6,0,0,2,0,113" ten="94,630,326,0" oya="2" hai0="89,0,40,86,65,34,32,126,94,80,129,70,42" hai1="109,71,2,101,100,99,35,104,48,128,49,132,98" hai2="103,58,120,106,73,117,110,60,125,43,61,46,83" hai3=""/><V131/><N who="2" m="30752" /><V119/><F131/><T3/><D129/><U74/><E128/><V67/><F125/><T69/><D126/><U54/><E74/><V64/><F110/><T76/><D65/><U124/><E71/><V127/><F127/><T135/><D94/><U37/><E124/><V87/><F73/><T50/><D50/><U81/><E132/><V90/><F103/><T102/><D102/><U52/><E81/><V77/><F90/><T95/><D95/><U38/><E104/><V59/><F106/><T93/><D93/><U91/><E91/><V134/><F134/><T130/><D130/><U84/><E84/><V96/><F96/><T57/><D89/><U51/><E51/><AGARI ba="0,0" hai="43,46,51,58,59,60,61,64,67,77,83,87,117,119" m="30752" machi="51" ten="30,12000,1" yaku="7,1,9,1,52,3" doraHai="113" who="2" fromWho="1" sc="94,0,630,-120,326,120,0,0" /><INIT seed="6,1,0,1,5,87" ten="94,510,446,0" oya="2" hai0="119,55,127,130,0,48,61,89,76,78,34,123,121" hai1="35,85,97,73,100,70,49,43,60,98,82,116,80" hai2="46,1,129,125,133,57,101,72,75,69,79,88,109" hai3=""/><V53/><F1/><T59/><D76/><U84/><E35/><V64/><F129/><T81/><D78/><U95/><E116/><V74/><F125/><T44/><D81/><N who="1" m="31339" /><E73/><V2/><F2/><T56/><D89/><U124/><E124/><V65/><F79/><T117/><N who="0" m="31008" /><T92/><N who="0" m="31520" /><T58/><D92/><U52/><E70/><V32/><F32/><T51/><D0/><U36/><E36/><V135/><F109/><T105/><D105/><U90/><E60/><V106/><F69/><T131/><D34/><U47/><E43/><V120/><N who="2" m="30752" /><V107/><F46/><T83/><D83/><U77/><E77/><V108/><F108/><T50/><D127/><U62/><E62/><V111/><F111/><T104/><D104/><N who="2" m="39978" /><F101/><T134/><D61/><U71/><E71/><V112/><F88/><T115/><D115/><U41/><E41/><V99/><F112/><T118/><D44/><U40/><E40/><V103/><F103/><T33/><D33/><U54/><E54/><V110/><F110/><T39/><D39/><U132/><E132/><N who="2" m="50763" /><F99/><T122/><N who="0" m="31264" /><T67/><D134/><U3/><E3/><V126/><F126/><T45/><D119/><U114/><E114/><V68/><F68/><RYUUKYOKU ba="1,0" sc="94,-20,510,10,446,10,0,0" hai1="47,49,52,84,85,90,95,97,98,100" hai2="53,57,64,65,72,74,75" /><INIT seed="6,2,0,1,0,42" ten="74,520,456,0" oya="2" hai0="124,0,106,40,32,88,97,129,108,2,112,45,133" hai1="132,98,1,33,69,105,117,75,72,81,67,73,64" hai2="114,109,56,49,101,104,35,89,37,52,128,78,50" hai3=""/><V41/><F35/><T115/><D88/><U110/><E33/><V86/><F114/><T82/><D82/><U62/><E1/><V102/><F128/><T85/><D85/><U103/><E132/><V92/><F109/><T113/><D97/><U76/><E110/><V54/><F104/><T74/><D45/><U48/><E117/><V118/><F118/><T90/><D90/><U107/><E107/><V57/><F78/><T94/><D40/><U121/><N who="1" m="31008" /><U34/><E34/><V39/><F37/><T59/><D59/><U122/><N who="1" m="31264" /><U111/><E111/><V60/><F39/><T120/><D94/><U127/><E127/><V70/><F70/><T116/><D113/><U126/><E126/><V123/><N who="2" m="31520" /><V38/><F38/><T125/><D115/><U130/><E130/><V79/><F79/><T43/><D43/><U36/><E36/><V80/><F92/><T47/><D125/><U119/><E119/><V135/><F135/><T55/><D124/><U84/><E75/><V77/><F77/><T65/><D133/><U46/><E73/><V83/><F80/><T63/><D106/><U99/><E72/><V44/><AGARI ba="2,0" hai="41,44,49,50,52,54,56,57,60,83,86,89,101,102" m="31520" machi="44" ten="30,8000,1" yaku="0,1,8,1,52,2,54,1" doraHai="42" who="2" fromWho="2" sc="74,-42,520,-42,456,84,0,0" owari="32,-57.0,478,8.0,540,49.0,0,0.0" /></mjloggm>