<mjloggm ver="2.3"><GO type="169" lobby="0"/><UN n0="%73%68%6F%6B%6F%6C%61%32" n1="%E3%83%97%E3%83%AC%E3%82%AF%E3%83%A9%E3%82%B9%E3%83%8B%E3%83%BC" n2="%E3%81%BF%E3%81%8B%E3%82%93%EF%BC%A0%E3%82%8F%E3%81%8B%E3%82%81%E3%81%A6" n3="%2D%6B%65%6C%2E" dan="17,16,16,16" rate="2122.41,2198.64,2062.23,2136.80" sx="M,M,M,M"/><TAIKYOKU oya="0"/><INIT seed="0,0,0,5,5,109" ten="250,250,250,250" oya="0" hai0="26,15,7,98,123,65,130,104,88,71,121,48,52" hai1="18,39,133,32,134,4,33,58,120,76,75,47,68" hai2="38,56,66,3,53,30,60,64,92,2,29,35,81" hai3="80,79,74,114,20,6,110,34,105,61,122,17,27"/><T77/><D130/><U97/><E120/><V100/><F38/><W13/><G122/><T8/><D77/><U99/><E68/><V124/><F124/><W108/><G105/><T63/><D26/><U132/><E58/><V21/><F35/><N who="1" m="13385" /><E18/><V70/><F81/><W31/><G114/><T59/><REACH who="0" step="1"/><D104/><REACH who="0" ten="240,250,250,250" step="2"/><U102/><E76/><V46/><F30/><W89/><G110/><T118/><D118/><U54/><E75/><V117/><F29/><W119/><G108/><T69/><D69/><U78/><E78/><V91/><F70/><W5/><G119/><T28/><D28/><U129/><E129/><V25/><F117/><W55/><G89/><T45/><D45/><U82/><E102/><V43/><F46/><W22/><G34/><T1/><D1/><U0/><E47/><V62/><F3/><W93/><G93/><AGARI ba="0,1" hai="7,8,15,48,52,59,63,65,71,88,93,98,121,123" machi="93" ten="40,7700,0" yaku="1,1,54,2,53,0" doraHai="109" doraHaiUra="19" who="0" fromWho="3" sc="240,87,250,0,250,0,250,-77" /><INIT seed="0,1,0,4,2,91" ten="327,250,250,173" oya="0" hai0="82,23,22,26,32,53,104,86,20,81,61,101,68" hai1="50,69,49,117,44,116,99,133,105,34,109,89,107" hai2="102,35,10,100,112,56,6,118,24,63,5,51,7" hai3="131,111,76,18,62,12,74,64,8,127,48,58,3"/><T36/><D36/><U14/><E109/><V65/><F112/><W21/><G111/><T25/><D53/><U98/><E34/><V66/><F118/><W135/><G135/><T55/><D55/><U123/><E133/><V110/><F110/><W38/><G38/><T33/><D82/><U30/><E30/><V79/><F66/><W42/><G131/><T78/><D101/><U122/><E14/><V125/><F125/><W39/><G127/><T4/><D104/><U114/><E89/><V119/><F79/><W103/><G103/><T84/><D4/><U96/><E69/><V43/><F119/><W120/><G120/><T106/><D86/><U15/><E15/><V108/><F10/><W121/><G121/><T17/><D106/><U13/><E13/><V126/><F108/><W92/><G39/><T85/><D85/><U40/><E99/><V41/><F126/><W9/><G3/><T11/><D11/><U128/><E128/><V2/><F2/><W93/><G76/><T77/><D77/><U88/><E44/><N who="2" m="25999" /><F43/><W54/><G74/><T52/><D23/><U27/><E40/><V115/><F115/><W45/><G42/><T16/><D68/><U124/><E114/><V80/><F80/><W67/><G67/><T31/><D31/><U47/><E124/><V29/><F35/><W60/><G60/><T37/><REACH who="0" step="1"/><D37/><REACH who="0" ten="317,250,250,173" step="2"/><U1/><E117/><V113/><F113/><W0/><G0/><T72/><D72/><U70/><E1/><V28/><F28/><W90/><G90/><T59/><AGARI ba="1,1" hai="16,17,20,22,25,26,32,33,52,59,61,78,81,84" machi="59" ten="30,12000,1" yaku="1,1,0,1,9,1,54,2,53,0" doraHai="91" doraHaiUra="71" who="0" fromWho="0" sc="317,133,250,-41,250,-41,173,-41" /><INIT seed="0,2,0,5,4,27" ten="450,209,209,132" oya="0" hai0="11,80,18,20,10,9,41,43,108,79,133,111,14" hai1="6,72,55,54,32,65,129,125,109,24,13,26,94" hai2="93,104,40,82,132,56,110,91,35,120,131,1,5" hai3="68,126,116,124,22,8,71,12,33,121,92,81,98"/><T62/><D133/><U97/><E72/><V3/><F120/><W50/><G116/><T85/><REACH who="0" step="1"/><D62/><REACH who="0" ten="440,209,209,132" step="2"/><U42/><E109/><AGARI ba="2,1" hai="9,10,11,14,18,20,41,43,79,80,85,108,109,111" machi="109" ten="40,12000,1" yaku="1,1,2,1,14,1,10,1,53,1" doraHai="27" doraHaiUra="19" who="0" fromWho="1" sc="440,136,209,-126,209,0,132,0" /><INIT seed="0,3,0,0,3,52" ten="576,83,209,132" oya="0" hai0="130,9,23,68,78,119,80,20,79,29,37,67,24" hai1="34,120,77,4,90,28,64,25,100,32,106,81,133" hai2="36,7,13,26,5,62,97,40,8,10,66,127,17" hai3="129,0,6,92,60,75,18,53,93,38,76,50,58"/><T56/><D119/><U95/><E133/><V15/><F127/><W128/><G38/><T91/><D130/><N who="3" m="50281" /><G0/><T71/><D37/><U45/><E120/><V31/><F97/><W122/><G6/><T123/><D123/><U72/><E4/><V57/><F36/><W19/><G122/><T63/><D9/><U85/><E45/><V112/><F112/><W33/><G33/><T118/><D118/><U121/><E121/><V96/><F96/><W86/><G75/><T11/><D11/><U107/><E34/><V125/><F125/><W134/><G134/><T89/><D23/><U109/><E109/><V87/><F87/><W70/><G76/><T30/><D30/><U47/><E47/><V115/><F115/><W59/><G70/><T42/><D42/><U61/><REACH who="1" step="1"/><E100/><REACH who="1" ten="576,73,209,132" step="2"/><V98/><F40/><W27/><G27/><T3/><D3/><U101/><E101/><V113/><F113/><W105/><G105/><T54/><D71/><AGARI ba="3,1" hai="25,28,32,61,64,71,72,77,81,85,90,95,106,107" machi="71" ten="30,2000,0" yaku="1,1,7,1,53,0" doraHai="52" doraHaiUra="39" who="1" fromWho="0" sc="576,-29,73,39,209,0,132,0" /><INIT seed="1,0,0,3,5,52" ten="547,112,209,132" oya="1" hai0="49,96,7,27,11,22,93,70,43,131,116,21,129" hai1="113,124,51,14,15,82,91,10,45,34,87,134,74" hai2="13,48,98,44,4,72,24,26,53,95,28,73,50" hai3="125,40,77,88,123,108,92,94,66,126,69,55,46"/><U6/><E113/><V12/><F72/><W41/><G123/><T104/><D70/><U16/><E124/><N who="3" m="47722" /><G77/><T29/><D104/><U83/><E134/><V118/><F73/><W65/><G108/><T59/><D116/><U117/><E117/><V47/><F118/><W54/><G94/><T30/><D43/><N who="3" m="16457" /><G92/><T130/><D49/><U62/><E62/><V103/><F4/><W121/><G88/><N who="0" m="55335" /><D30/><U101/><E34/><V42/><REACH who="2" step="1"/><F26/><REACH who="2" ten="547,112,199,132" step="2"/><W81/><G121/><T76/><D27/><U60/><E74/><V68/><F68/><W32/><G69/><T23/><D131/><U56/><E101/><V33/><AGARI ba="0,1" hai="12,13,24,28,33,42,44,47,48,50,53,95,98,103" machi="33" ten="20,2700,0" yaku="1,1,0,1,7,1,53,0" doraHai="52" doraHaiUra="86" who="2" fromWho="2" sc="547,-7,112,-13,199,37,132,-7" /><INIT seed="2,0,0,2,0,13" ten="540,99,236,125" oya="2" hai0="46,14,7,3,110,99,84,91,78,35,108,124,92" hai1="94,107,38,40,62,61,10,54,67,70,53,117,129" hai2="76,0,24,27,8,49,135,59,6,72,29,90,112" hai3="33,20,11,104,23,111,51,128,133,58,55,9,126"/><V85/><F112/><W47/><G111/><N who="0" m="42539" /><D35/><U82/><E107/><V83/><F135/><W19/><G104/><T69/><D69/><U71/><E82/><V30/><F30/><W68/><G68/><N who="1" m="26154" /><E94/><V74/><F27/><W63/><G133/><T73/><D3/><U101/><E10/><V50/><F59/><W80/><G128/><T65/><D65/><U36/><E101/><V130/><F130/><W98/><G126/><T21/><D46/><U123/><E129/><V45/><F45/><W22/><G33/><T44/><D44/><N who="1" m="23559" /><E123/><V134/><F134/><W95/><G80/><N who="0" m="45135" /><D7/><U100/><E117/><V114/><F114/><W64/><REACH who="3" step="1"/><G19/><REACH who="3" ten="540,99,236,115" step="2"/><N who="0" m="10487" /><D124/><U79/><E79/><V115/><F115/><W16/><G16/><T39/><D39/><U121/><E121/><V41/><F76/><W42/><G42/><T93/><D93/><U12/><E38/><V96/><F6/><W77/><G77/><T28/><D28/><U127/><E127/><V66/><F29/><W116/><G116/><T18/><D18/><U31/><E31/><V102/><F83/><W60/><G60/><T32/><D32/><U109/><E62/><V105/><F105/><W132/><G132/><T106/><D106/><U81/><E81/><V57/><F72/><W34/><G34/><T87/><AGARI ba="0,1" hai="84,87,91,92,99" m="10487,45135,42539" machi="87" ten="30,2000,0" yaku="14,1,52,1" doraHai="13" who="0" fromWho="0" sc="540,30,99,-5,236,-10,115,-5" /><INIT seed="3,0,0,5,0,110" ten="570,94,226,110" oya="3" hai0="16,10,67,111,32,55,66,75,88,36,83,69,97" hai1="65,30,79,115,38,120,20,28,109,43,118,128,117" hai2="13,56,85,133,113,42,8,119,48,5,86,33,37" hai3="51,14,108,64,6,24,112,124,29,81,80,3,101"/><W76/><G108/><T87/><D32/><U39/><E109/><V102/><F119/><W91/><G124/><T22/><D36/><U121/><E79/><V26/><F133/><W94/><G3/><T47/><D75/><U62/><E128/><V34/><F102/><W93/><G64/><T77/><D111/><U73/><E73/><V1/><F34/><W50/><G112/><T106/><D69/><U126/><E20/><V7/><F7/><W122/><G122/><N who="1" m="47210" /><E43/><V98/><F98/><W31/><G101/><T99/><D10/><U58/><E28/><N who="2" m="19607" /><F113/><W11/><G31/><T70/><D106/><U130/><E30/><V104/><F104/><W0/><G0/><T18/><D70/><N who="1" m="42295" /><E130/><V2/><F37/><N who="1" m="13833" /><E126/><V57/><F1/><W135/><G135/><T125/><D125/><U27/><E27/><V4/><F4/><W105/><G105/><T49/><D18/><U53/><E115/><V92/><F92/><N who="3" m="35435" /><G76/><T84/><D99/><U19/><E19/><V78/><F78/><W127/><G127/><T15/><D97/><U45/><E45/><N who="2" m="25655" /><F2/><W107/><G107/><T68/><D68/><U61/><AGARI ba="0,0" hai="53,58,61,117,118" m="13833,42295,47210" machi="61" ten="40,2700,0" yaku="34,2" doraHai="110" who="1" fromWho="1" sc="570,-7,94,27,226,-7,110,-13" /><INIT seed="4,0,0,1,2,28" ten="563,121,219,97" oya="0" hai0="104,112,102,108,51,14,99,38,36,16,100,60,39" hai1="31,111,96,32,44,119,7,61,121,6,78,50,73" hai2="2,125,94,42,17,70,34,124,4,115,90,103,106" hai3="118,30,87,117,5,19,68,24,21,97,27,129,95"/><T116/><D116/><U134/><E119/><V92/><F70/><W29/><G129/><T114/><D102/><U53/><E111/><V72/><F42/><W37/><G37/><T55/><D60/><U20/><E134/><V85/><F2/><W126/><G68/><T93/><D104/><U65/><E121/><V77/><F4/><W76/><G126/><N who="2" m="48745" /><F17/><W135/><G135/><T23/><REACH who="0" step="1"/><D108/><REACH who="0" ten="553,121,219,97" step="2"/><U89/><E73/><V3/><F72/><W131/><G118/><T52/><D52/><U123/><E61/><V71/><F103/><W66/><G117/><T58/><AGARI ba="0,1" hai="14,16,23,36,38,39,51,55,58,93,99,100,112,114" machi="58" ten="40,12000,1" yaku="1,1,0,1,54,1,53,1" doraHai="28" doraHaiUra="91" who="0" fromWho="0" sc="553,130,121,-40,219,-40,97,-40" /><INIT seed="4,1,0,4,4,55" ten="683,81,179,57" oya="0" hai0="4,105,113,56,52,129,19,123,11,29,80,12,28" hai1="102,122,6,69,34,135,117,9,14,57,31,98,120" hai2="46,87,13,116,36,25,88,30,83,85,62,107,54" hai3="96,121,41,110,132,49,112,103,101,109,47,44,60"/><T70/><D123/><U108/><E69/><V106/><F116/><W39/><G121/><T71/><D105/><U27/><E117/><V0/><F0/><W131/><G103/><T37/><D37/><U21/><E108/><V33/><F13/><W89/><G89/><T84/><D113/><U65/><E135/><V74/><F74/><W42/><G101/><T2/><D129/><U114/><E114/><V125/><F125/><W51/><G96/><T23/><D71/><U126/><E126/><V100/><F100/><W43/><G112/><T20/><D70/><U38/><E38/><V119/><F119/><W16/><G16/><T124/><D23/><U50/><E34/><V8/><F8/><W86/><G86/><T79/><REACH who="0" step="1"/><D124/><REACH who="0" ten="673,81,179,57" step="2"/><U67/><E120/><V32/><F36/><W10/><G131/><T134/><D134/><U35/><E122/><V93/><F33/><W64/><G132/><T77/><D77/><U82/><E35/><V95/><F107/><W1/><G10/><T133/><D133/><U18/><E21/><V58/><F106/><W127/><G127/><T24/><D24/><U7/><E27/><V63/><F32/><W68/><G1/><T59/><D59/><U72/><E57/><V5/><F25/><W3/><G3/><T75/><D75/><U40/><E72/><V45/><F58/><W17/><G17/><T73/><D73/><U97/><E18/><V128/><F128/><W48/><REACH who="3" step="1"/><G39/><REACH who="3" ten="673,81,179,47" step="2"/><T78/><D78/><U81/><E9/><V76/><F76/><W94/><G94/><T99/><D99/><U66/><E97/><RYUUKYOKU ba="1,2" sc="673,15,81,-15,179,-15,47,15" hai0="2,4,11,12,19,20,28,29,52,56,79,80,84" hai3="41,42,43,44,47,48,49,51,60,64,68,109,110" /><INIT seed="4,2,2,3,5,1" ten="688,66,164,62" oya="0" hai0="40,116,74,93,118,56,59,38,131,82,69,43,95" hai1="65,108,86,19,20,11,73,75,130,30,113,115,51" hai2="3,120,31,4,83,8,9,109,85,37,135,13,107" hai3="79,114,105,94,36,78,26,60,52,126,64,33,72"/><T104/><D104/><U92/><E108/><V48/><F37/><W133/><G114/><N who="1" m="43530" /><E130/><V49/><F109/><W27/><G133/><T0/><D0/><U89/><E65/><V87/><F120/><W100/><G126/><T12/><D12/><N who="1" m="7583" /><E51/><V50/><F135/><W34/><G36/><T54/><D38/><U18/><E30/><V16/><F107/><W106/><G72/><T110/><D110/><U58/><E58/><V99/><F99/><W17/><G17/><T77/><D69/><U91/><E91/><V25/><REACH who="2" step="1"/><F83/><REACH who="2" ten="688,66,154,62" step="2"/><W96/><G106/><T7/><D82/><U41/><E41/><V46/><F46/><W63/><G105/><T29/><D40/><U6/><E6/><V97/><F97/><W102/><G96/><T10/><D7/><U67/><E67/><V119/><F119/><W117/><G117/><T132/><D43/><U112/><E112/><V55/><F55/><W81/><G64/><T121/><D54/><U103/><E103/><V35/><AGARI ba="2,3" hai="3,4,8,9,13,16,25,31,35,48,49,50,85,87" machi="35" ten="30,8000,1" yaku="1,1,0,1,52,1,54,1,53,1" doraHai="1" doraHaiUra="32" who="2" fromWho="2" sc="688,-42,66,-22,154,116,62,-22" /><INIT seed="5,0,0,4,4,133" ten="646,44,270,40" oya="1" hai0="2,34,115,114,56,63,82,91,46,64,95,11,59" hai1="35,5,50,77,57,71,17,79,83,65,108,119,9" hai2="23,8,74,102,13,130,121,120,36,37,101,135,122" hai3="51,28,117,128,58,109,33,7,62,60,3,93,70"/><U53/><E119/><V68/><F74/><W113/><G109/><T80/><D34/><U72/><E108/><V31/><F135/><W81/><G117/><T29/><D29/><U18/><E35/><V76/><F76/><W0/><G128/><T54/><D46/><U38/><E79/><V69/><F130/><W25/><G113/><T111/><D111/><U48/><E38/><V110/><F110/><W85/><G93/><T43/><D43/><U87/><E50/><V92/><F23/><W30/><G30/><T124/><D124/><U15/><REACH who="1" step="1"/><E72/><REACH who="1" ten="646,34,270,40" step="2"/><V78/><F78/><W61/><G70/><T107/><D115/><U10/><E10/><V40/><F37/><W6/><G51/><T134/><D11/><U42/><E42/><V116/><F40/><W16/><G60/><AGARI ba="0,1" hai="5,9,15,17,18,48,53,57,60,65,71,77,83,87" machi="60" ten="40,2000,0" yaku="1,1,53,0" doraHai="133" doraHaiUra="112" who="1" fromWho="3" sc="646,0,34,30,270,0,40,-20" /><INIT seed="5,1,0,2,1,22" ten="646,64,270,20" oya="1" hai0="36,122,114,12,121,53,55,68,76,49,41,4,51" hai1="134,46,117,8,71,103,72,85,31,100,93,75,105" hai2="65,62,47,2,21,94,106,108,39,5,24,102,112" hai3="109,57,10,129,11,32,97,37,29,19,26,111,38"/><U120/><E71/><V101/><F108/><W124/><G38/><T45/><D76/><U90/><E120/><N who="0" m="46185" /><D12/><U7/><E117/><V34/><F34/><W33/><G37/><T80/><D80/><U15/><E134/><V58/><F106/><W59/><G97/><T56/><D4/><U54/><E31/><V52/><F112/><W61/><G129/><T74/><D74/><U42/><E54/><V20/><F20/><W89/><G124/><T126/><D114/><U119/><E119/><V60/><F39/><W9/><G33/><T14/><D14/><U125/><E125/><V43/><F43/><W96/><G19/><T83/><D83/><U6/><E6/><V27/><F21/><W18/><G18/><T23/><D23/><U128/><E128/><V44/><F5/><W70/><G70/><T66/><D126/><U84/><E84/><V88/><F2/><W67/><REACH who="3" step="1"/><G59/><REACH who="3" ten="646,64,270,10" step="2"/><N who="0" m="33215" /><D68/><U133/><E133/><V132/><F132/><W130/><G130/><T116/><D116/><U98/><E103/><V28/><F102/><W113/><G113/><T110/><D110/><U78/><E78/><V73/><F101/><W1/><G1/><T64/><AGARI ba="1,1" hai="36,41,45,49,55,56,64,66" m="33215,46185" machi="64" ten="30,4000,0" yaku="13,1,34,2" doraHai="22" who="0" fromWho="0" sc="646,53,64,-21,270,-11,10,-11" owari="699,80.0,43,-36.0,259,6.0,-1,-50.0" /></mjloggm>