<mjloggm ver="2.3"><GO type="169" lobby="0"/><UN n0="%E4%B8%AD%E5%B0%BE" n1="%50%65%74%65%72%50%61%6E" n2="%4C%C3%97%57%C3%97%4C" n3="%E3%81%A9%E3%82%93%E3%81%9F%E3%82%83%E3%82%93" dan="18,16,18,17" rate="2265.94,2105.83,2232.10,2194.14" sx="M,M,M,F"/><TAIKYOKU oya="0"/><INIT seed="0,0,0,3,5,34" ten="250,250,250,250" oya="0" hai0="5,26,58,74,97,11,127,107,98,92,130,78,21" hai1="22,27,62,20,69,17,135,83,70,105,4,0,89" hai2="53,63,120,82,111,95,81,7,14,37,1,106,131" hai3="99,122,133,8,64,2,38,91,46,23,54,39,67"/><T47/><D130/><U112/><E105/><V108/><F106/><W12/><G133/><T100/><D127/><U73/><E135/><V45/><F120/><W10/><G122/><T76/><D74/><U29/><E112/><V6/><F131/><W110/><G110/><N who="2" m="42025" /><F95/><W60/><G23/><T103/><D58/><U125/><E125/><V43/><F14/><W84/><G99/><T40/><D47/><U24/><E62/><V93/><F93/><W16/><G67/><T72/><D40/><U121/><E121/><V61/><F7/><W71/><G54/><T55/><D55/><U116/><E116/><V50/><F6/><W80/><REACH who="3" step="1"/><G46/><REACH who="3" ten="250,250,250,240" step="2"/><T49/><D72/><U88/><E22/><V126/><F126/><W75/><G75/><T31/><REACH who="0" step="1"/><D49/><REACH who="0" ten="240,250,250,240" step="2"/><U13/><E73/><V56/><F50/><W66/><G66/><T114/><D114/><U129/><E129/><V123/><F123/><W25/><G25/><T86/><D86/><U90/><E27/><V85/><F85/><W104/><G104/><T117/><D117/><U19/><E24/><V15/><F53/><W128/><G128/><T118/><D118/><U28/><E69/><V30/><F45/><W59/><G59/><T68/><D68/><U18/><E70/><V52/><F56/><W96/><G96/><T115/><D115/><U134/><E134/><V77/><F52/><W87/><G87/><T119/><D119/><U33/><E33/><V132/><F132/><W9/><G9/><T65/><D65/><U42/><E42/><V44/><F43/><W102/><G102/><T51/><D51/><RYUUKYOKU ba="0,2" sc="240,15,250,-15,250,-15,240,15" hai0="5,11,21,26,31,76,78,92,97,98,100,103,107" hai3="2,8,10,12,16,38,39,60,64,71,80,84,91" /><INIT seed="0,1,2,3,0,130" ten="255,235,235,255" oya="0" hai0="3,91,114,108,113,5,134,27,48,37,32,2,64" hai1="58,17,100,56,16,106,112,82,92,94,53,90,103" hai2="77,79,74,105,109,69,41,28,24,21,35,89,122" hai3="15,34,11,107,86,83,36,76,49,101,128,68,13"/><T73/><D64/><U8/><E112/><V6/><F122/><W84/><G36/><T18/><D48/><U123/><E123/><V23/><F69/><W111/><G128/><T88/><D37/><U30/><E30/><V40/><F105/><W119/><G119/><T127/><D73/><U133/><E106/><V102/><F102/><N who="1" m="38953" /><E133/><V120/><F120/><W104/><G34/><T81/><D81/><U52/><E82/><V116/><F74/><W12/><G68/><T20/><D32/><U87/><E94/><V72/><F72/><W63/><G111/><T42/><D42/><U54/><E8/><V44/><F40/><W96/><G63/><T65/><D65/><U97/><E97/><V78/><F109/><W55/><G104/><T66/><D66/><U117/><E117/><V0/><F116/><W60/><G60/><T129/><D108/><U19/><AGARI ba="1,2" hai="16,17,19,52,53,54,56,58,87,90,92" m="38953" machi="19" ten="40,5200,0" yaku="8,1,54,2" doraHai="130" who="1" fromWho="1" sc="255,-27,235,75,235,-14,255,-14" /><INIT seed="1,0,0,5,0,55" ten="228,310,221,241" oya="1" hai0="22,40,11,120,17,98,117,50,12,32,81,6,52" hai1="109,72,97,24,23,13,66,90,37,125,44,14,80" hai2="130,8,51,68,119,48,91,132,69,126,0,105,76" hai3="93,60,58,82,9,96,121,85,15,4,21,43,94"/><U99/><E125/><V26/><F119/><W54/><G121/><T19/><D32/><U122/><E122/><V87/><F126/><W108/><G108/><T67/><D120/><U106/><E109/><V45/><F105/><W33/><G33/><T88/><D67/><U107/><E66/><V31/><F132/><W77/><G43/><T131/><D131/><U7/><E99/><V10/><F51/><W118/><G118/><T47/><D117/><U18/><E7/><V104/><F104/><W71/><G71/><T102/><D102/><U36/><E107/><V113/><F76/><W1/><G96/><T20/><D40/><U25/><E25/><V75/><F75/><W3/><REACH who="3" step="1"/><G21/><REACH who="3" ten="228,310,221,231" step="2"/><N who="0" m="8299" /><D98/><U134/><E97/><V30/><F69/><W127/><G127/><T65/><D65/><U115/><E23/><V83/><F68/><W49/><G49/><T116/><D116/><U56/><E37/><V74/><F48/><W110/><G110/><T61/><D61/><U135/><E36/><V124/><F124/><W41/><G41/><T123/><D123/><U39/><E39/><V129/><F129/><W2/><AGARI ba="0,1" hai="1,2,3,4,9,15,54,58,60,77,82,85,93,94" machi="2" ten="30,7900,0" yaku="1,1,0,1,52,1,53,1" doraHai="55" doraHaiUra="78" who="3" fromWho="3" sc="228,-20,310,-39,221,-20,231,89" /><INIT seed="2,0,0,0,5,103" ten="208,271,201,320" oya="2" hai0="86,101,34,93,129,54,112,90,38,37,127,31,16" hai1="128,110,48,107,57,7,94,97,91,8,76,116,32" hai2="96,41,131,44,98,46,126,88,69,43,50,4,60" hai3="3,40,87,132,75,123,80,53,19,68,63,105,83"/><V81/><F131/><W55/><G123/><T24/><D112/><U0/><E128/><V26/><F126/><W135/><G3/><T119/><D127/><U67/><E110/><V73/><F4/><W14/><G40/><T115/><D115/><U49/><E32/><V109/><F109/><W79/><G105/><T17/><D129/><U33/><E33/><V113/><F113/><W134/><G68/><T39/><D119/><U92/><E107/><V51/><F26/><W108/><G63/><T36/><N who="0" m="9216" /><DORA hai="117" /><T84/><D101/><U82/><E94/><V102/><F102/><W5/><G5/><T45/><REACH who="0" step="1"/><D84/><REACH who="0" ten="198,271,201,320" step="2"/><U12/><E116/><V59/><F73/><W78/><REACH who="3" step="1"/><G108/><REACH who="3" ten="198,271,201,310" step="2"/><T27/><D27/><U66/><E0/><V25/><F25/><W122/><G122/><T85/><D85/><N who="1" m="48327" /><E67/><V95/><F98/><W99/><G99/><T20/><D20/><AGARI ba="0,2" hai="14,19,20,53,55,75,78,79,80,83,87,132,134,135" machi="20" ten="40,2600,0" yaku="1,1,20,1,53,0" doraHai="103,117" doraHaiUra="65,118" who="3" fromWho="0" sc="198,-26,271,0,201,0,310,46" /><INIT seed="3,0,0,4,1,50" ten="172,271,201,356" oya="3" hai0="48,52,121,18,63,120,40,58,126,45,122,129,2" hai1="53,55,78,117,80,74,96,116,103,35,135,13,4" hai2="67,133,98,5,88,11,60,9,81,77,22,64,86" hai3="100,68,90,54,37,111,26,110,69,132,76,113,27"/><W71/><G37/><T43/><D2/><U95/><E35/><V115/><F115/><W28/><G113/><T21/><D129/><U102/><E102/><V62/><F133/><W75/><G100/><T85/><D126/><U10/><REACH who="1" step="1"/><E135/><REACH who="1" ten="172,261,201,356" step="2"/><V46/><F5/><W61/><G132/><T25/><REACH who="0" step="1"/><D85/><REACH who="0" ten="162,261,201,356" step="2"/><U39/><E39/><V107/><F86/><W89/><G75/><T23/><D23/><U51/><E51/><V17/><F22/><W79/><G110/><T73/><D73/><U123/><E123/><V125/><F125/><W57/><G111/><T30/><D30/><U114/><E114/><V93/><F9/><W112/><G112/><T91/><D91/><U49/><E49/><V82/><F11/><W32/><G89/><T12/><D12/><U41/><E41/><AGARI ba="0,2" hai="18,21,25,40,41,43,45,48,52,58,63,120,121,122" machi="41" ten="40,5200,0" yaku="1,1,52,1,54,1,53,0" doraHai="50" doraHaiUra="7" who="0" fromWho="1" sc="162,72,261,-52,201,0,356,0" /><INIT seed="4,0,0,4,5,104" ten="234,209,201,356" oya="0" hai0="95,72,111,82,56,77,68,126,61,124,16,83,54" hai1="19,107,27,109,25,89,118,50,133,49,103,43,36" hai2="78,85,80,66,67,86,38,14,127,121,7,79,94" hai3="12,13,130,52,62,91,1,39,8,29,135,93,26"/><T64/><D111/><U73/><E109/><V128/><F121/><W55/><G39/><T102/><D83/><U60/><E118/><V90/><F38/><W11/><G135/><T117/><D117/><U69/><E133/><V75/><F128/><W99/><G130/><T123/><D123/><U31/><E19/><V33/><F33/><W22/><G1/><T30/><D30/><U46/><E25/><V129/><F129/><W42/><G42/><T132/><D132/><U4/><E4/><V0/><F0/><W40/><G40/><T59/><D102/><U24/><E24/><V122/><F122/><W15/><G62/><T47/><D95/><U134/><E89/><V87/><F127/><N who="0" m="48682" /><D16/><U98/><E73/><V37/><F37/><W113/><G113/><T114/><D114/><U10/><E10/><AGARI ba="0,0" hai="8,10,11,12,13,15,22,26,29,52,55,91,93,99" machi="10" ten="40,2600,0" yaku="8,1,54,1" doraHai="104" who="3" fromWho="1" sc="234,0,209,-26,201,0,356,26" /><INIT seed="5,0,0,4,1,92" ten="234,183,201,382" oya="1" hai0="132,96,52,24,108,20,59,19,86,63,121,70,119" hai1="8,32,39,7,40,17,56,5,1,57,127,105,49" hai2="135,10,18,99,27,91,21,88,47,90,79,67,61" hai3="46,104,66,116,110,128,129,64,37,60,53,81,73"/><U111/><E39/><V3/><F135/><W2/><G2/><T83/><D108/><U34/><E111/><V23/><F79/><W118/><G110/><T35/><D132/><U106/><E127/><V112/><F112/><W133/><G133/><T29/><D119/><N who="3" m="45609" /><G104/><T11/><D70/><U98/><E17/><V0/><F47/><W4/><G4/><T131/><D131/><N who="3" m="50249" /><G81/><T9/><D121/><U134/><E134/><V101/><F23/><W87/><G87/><T100/><D35/><U113/><E113/><V12/><F61/><W125/><G73/><T77/><REACH who="0" step="1"/><D29/><REACH who="0" ten="224,183,201,382" step="2"/><U13/><E32/><V95/><REACH who="2" step="1"/><F67/><REACH who="2" ten="224,183,191,382" step="2"/><W115/><G115/><T36/><D36/><U42/><E34/><V51/><F51/><W78/><G66/><T94/><AGARI ba="0,2" hai="9,11,19,20,24,52,59,63,77,83,86,94,96,100" machi="94" ten="20,12000,2" yaku="1,1,0,1,7,1,8,1,52,1,54,1,53,1" doraHai="92" doraHaiUra="14" who="0" fromWho="0" sc="224,140,183,-60,191,-30,382,-30" /><INIT seed="6,0,0,3,5,16" ten="364,123,161,352" oya="2" hai0="118,71,62,73,69,68,80,48,90,18,109,104,87" hai1="13,22,20,67,123,132,64,55,114,2,78,135,94" hai2="56,92,5,112,17,127,57,21,130,30,12,58,49" hai3="110,103,93,131,83,81,98,26,74,95,133,1,14"/><V86/><F112/><W134/><G1/><T113/><D109/><U96/><E2/><V60/><F130/><W43/><G110/><T125/><D113/><U79/><E114/><V32/><F127/><W82/><G43/><T85/><D73/><U76/><E123/><V38/><F38/><W8/><G26/><T108/><D104/><U115/><E115/><V34/><F5/><W61/><G61/><T106/><D106/><U129/><E13/><V42/><F30/><W52/><G52/><T46/><D118/><U72/><E72/><V24/><F24/><W65/><G65/><N who="1" m="25162" /><E129/><V50/><F60/><W91/><G131/><T75/><D75/><U105/><E105/><V77/><F42/><W40/><G40/><T37/><D37/><U97/><E55/><V23/><F21/><N who="1" m="8297" /><E94/><V51/><REACH who="2" step="1"/><F92/><REACH who="2" ten="364,123,151,352" step="2"/><W89/><G95/><T54/><D125/><U31/><E31/><V25/><F25/><W41/><G41/><T63/><D108/><U45/><E45/><V59/><N who="2" m="14336" /><DORA hai="88" /><V101/><F101/><W33/><G103/><T111/><D111/><U119/><E119/><V9/><F9/><W70/><G8/><T29/><D69/><U53/><E53/><V121/><F121/><W3/><G70/><T6/><D68/><U116/><E116/><V120/><F120/><W0/><G93/><T35/><D71/><U99/><AGARI ba="0,1" hai="76,78,79,96,97,99,132,135" m="8297,25162" machi="99" ten="40,8000,1" yaku="28,2,52,3" doraHai="16,88" who="1" fromWho="1" sc="364,-20,123,90,151,-40,352,-20" /><INIT seed="7,0,0,0,0,19" ten="344,213,111,332" oya="3" hai0="34,90,51,112,128,95,39,13,76,18,64,124,1" hai1="47,117,107,69,52,87,115,84,14,99,119,93,3" hai2="103,122,7,65,61,72,46,127,68,106,83,26,4" hai3="37,49,134,129,29,20,58,57,43,45,48,28,42"/><W41/><G37/><T121/><D39/><U126/><E3/><V123/><F4/><W102/><G134/><T2/><D121/><U59/><E69/><V33/><F7/><W91/><G102/><T11/><D34/><U10/><E107/><V40/><F127/><W108/><G129/><T31/><D124/><U105/><E105/><V36/><F83/><W63/><G108/><T104/><D104/><U135/><E47/><V88/><F88/><W133/><G133/><T101/><D64/><U92/><E92/><V50/><F50/><N who="3" m="19563" /><G45/><T96/><D31/><N who="3" m="11849" /><G63/><T53/><D112/><U71/><E71/><V12/><F12/><W98/><G20/><T15/><D76/><U60/><E115/><V118/><F118/><N who="1" m="45065" /><E135/><V86/><F86/><W116/><G116/><T113/><D113/><U23/><E23/><V94/><F94/><AGARI ba="0,0" hai="41,42,43,57,58,91,94,98" m="11849,19563" machi="94" ten="30,1500,0" yaku="8,1" doraHai="19" who="3" fromWho="2" sc="344,0,213,0,111,-15,332,15" owari="344,14.0,213,-19.0,96,-40.0,347,45.0" /></mjloggm>