<mjloggm ver="2.3"><GO type="169" lobby="0"/><UN n0="%E7%89%8C%E5%8A%B9%E7%8E%87%E8%87%B3%E4%B8%8A%E4%B8%BB%E7%BE%A9" n1="%E3%81%8A%E3%81%98%E3%81%95%E3%82%93" n2="%43%68%65" n3="%50%65%74%65%72%50%61%6E" dan="16,16,17,16" rate="2112.00,2160.98,2151.61,2084.94" sx="M,M,M,M"/><TAIKYOKU oya="0"/><INIT seed="0,0,0,1,5,43" ten="250,250,250,250" oya="0" hai0="76,52,118,129,103,19,95,134,106,73,28,38,10" hai1="27,116,23,60,40,57,97,61,48,45,47,66,41" hai2="125,91,69,2,98,124,4,89,54,49,107,11,21" hai3="132,77,13,99,112,81,135,110,39,42,9,131,58"/><T44/><D118/><U55/><E116/><V86/><F69/><W34/><G112/><T74/><D134/><U105/><E105/><V84/><F84/><W59/><G34/><T122/><D122/><U127/><E97/><V16/><F98/><W0/><G99/><T14/><D129/><U102/><E102/><V82/><F107/><W8/><G131/><T1/><D106/><U92/><E92/><V62/><F62/><W109/><G8/><T93/><D28/><U130/><E130/><V56/><REACH who="2" step="1"/><F91/><REACH who="2" ten="250,250,240,250" step="2"/><W80/><G132/><T94/><D103/><U6/><E127/><V24/><AGARI ba="0,1" hai="2,4,11,16,21,24,49,54,56,82,86,89,124,125" machi="24" ten="30,8000,1" yaku="1,1,2,1,0,1,54,1,53,1" doraHai="43" doraHaiUra="79" who="2" fromWho="2" sc="250,-40,250,-20,240,90,250,-20" /><INIT seed="1,0,0,4,3,94" ten="210,230,330,230" oya="1" hai0="37,31,26,76,134,103,98,6,70,111,101,114,72" hai1="81,53,132,109,60,1,121,124,112,106,68,73,63" hai2="16,9,129,93,18,86,135,27,75,38,88,47,133" hai3="34,25,96,52,95,14,22,65,42,77,12,33,62"/><U20/><RYUUKYOKU type="yao9" ba="0,0" sc="210,0,230,0,330,0,230,0" hai1="1,20,53,60,63,68,73,81,106,109,112,121,124,132" /><INIT seed="1,1,0,4,2,108" ten="210,230,330,230" oya="1" hai0="111,94,121,14,47,107,20,134,55,1,22,15,68" hai1="66,70,46,115,29,110,0,135,33,6,53,133,21" hai2="125,23,73,28,43,18,44,118,30,93,31,98,57" hai3="62,80,56,75,42,114,81,88,39,61,106,58,124"/><U120/><E33/><V5/><F118/><W35/><G106/><T34/><D107/><U16/><E29/><V17/><F73/><W87/><G35/><T63/><D34/><U24/><E120/><V10/><F125/><W50/><G39/><T128/><D1/><U3/><E110/><V82/><F82/><W105/><G105/><T19/><D111/><U89/><E89/><V122/><F57/><W12/><G124/><T38/><D94/><U4/><E66/><V64/><F64/><W77/><G114/><T26/><D20/><U36/><E70/><V113/><F23/><W32/><G32/><T40/><D134/><N who="1" m="51211" /><E53/><V97/><F113/><W37/><G37/><T9/><D128/><U86/><E86/><V8/><F122/><W100/><G100/><T117/><D117/><U41/><E115/><V101/><F98/><W104/><G104/><T2/><D121/><U123/><E123/><V126/><F126/><W109/><G109/><T84/><D84/><U90/><E90/><V96/><F96/><W60/><REACH who="3" step="1"/><G12/><REACH who="3" ten="210,230,330,220" step="2"/><T51/><D14/><U59/><E59/><V99/><F101/><W129/><G129/><T102/><D102/><U91/><E91/><V71/><F71/><W67/><G67/><N who="0" m="41087" /><D15/><U25/><E25/><V119/><F119/><W11/><G11/><T13/><D9/><U48/><E36/><V7/><F10/><W116/><G116/><T131/><D131/><U65/><E65/><V54/><F8/><W45/><AGARI ba="1,1" hai="42,45,50,56,58,60,61,62,75,77,80,81,87,88" machi="45" ten="30,4000,0" yaku="1,1,0,1,54,1,53,0" doraHai="108" doraHaiUra="103" who="3" fromWho="3" sc="210,-11,230,-21,330,-11,220,53" /><INIT seed="2,0,0,1,3,15" ten="199,209,319,273" oya="2" hai0="91,57,54,114,124,83,131,4,24,94,112,10,105" hai1="39,8,132,97,118,3,65,27,119,16,100,12,0" hai2="96,62,125,51,75,102,37,76,101,70,64,49,79" hai3="43,110,95,23,77,68,2,58,111,44,92,61,133"/><V59/><F125/><W55/><G2/><T134/><D105/><U128/><E39/><V130/><F37/><W90/><G77/><T22/><D83/><U73/><E73/><V78/><F130/><W26/><G68/><T14/><D134/><U67/><E132/><V88/><F75/><W135/><G135/><T80/><D80/><U42/><E42/><V48/><REACH who="2" step="1"/><F70/><REACH who="2" ten="199,209,309,273" step="2"/><W103/><G133/><T87/><D131/><U30/><E128/><V113/><F113/><W47/><G111/><T19/><REACH who="0" step="1"/><D124/><REACH who="0" ten="189,209,309,273" step="2"/><U17/><E119/><V41/><F41/><W13/><G43/><T86/><D86/><U81/><E118/><V108/><F108/><W126/><G110/><T31/><D31/><U71/><E30/><V123/><F123/><W109/><G109/><T40/><D40/><U32/><E71/><V53/><F53/><W122/><G122/><T107/><D107/><U99/><E65/><V52/><F52/><W33/><G55/><T5/><D5/><U34/><E67/><V89/><F89/><W85/><G90/><T25/><D25/><U82/><E27/><V1/><F1/><W45/><G126/><T29/><D29/><U28/><E28/><V50/><N who="2" m="12288" /><DORA hai="7" /><V106/><F106/><W35/><G85/><T63/><AGARI ba="0,2" hai="4,10,14,19,22,24,54,57,63,87,91,94,112,114" machi="63" ten="20,8000,1" yaku="1,1,0,1,7,1,52,2,53,0" doraHai="15,7" doraHaiUra="120,69" who="0" fromWho="0" sc="189,100,209,-20,309,-40,273,-20" /><INIT seed="3,0,0,3,2,69" ten="289,189,269,253" oya="3" hai0="90,100,64,51,81,131,19,87,30,39,67,71,105" hai1="111,114,99,112,49,78,55,31,130,126,35,132,102" hai2="106,34,129,116,29,6,92,2,103,23,10,21,36" hai3="74,97,122,128,37,84,12,66,40,127,110,13,118"/><W42/><G74/><T11/><D39/><U91/><E31/><V72/><F116/><W44/><G118/><T8/><D131/><U73/><E35/><V133/><F106/><W57/><G122/><T7/><D105/><N who="1" m="63711" /><E55/><V89/><F103/><W85/><G128/><T18/><D100/><U20/><E20/><V76/><F129/><W14/><G127/><T41/><D30/><U25/><E49/><V46/><F133/><W15/><G110/><T96/><D96/><U95/><E25/><V121/><F34/><W60/><G97/><T4/><D71/><U43/><E43/><N who="2" m="22887" /><F29/><W50/><G42/><T22/><D19/><U93/><E130/><V104/><F104/><W117/><G117/><T68/><D68/><U17/><E17/><V135/><F135/><W0/><G0/><T79/><D51/><U33/><E33/><V9/><F9/><N who="0" m="3658" /><D90/><U94/><E132/><V59/><F59/><W134/><G134/><T83/><D83/><N who="1" m="45519" /><E126/><V107/><F23/><W27/><G27/><N who="0" m="14807" /><D41/><U5/><E5/><AGARI ba="0,0" hai="4,5,7,64,67,79,81,87" m="14807,3658" machi="5" ten="30,1000,0" yaku="8,1" doraHai="69" who="0" fromWho="1" sc="289,10,189,-10,269,0,253,0" /><INIT seed="4,0,0,0,3,47" ten="299,179,269,253" oya="0" hai0="82,22,30,83,23,92,123,2,3,93,77,72,96" hai1="14,19,28,86,6,84,9,20,133,119,129,88,10" hai2="75,111,104,7,51,126,62,135,26,81,15,41,128" hai3="100,27,63,130,59,125,65,56,99,37,106,0,13"/><T87/><D123/><U120/><E119/><V40/><F104/><W8/><G130/><T91/><D93/><U58/><E129/><V103/><F103/><W85/><G125/><T98/><D98/><U34/><E133/><V132/><F111/><W122/><G122/><T24/><REACH who="0" step="1"/><D22/><REACH who="0" ten="289,179,269,253" step="2"/><U70/><E20/><V95/><F95/><W78/><G99/><T67/><D67/><U25/><E120/><V33/><F33/><W107/><G65/><T117/><D117/><U43/><E34/><V114/><F135/><W21/><G21/><T53/><D53/><U38/><E43/><V55/><F41/><W4/><G106/><T1/><D1/><U31/><E31/><V73/><F40/><W113/><G0/><T36/><D36/><U124/><E38/><V109/><F55/><W5/><G107/><T110/><D110/><U112/><E28/><V46/><F109/><W61/><G100/><AGARI ba="0,1" hai="2,3,23,24,30,72,77,82,83,87,91,92,96,100" machi="100" ten="30,2900,0" yaku="1,1,7,1,53,0" doraHai="47" doraHaiUra="60" who="0" fromWho="3" sc="289,39,179,0,269,0,253,-29" /><INIT seed="4,1,0,1,5,132" ten="328,179,269,224" oya="0" hai0="14,99,29,16,54,23,117,123,46,26,93,94,107" hai1="88,82,7,33,32,49,12,62,58,112,17,69,55" hai2="31,22,91,98,61,84,104,126,92,37,119,27,86" hai3="45,68,4,66,38,40,111,44,114,24,73,3,75"/><T74/><D74/><U100/><E7/><V56/><F37/><W19/><G111/><T130/><D117/><U122/><E122/><V34/><F119/><W39/><G19/><T116/><D116/><U47/><E69/><V108/><F108/><W96/><G24/><T102/><D130/><U85/><E100/><V20/><F126/><W6/><G96/><T28/><D123/><U118/><E112/><V67/><F104/><W65/><G114/><T89/><D107/><U11/><REACH who="1" step="1"/><E118/><REACH who="1" ten="328,169,269,224" step="2"/><V90/><REACH who="2" step="1"/><F98/><REACH who="2" ten="328,169,259,224" step="2"/><W52/><G68/><T124/><D99/><U134/><E134/><V13/><F13/><W57/><G3/><T105/><D14/><U48/><E48/><V72/><F72/><W5/><G73/><T25/><D105/><U21/><E21/><V127/><F127/><W18/><G75/><T36/><D124/><U63/><E63/><V115/><F115/><W131/><G39/><T42/><D36/><U120/><E120/><V15/><F15/><W129/><G38/><T128/><D23/><U59/><E59/><V87/><F87/><W50/><G57/><T133/><D133/><U9/><E9/><V8/><F8/><W109/><G109/><T70/><D70/><U51/><E51/><V125/><F125/><W41/><G50/><T64/><D102/><U83/><E83/><AGARI ba="1,2" hai="20,22,27,31,34,56,61,67,83,84,86,90,91,92" machi="83" ten="30,3900,0" yaku="1,1,7,1,53,1" doraHai="132" doraHaiUra="77" who="2" fromWho="1" sc="328,0,169,-42,259,62,224,0" /><INIT seed="5,0,0,3,4,93" ten="328,127,321,224" oya="1" hai0="30,111,83,2,55,34,86,39,49,17,75,32,88" hai1="95,82,120,0,53,84,41,23,103,130,128,26,100" hai2="79,54,16,1,19,135,66,98,35,36,116,64,47" hai3="28,21,91,38,46,78,118,73,133,105,33,58,52"/><U29/><E0/><V74/><F116/><W101/><G33/><T96/><D111/><U114/><E120/><V70/><F35/><W14/><G133/><T68/><D68/><U80/><E41/><V40/><F1/><W113/><G113/><T131/><D39/><U13/><E114/><V67/><F70/><W20/><G118/><T72/><D2/><U4/><E53/><V25/><F135/><W107/><G91/><T92/><D131/><N who="1" m="50219" /><E95/><V11/><F54/><W27/><G78/><T45/><D32/><U61/><E61/><V115/><F115/><W63/><G73/><T31/><D34/><U104/><E104/><V129/><F129/><W3/><G3/><T127/><D75/><U122/><E122/><V18/><F79/><W99/><G38/><T5/><D72/><U81/><E84/><V22/><F74/><W71/><G71/><T102/><D5/><U62/><E62/><V10/><REACH who="2" step="1"/><F98/><REACH who="2" ten="328,127,311,224" step="2"/><W77/><G77/><T124/><REACH who="0" step="1"/><D17/><AGARI ba="0,1" hai="10,11,16,17,18,19,22,25,36,40,47,64,66,67" machi="17" ten="40,12000,2" yaku="1,1,2,1,54,1,53,3" doraHai="93" doraHaiUra="60" who="2" fromWho="0" sc="328,-120,127,0,311,130,224,0" /><INIT seed="6,0,0,3,5,13" ten="208,127,441,224" oya="2" hai0="19,26,56,58,62,79,68,106,34,109,12,20,7" hai1="51,104,17,112,76,118,132,81,94,107,131,83,75" hai2="37,49,125,128,121,123,91,47,108,43,134,133,54" hai3="48,87,86,32,29,53,38,61,14,0,97,135,65"/><V102/><F102/><W103/><G0/><T111/><D79/><U70/><E70/><V30/><F30/><W40/><G135/><N who="2" m="51721" /><F91/><W22/><G40/><T24/><D106/><U84/><E132/><V6/><F6/><W23/><G38/><T127/><D68/><U77/><E118/><V64/><F64/><W124/><G124/><T33/><D58/><U89/><E112/><V10/><F10/><W18/><G32/><N who="0" m="12395" /><D56/><U93/><E51/><V101/><F101/><W130/><G130/><T42/><D62/><U110/><E110/><N who="0" m="41993" /><D42/><U8/><E131/><V63/><F128/><W44/><G61/><T67/><D67/><U52/><E52/><V57/><F125/><W41/><G65/><T39/><D39/><U122/><E122/><N who="2" m="46603" /><F108/><W95/><G53/><T116/><D127/><U72/><E8/><V1/><F1/><W80/><G80/><T35/><D116/><U82/><E17/><V45/><F45/><W74/><G74/><T16/><N who="0" m="12403" /><T113/><DORA hai="60" /><D113/><U59/><E59/><V120/><F120/><W96/><G96/><T117/><D117/><U25/><E25/><AGARI ba="0,0" hai="14,18,22,23,25,29,41,44,48,86,87,95,97,103" machi="25" ten="40,2600,0" yaku="8,1,52,1" doraHai="13,60" who="3" fromWho="1" sc="208,0,127,-26,441,0,224,26" /><INIT seed="7,0,0,3,4,79" ten="208,101,441,250" oya="3" hai0="107,58,34,104,33,85,75,117,59,56,31,63,124" hai1="102,70,123,125,68,28,94,116,96,129,23,25,93" hai2="16,67,32,88,35,27,20,62,97,65,106,87,101" hai3="131,8,0,73,108,66,42,18,82,98,105,120,109"/><W132/><G120/><T110/><D75/><U21/><E123/><V128/><F128/><W38/><G131/><T7/><D110/><U100/><E129/><V115/><F115/><W126/><G66/><T13/><D117/><U80/><E125/><V12/><F12/><W40/><G132/><T133/><D124/><U10/><E10/><V6/><F6/><W130/><G130/><T17/><D7/><U39/><E39/><V95/><F67/><W22/><G126/><T54/><D85/><U113/><E113/><V50/><F50/><W41/><G38/><T127/><D133/><U61/><E116/><V78/><F78/><W37/><G37/><T44/><D44/><U135/><E135/><V43/><F43/><W2/><G8/><T57/><D127/><U77/><E61/><V90/><F90/><W14/><G98/><T121/><D121/><U91/><E21/><V74/><F74/><W69/><G105/><T46/><D46/><U26/><E26/><V103/><F101/><W60/><G69/><AGARI ba="0,0" hai="16,20,27,32,35,62,65,69,87,88,95,97,103,106" machi="69" ten="30,3900,0" yaku="7,1,54,2" doraHai="79" who="2" fromWho="3" sc="208,0,101,0,441,39,250,-39" owari="208,-19.0,101,-40.0,480,58.0,211,1.0" /></mjloggm>