<mjloggm ver="2.3"><GO type="225" lobby="0"/><UN n0="%E5%85%88%E7%89%A9%E3%81%AF%74%72%61%73%68" n1="%E3%81%84%E3%81%A1%E3%81%9E%E3%81%86" n2="%E5%8B%95%E7%89%A9%E5%9C%92%E3%81%AE%E3%81%8F%E3%82%8D" n3="%E5%85%94%E6%96%AF%E5%9F%BA" dan="17,17,16,17" rate="2218.92,2111.27,2149.66,2203.03" sx="M,M,M,M"/><TAIKYOKU oya="0"/><INIT seed="0,0,0,3,5,27" ten="250,250,250,250" oya="0" hai0="72,75,32,45,64,133,11,20,121,4,119,105,42" hai1="110,113,12,7,5,124,126,60,59,83,84,46,35" hai2="67,112,71,89,21,82,108,47,52,79,30,114,62" hai3="107,135,92,97,44,48,16,85,123,39,34,73,10"/><T25/><D119/><U1/><E110/><V129/><F108/><W106/><G39/><T2/><D121/><U63/><E113/><V134/><F129/><W102/><G73/><T116/><D116/><U15/><E35/><V40/><F134/><W66/><G135/><T0/><D133/><U130/><E130/><V78/><F89/><W31/><G66/><T127/><D127/><N who="1" m="48683" /><E46/><V38/><F79/><W111/><G85/><T69/><D0/><U115/><E60/><V76/><F76/><W104/><G123/><T28/><D105/><U57/><E57/><V131/><F131/><W58/><G58/><T98/><D98/><U87/><E87/><V101/><F101/><W122/><G122/><T95/><D95/><U22/><E22/><V29/><F52/><W77/><G111/><T56/><D56/><U13/><E1/><V80/><F80/><W94/><G94/><T91/><D91/><N who="1" m="51615" /><E115/><V125/><F125/><W128/><G77/><T19/><D64/><AGARI ba="0,0" hai="5,7,12,13,15,59,63,64" m="51615,48683" machi="64" ten="30,1000,0" yaku="18,1" doraHai="27" who="1" fromWho="0" sc="250,-10,250,10,250,0,250,0" /><INIT seed="1,0,0,2,5,122" ten="240,260,250,250" oya="1" hai0="77,92,58,34,93,49,1,54,73,95,75,118,135" hai1="21,112,7,5,115,3,56,36,94,87,121,81,85" hai2="63,48,15,30,119,9,59,28,96,88,29,109,46" hai3="32,83,133,17,62,74,130,110,107,97,89,44,18"/><U84/><E121/><V16/><F119/><W131/><G32/><T117/><D34/><U35/><E35/><V120/><F120/><W11/><G133/><T125/><D135/><U43/><E81/><V113/><F113/><W40/><G62/><T104/><D104/><U98/><E36/><V22/><F109/><W33/><G33/><T67/><D1/><U25/><E43/><V41/><F96/><W111/><G107/><T0/><D0/><U47/><E47/><V70/><F70/><W42/><G42/><T116/><D125/><U126/><E56/><V53/><REACH who="2" step="1"/><F88/><REACH who="2" ten="240,260,240,250" step="2"/><W105/><G97/><T64/><REACH who="0" step="1"/><D77/><REACH who="0" ten="230,260,240,250" step="2"/><U80/><E112/><V37/><F37/><N who="3" m="21519" /><G105/><T38/><D38/><U20/><E115/><V132/><F132/><W13/><G130/><T52/><D52/><U102/><E126/><V61/><F61/><W127/><G131/><T91/><D91/><U90/><E90/><V101/><F101/><W55/><G55/><T12/><D12/><U39/><E102/><V86/><F86/><N who="3" m="50399" /><G127/><T123/><D123/><U124/><E124/><V79/><F79/><W68/><G74/><AGARI ba="0,2" hai="49,54,58,64,67,73,74,75,92,93,95,116,117,118" machi="74" ten="50,1600,0" yaku="1,1,53,0" doraHai="122" doraHaiUra="108" who="0" fromWho="3" sc="230,36,260,0,240,0,250,-16" /><INIT seed="2,0,0,2,1,68" ten="266,260,240,234" oya="2" hai0="21,82,56,126,104,44,11,83,41,13,66,63,88" hai1="64,127,90,111,119,95,123,112,122,2,22,23,47" hai2="55,96,18,70,17,135,9,3,26,121,16,120,116" hai3="50,102,78,19,60,80,25,14,34,39,61,79,93"/><V99/><F116/><W125/><G125/><T74/><D104/><U1/><E112/><V86/><F70/><W106/><G106/><T124/><D21/><N who="1" m="7691" /><E119/><V42/><F135/><W115/><G115/><T58/><D58/><U8/><E111/><V100/><F86/><W76/><G39/><T85/><D74/><U6/><E64/><V10/><F42/><W117/><G117/><T7/><REACH who="0" step="1"/><D82/><REACH who="0" ten="256,260,240,234" step="2"/><U28/><E127/><V69/><F69/><W101/><G80/><T59/><D59/><U15/><E123/><V92/><F121/><W130/><G93/><T81/><D81/><U32/><E122/><V0/><F120/><W131/><G131/><T57/><D57/><U107/><E107/><V27/><F92/><W97/><G130/><T71/><D71/><U46/><E32/><V35/><F35/><W53/><G34/><T30/><D30/><U89/><E95/><V33/><F33/><W109/><G109/><T5/><D5/><U94/><E28/><V24/><F55/><W54/><G54/><T75/><D75/><U51/><E94/><V38/><F18/><W105/><G102/><T128/><D128/><U37/><E6/><V118/><F100/><W48/><G53/><T98/><D98/><U91/><E2/><V73/><F73/><W40/><G105/><T65/><D65/><U133/><E1/><V114/><F0/><W113/><G101/><T36/><AGARI ba="0,1" hai="7,11,13,36,41,44,56,63,66,83,85,88,124,126" machi="36" ten="30,8000,1" yaku="1,1,0,1,52,1,54,1,53,1" doraHai="68" doraHaiUra="4" who="0" fromWho="0" sc="256,90,260,-20,240,-40,234,-20" /><INIT seed="3,0,0,4,3,76" ten="346,240,200,214" oya="3" hai0="42,5,58,27,102,92,19,45,126,69,12,54,34" hai1="25,66,16,68,0,4,108,70,35,33,61,9,11" hai2="17,123,39,125,32,38,118,81,23,2,3,71,127" hai3="106,21,37,135,6,121,91,26,96,72,122,104,47"/><W80/><G6/><T120/><D120/><U73/><E73/><V60/><F123/><W83/><G122/><T48/><D69/><U13/><E108/><V41/><F32/><W84/><G121/><T1/><D1/><U29/><E68/><V62/><F118/><W22/><G135/><T51/><D126/><N who="2" m="48138" /><F41/><W14/><G14/><T107/><D107/><U94/><E94/><V89/><F3/><W132/><G132/><T115/><D115/><U113/><E113/><V44/><F2/><W30/><G96/><N who="0" m="59655" /><D34/><AGARI ba="0,0" hai="0,4,9,11,13,16,25,29,33,34,35,61,66,70" machi="34" ten="30,2000,0" yaku="7,1,54,1" doraHai="76" who="1" fromWho="0" sc="346,-20,240,20,200,0,214,0" owari="326,43.0,260,6.0,200,-30.0,214,-19.0" /></mjloggm>