<mjloggm ver="2.3"><GO type="185" lobby="0"/><UN n0="%54%72%61%76%69%53" n1="%E9%BE%8D%E5%B9%B3" n2="%E3%81%A8%E3%82%8A%E3%81%82%E3%81%88%E3%81%9A%E5%9B%9B%E6%AE%B5" n3="" dan="17,16,16,0" rate="2179.65,2228.47,2152.62,1500.00" sx="M,M,M,C"/><TAIKYOKU oya="0"/><INIT seed="0,0,0,2,5,74" ten="350,350,350,0" oya="0" hai0="68,105,114,77,91,66,124,50,3,131,40,106,94" hai1="104,78,84,133,82,63,70,102,64,129,52,117,48" hai2="130,65,32,1,97,71,103,126,118,55,120,99,89" hai3=""/><T41/><D114/><U0/><E0/><V73/><N who="2" m="30752" /><V108/><F108/><T111/><D3/><U60/><E117/><V83/><F32/><T93/><D131/><U80/><E129/><V45/><F1/><T121/><N who="0" m="31008" /><T135/><D135/><U90/><E133/><V95/><F118/><T109/><D124/><U88/><E63/><V39/><F65/><T35/><D35/><U36/><E36/><V98/><F71/><T38/><D38/><U107/><E102/><V113/><F113/><T123/><N who="0" m="31520" /><T75/><D66/><U132/><E132/><V47/><F47/><T72/><D68/><U69/><E69/><V54/><F126/><T85/><D94/><U62/><E62/><V58/><F130/><T134/><D134/><U119/><E90/><V43/><F55/><T76/><D50/><U86/><E119/><V101/><F73/><N who="0" m="28234" /><D41/><U33/><E33/><V122/><N who="2" m="31264" /><V2/><F83/><T100/><D40/><U59/><AGARI ba="0,0" hai="48,52,59,60,64,70,78,80,82,84,86,88,104,107" machi="59" ten="20,6000,1" yaku="0,1,7,1,52,1,54,2" doraHai="74" who="1" fromWho="1" sc="350,-40,350,60,350,-20,0,0" /><INIT seed="1,0,0,1,5,128" ten="310,410,330,0" oya="1" hai0="97,111,118,96,67,37,105,92,58,42,86,93,98" hai1="114,104,71,125,124,64,48,61,81,102,122,127,121" hai2="78,108,88,56,80,109,62,49,69,113,65,76,51" hai3=""/><U82/><N who="1" m="31008" /><U79/><N who="1" m="31264" /><U41/><E114/><V116/><F116/><T133/><D111/><N who="2" m="42570" /><F113/><T72/><D72/><U46/><E79/><N who="2" m="30251" /><F69/><T0/><D0/><U1/><E1/><V66/><F66/><T129/><D129/><U84/><E84/><AGARI ba="0,0" hai="49,51,56,62,65,80,84,88" m="30251,42570" machi="84" ten="30,2000,0" yaku="14,1,54,1" doraHai="128" who="2" fromWho="1" sc="310,0,410,-20,330,20,0,0" /><INIT seed="2,0,0,2,0,101" ten="310,390,350,0" oya="2" hai0="60,104,116,92,105,37,86,52,95,64,36,135,77" hai1="120,34,62,50,45,47,55,43,97,83,82,46,87" hai2="100,106,73,85,1,42,109,58,124,61,117,131,39" hai3=""/><V99/><F117/><T113/><D116/><U102/><N who="1" m="30752" /><U122/><N who="1" m="31264" /><U2/><E2/><V72/><F1/><T130/><D135/><U44/><E34/><V129/><F124/><T128/><D113/><U48/><E62/><V107/><F42/><T54/><D77/><U133/><E133/><V80/><F39/><T40/><D86/><U89/><REACH who="1" step="1"/><E82/><REACH who="1" ten="310,380,350,0" step="2"/><V112/><F112/><T66/><D60/><U121/><N who="1" m="31008" /><U68/><E68/><V96/><F129/><T126/><REACH who="0" step="1"/><D40/><REACH who="0" ten="300,380,350,0" step="2"/><U49/><E49/><V111/><F61/><T0/><D0/><U70/><E70/><V115/><F115/><T69/><D69/><U41/><E41/><V38/><F109/><T127/><AGARI ba="0,2" hai="36,37,52,54,64,66,92,95,104,105,126,127,128,130" machi="127" ten="25,12000,3" yaku="1,1,0,1,22,2,52,2,54,1,53,2" doraHai="101" doraHaiUra="63" who="0" fromWho="0" sc="300,140,380,-40,350,-80,0,0" /><INIT seed="4,0,0,5,1,61" ten="440,340,270,0" oya="0" hai0="115,98,129,41,103,66,125,87,81,49,0,63,45" hai1="43,104,95,93,2,130,74,119,109,92,44,118,101" hai2="122,84,40,73,88,110,83,52,128,42,108,37,77" hai3=""/><T121/><N who="0" m="31008" /><T86/><D0/><U65/><E2/><V106/><N who="2" m="31264" /><V102/><F128/><T58/><D129/><U90/><E109/><V76/><F40/><T117/><D115/><U134/><E130/><V132/><F132/><T34/><D125/><U51/><E74/><V107/><F42/><T56/><D117/><U54/><E134/><V46/><F37/><T3/><D3/><U48/><E104/><N who="2" m="39979" /><F52/><T96/><D34/><U39/><E39/><V57/><F57/><T67/><D103/><U59/><E101/><V60/><F60/><T127/><D127/><U53/><E118/><V35/><F46/><T131/><D131/><U105/><E105/><V112/><F35/><T78/><D87/><U133/><E133/><V97/><F112/><T50/><D50/><U135/><E135/><V111/><F73/><T47/><D47/><U114/><E114/><V69/><F69/><T123/><N who="0" m="31520" /><T116/><D116/><U64/><E119/><V99/><F102/><T113/><D113/><U75/><E75/><V124/><F124/><T68/><D68/><U82/><E43/><V71/><F71/><T91/><D78/><AGARI ba="0,0" hai="76,77,78,83,84,88,97,99,108,110,111" m="39979,31264" machi="78" ten="40,8000,1" yaku="34,2,52,1,54,1" doraHai="61" who="2" fromWho="0" sc="440,-80,340,0,270,80,0,0" /><INIT seed="5,0,0,4,1,104" ten="360,340,350,0" oya="1" hai0="60,40,112,111,131,86,53,71,85,55,76,121,0" hai1="98,97,66,56,70,129,116,84,127,100,77,113,123" hai2="108,46,80,41,133,47,64,106,62,124,101,115,96" hai3=""/><U43/><N who="1" m="31520" /><U35/><E35/><V122/><N who="2" m="31264" /><V54/><F108/><T87/><N who="0" m="31008" /><T91/><D111/><U126/><E116/><V79/><F124/><T33/><D33/><U82/><E70/><V51/><F133/><T128/><D0/><U130/><E43/><V83/><F115/><T63/><D112/><U75/><E113/><V67/><F80/><T1/><D1/><U3/><E3/><V95/><F106/><T38/><D76/><U65/><E84/><V68/><F64/><N who="1" m="24681" /><E56/><V103/><F103/><T73/><D71/><U72/><E72/><V34/><F34/><T50/><D73/><U2/><E2/><V32/><F32/><T102/><D102/><U107/><E98/><V120/><N who="2" m="30752" /><V36/><F83/><T61/><D91/><U74/><E74/><V44/><REACH who="2" step="1"/><F79/><REACH who="2" ten="360,340,340,0" step="2"/><T92/><D92/><U52/><E52/><V37/><F37/><T45/><REACH who="0" step="1"/><D55/><REACH who="0" ten="350,340,340,0" step="2"/><U110/><E110/><V94/><F94/><T132/><D132/><U99/><E99/><V59/><AGARI ba="0,2" hai="36,41,44,46,47,51,54,59,62,67,68,95,96,101" m="30752,31264" machi="59" ten="20,9000,2" yaku="1,1,0,1,7,1,24,2,52,2,53,0" doraHai="104" doraHaiUra="105" who="2" fromWho="2" sc="350,-30,340,-60,340,110,0,0" /><INIT seed="6,0,0,2,5,128" ten="320,280,450,0" oya="2" hai0="53,117,132,44,73,77,64,37,121,72,91,78,111" hai1="35,126,51,33,42,112,63,54,95,130,101,38,70" hai2="86,89,94,118,80,98,71,93,43,62,123,124,61" hai3=""/><V83/><N who="2" m="31520" /><V122/><N who="2" m="31264" /><V56/><F43/><T90/><N who="0" m="31008" /><T97/><D111/><U32/><E130/><V60/><F71/><T68/><D117/><U58/><E112/><V50/><F124/><T104/><D68/><U135/><E135/><V79/><F50/><T85/><D64/><U81/><E81/><V116/><F56/><T55/><D37/><U59/><E126/><V107/><F107/><T2/><D2/><U134/><E134/><V47/><F47/><T57/><D132/><U119/><E119/><V36/><F36/><T82/><D44/><U127/><E127/><V65/><F65/><T102/><D57/><U49/><E70/><V76/><F93/><T120/><N who="0" m="30752" /><T114/><D114/><U66/><E38/><V110/><F110/><T84/><D55/><U108/><E108/><V0/><F0/><T99/><D53/><U1/><E1/><V113/><F113/><T74/><D99/><U67/><E42/><V131/><F131/><T87/><D87/><AGARI ba="0,0" hai="60,61,62,76,79,80,83,86,87,89,94,98,116,118" m="31264,31520" machi="87" ten="40,7700,0" yaku="9,1,52,2" doraHai="128" who="2" fromWho="0" sc="320,-77,280,0,450,77,0,0" owari="243,-36.0,280,-12.0,527,48.0,0,0.0" /></mjloggm>