<mjloggm ver="2.3"><GO type="169" lobby="0"/><UN n0="%73%7A%2E%64%31" n1="%74%61%6E%61%4B%61" n2="%E3%82%82%E3%81%93%E3%81%BF" n3="%E3%81%AF%E3%83%BC%E3%81%B4%E3%82%87%E3%82%93" dan="16,17,17,17" rate="2121.77,2146.27,2250.84,2230.86" sx="M,M,M,F"/><TAIKYOKU oya="0"/><INIT seed="0,0,0,3,3,123" ten="250,250,250,250" oya="0" hai0="26,62,15,8,55,29,103,122,3,79,78,114,118" hai1="70,73,38,104,19,117,68,128,94,20,130,112,88" hai2="95,69,106,102,89,22,14,126,48,56,2,28,7" hai3="77,50,107,85,125,74,40,72,93,92,1,41,36"/><T33/><D122/><U98/><E73/><V99/><F126/><W131/><G107/><T109/><D118/><U82/><E38/><V65/><F2/><W67/><G36/><T31/><D114/><U110/><E117/><V9/><F69/><N who="1" m="26729" /><E104/><V25/><F48/><W100/><G125/><T101/><D31/><U90/><E82/><V135/><F135/><W6/><G67/><T10/><D62/><U119/><E119/><V105/><REACH who="2" step="1"/><F89/><REACH who="2" ten="250,250,240,250" step="2"/><W4/><G50/><T37/><D37/><U121/><E90/><V113/><F113/><W80/><G1/><T64/><D3/><U58/><E112/><V75/><F75/><W132/><G132/><T0/><D0/><U21/><E121/><V42/><F42/><W108/><G41/><T13/><D101/><U46/><E46/><V71/><F71/><W39/><G39/><T81/><D103/><U51/><E51/><V53/><F53/><W30/><G40/><T84/><D55/><U66/><E58/><V43/><F43/><W16/><G100/><T52/><D52/><U57/><E57/><V34/><F34/><W111/><G72/><T23/><D33/><U134/><E134/><V133/><F133/><W35/><G74/><T18/><D64/><U17/><E66/><V97/><F97/><W116/><G116/><T127/><D127/><U45/><E45/><V63/><AGARI ba="0,1" hai="7,9,14,22,25,28,56,63,65,95,99,102,105,106" machi="63" ten="30,7900,0" yaku="1,1,0,1,25,2,53,0" doraHai="123" doraHaiUra="32" who="2" fromWho="2" sc="250,-39,250,-20,240,89,250,-20" /><INIT seed="1,0,0,5,4,103" ten="211,230,329,230" oya="1" hai0="58,76,63,52,90,98,5,18,110,0,36,127,109" hai1="42,61,51,45,34,129,115,69,15,43,74,40,1" hai2="67,25,68,65,10,104,122,126,48,56,79,16,101" hai3="92,112,41,96,46,14,71,62,53,82,9,133,132"/><U32/><E1/><V117/><F122/><W66/><G112/><T119/><D119/><U120/><E74/><V31/><F117/><W89/><G82/><T130/><D36/><U114/><E15/><V13/><F126/><W84/><G96/><T21/><D76/><U29/><E29/><V124/><F124/><W85/><G85/><T38/><D127/><U30/><E30/><V33/><F79/><W24/><G24/><N who="0" m="14391" /><D38/><U12/><E12/><V88/><F104/><W59/><G41/><N who="1" m="15978" /><E32/><V113/><F101/><W44/><G133/><T83/><D83/><U105/><E34/><V93/><F68/><W28/><G132/><T22/><D22/><U57/><E105/><V55/><REACH who="2" step="1"/><F113/><REACH who="2" ten="211,230,319,230" step="2"/><N who="1" m="43017" /><E120/><V91/><F91/><W106/><G106/><T20/><D90/><U78/><E78/><V116/><F116/><W75/><G89/><T97/><D110/><U50/><E69/><V54/><F54/><W108/><G53/><T135/><D109/><U118/><E118/><V39/><F39/><W3/><G71/><T64/><D52/><N who="1" m="33959" /><E129/><V87/><AGARI ba="0,1" hai="10,13,16,25,31,33,48,55,56,65,67,87,88,93" machi="87" ten="20,12000,2" yaku="1,1,0,1,7,1,54,2,53,1" doraHai="103" doraHaiUra="7" who="2" fromWho="2" sc="211,-30,230,-60,319,130,230,-30" /><INIT seed="2,0,0,4,2,2" ten="181,170,449,200" oya="2" hai0="122,46,11,134,31,25,22,133,66,44,35,1,16" hai1="71,47,130,80,43,127,118,7,8,115,116,111,90" hai2="104,121,108,135,9,91,40,39,3,81,28,82,20" hai3="45,105,32,96,48,61,119,24,14,102,19,49,87"/><V112/><F112/><W92/><G119/><T26/><D66/><U0/><E115/><V41/><F121/><W125/><G125/><T131/><D46/><U117/><E71/><V10/><F104/><W59/><G32/><T34/><D44/><U36/><E111/><V114/><F135/><N who="0" m="51722" /><D122/><U124/><E90/><V67/><F108/><W93/><G24/><T63/><D63/><U123/><E123/><V99/><F114/><W88/><G45/><T37/><D37/><U101/><E101/><V4/><F67/><W38/><G38/><T57/><D57/><U126/><REACH who="1" step="1"/><E80/><REACH who="1" ten="181,160,449,200" step="2"/><V30/><F82/><W77/><G77/><T53/><D131/><AGARI ba="0,1" hai="0,7,8,36,43,47,116,117,118,124,126,127,130,131" machi="131" ten="50,12000,2" yaku="1,1,2,1,18,1,23,2,52,1,53,0" doraHai="2" doraHaiUra="27" who="1" fromWho="0" sc="181,-120,160,130,449,0,200,0" /><INIT seed="3,0,0,2,4,100" ten="61,290,449,200" oya="3" hai0="126,37,10,66,9,39,58,91,0,128,97,133,113" hai1="1,11,135,103,114,77,131,13,112,48,62,46,57" hai2="94,92,134,104,74,29,60,125,109,71,72,123,35" hai3="106,5,86,55,42,69,64,93,47,78,2,82,20"/><W116/><G116/><T102/><D113/><U52/><E135/><V87/><F35/><W105/><G55/><T81/><D133/><U22/><E131/><V88/><F29/><W96/><G20/><T68/><D128/><U45/><E77/><V59/><F71/><W63/><G5/><T16/><D126/><U79/><E1/><V50/><F50/><W121/><G121/><T130/><D68/><U95/><E79/><V56/><F125/><W34/><G2/><T12/><D130/><U101/><E45/><V129/><F129/><W18/><G18/><T115/><D115/><U83/><E83/><V8/><F8/><W111/><G34/><T25/><D25/><U108/><E108/><V84/><F109/><W132/><G111/><T33/><D33/><U44/><E44/><V61/><F134/><W119/><G119/><T54/><D66/><U75/><E75/><V67/><F104/><W98/><G98/><T43/><D43/><U40/><E22/><V89/><F123/><W26/><G26/><T4/><D91/><U32/><E32/><V27/><F27/><W73/><G73/><T31/><D81/><U107/><E101/><V53/><AGARI ba="0,0" hai="53,56,59,60,61,67,72,74,84,87,88,89,92,94" machi="53" ten="20,5200,0" yaku="0,1,7,1,9,1,54,1" doraHai="100" who="2" fromWho="2" sc="61,-13,290,-13,449,52,200,-26" /><INIT seed="4,0,0,3,1,13" ten="48,277,501,174" oya="0" hai0="40,6,97,114,45,27,66,130,126,80,119,128,112" hai1="44,59,10,55,49,104,7,118,23,64,131,53,127" hai2="37,19,17,52,132,67,76,62,90,106,20,134,39" hai3="120,33,8,116,98,69,60,88,24,79,123,63,68"/><T34/><D66/><U16/><E104/><V92/><F106/><W82/><G116/><T46/><D97/><U93/><E118/><V50/><F76/><W12/><G24/><T22/><D119/><U95/><E127/><V38/><F20/><W117/><G33/><T81/><D126/><U29/><E29/><V125/><F125/><W5/><G117/><T110/><D34/><U61/><E131/><N who="0" m="50217" /><D6/><U91/><E91/><V102/><F102/><W47/><G47/><N who="0" m="17931" /><D40/><U54/><E10/><V113/><F113/><N who="0" m="43626" /><D110/><U11/><E11/><V103/><F103/><W51/><G51/><T3/><D3/><U74/><E7/><V35/><F35/><W31/><G60/><T100/><D100/><U25/><REACH who="1" step="1"/><E74/><REACH who="1" ten="48,267,501,174" step="2"/><V133/><F90/><W42/><G88/><T89/><D89/><U21/><E21/><V86/><F86/><W58/><G8/><T77/><D77/><U101/><E101/><V84/><F84/><W111/><G5/><T26/><D22/><U108/><E108/><V28/><F28/><W41/><G79/><T94/><D94/><AGARI ba="0,1" hai="16,23,25,44,49,53,54,55,59,61,64,93,94,95" machi="94" ten="40,8000,1" yaku="1,1,8,1,52,1,54,1,53,1" doraHai="13" doraHaiUra="43" who="1" fromWho="0" sc="48,-80,267,90,501,0,174,0" owari="-32,-53.0,357,16.0,501,60.0,174,-23.0" /></mjloggm>