<mjloggm ver="2.3"><GO type="169" lobby="0"/><UN n0="%66%53" n1="%E3%83%91%E3%83%91%E3%83%91%E3%83%91" n2="%E3%81%82%E3%81%A3%E3%81%8D%E3%83%BC%E2%99%AA" n3="%E9%9B%B7%E8%94%B5" dan="18,17,16,16" rate="2243.29,2171.04,2146.51,2054.09" sx="M,M,M,M"/><TAIKYOKU oya="0"/><INIT seed="0,0,0,5,2,59" ten="250,250,250,250" oya="0" hai0="132,17,134,3,50,131,36,21,116,35,111,15,133" hai1="100,8,130,7,103,22,61,30,129,89,135,74,33" hai2="78,93,92,65,63,11,16,1,23,70,64,10,29" hai3="102,28,26,46,99,87,76,90,112,97,88,106,85"/><T40/><D116/><U104/><E74/><V110/><F110/><W123/><G112/><T12/><D111/><U48/><E33/><V34/><F78/><W57/><G46/><N who="0" m="25927" /><D35/><U94/><E135/><V31/><F64/><W91/><G123/><T127/><D36/><U86/><E48/><V69/><F69/><W128/><G128/><T51/><D3/><U56/><E22/><V0/><F0/><W58/><G99/><T25/><D131/><N who="1" m="50187" /><E30/><V105/><F105/><W82/><REACH who="3" step="1"/><G87/><REACH who="3" ten="250,250,250,240" step="2"/><T47/><D127/><U20/><E104/><V80/><F34/><AGARI ba="0,1" hai="26,28,34,57,58,76,82,85,88,90,91,97,102,106" machi="34" ten="40,5200,0" yaku="1,1,2,1,54,1,53,0" doraHai="59" doraHaiUra="4" who="3" fromWho="2" sc="250,0,250,0,250,-52,240,62" /><INIT seed="1,0,0,5,0,55" ten="250,250,198,302" oya="1" hai0="7,10,5,66,116,107,41,94,60,125,71,79,26" hai1="42,110,129,45,92,2,12,105,17,64,102,123,0" hai2="57,114,18,29,43,46,95,111,120,101,44,135,68" hai3="126,113,25,62,35,33,21,54,56,59,103,15,23"/><U3/><E123/><V4/><F120/><W118/><G113/><T76/><D116/><U73/><E129/><V115/><F68/><W117/><G126/><T72/><D125/><U131/><E131/><V48/><F4/><W16/><G103/><T128/><D128/><U67/><E73/><V8/><F29/><W70/><G70/><T20/><D107/><U39/><E105/><V1/><F111/><W28/><REACH who="3" step="1"/><G59/><REACH who="3" ten="250,250,198,292" step="2"/><T74/><D71/><U82/><E110/><V49/><F101/><W81/><G81/><T6/><D74/><U93/><E82/><V50/><F57/><W121/><G121/><T78/><D72/><U24/><E102/><V75/><F75/><W32/><AGARI ba="0,1" hai="15,16,21,23,25,28,32,33,35,54,56,62,117,118" machi="32" ten="40,8000,1" yaku="1,1,0,1,52,1,54,1,53,1" doraHai="55" doraHaiUra="51" who="3" fromWho="3" sc="250,-20,250,-40,198,-20,292,90" /><INIT seed="2,0,0,3,1,115" ten="230,210,178,382" oya="2" hai0="42,55,90,109,17,16,57,0,10,4,2,15,7" hai1="61,54,9,114,89,84,65,71,13,120,81,45,56" hai2="125,98,111,130,23,18,20,27,122,123,63,106,47" hai3="72,70,86,74,26,113,119,39,73,87,100,34,85"/><V132/><F106/><W79/><G39/><T25/><D42/><U41/><E114/><V14/><F98/><W94/><G70/><T77/><D77/><U134/><E134/><V28/><F63/><W21/><G34/><T129/><D90/><U118/><E120/><N who="2" m="46123" /><F47/><W37/><G37/><T40/><D40/><U32/><E32/><V102/><F102/><W68/><G68/><T101/><D101/><U105/><E105/><V131/><F132/><W133/><G113/><T11/><D129/><N who="2" m="49162" /><F111/><W12/><G100/><T51/><D109/><U49/><E118/><V69/><F69/><W19/><G119/><T5/><REACH who="0" step="1"/><D25/><REACH who="0" ten="220,210,178,382" step="2"/><U97/><E97/><V83/><F83/><W36/><G133/><T1/><D1/><U48/><E41/><V46/><F46/><W60/><G79/><T3/><D3/><U82/><E45/><V64/><F64/><W104/><G36/><T52/><D52/><U91/><E89/><V38/><F38/><W95/><G104/><T8/><AGARI ba="0,1" hai="0,2,4,5,7,8,10,11,15,16,17,51,55,57" machi="8" ten="30,7900,0" yaku="1,1,0,1,9,1,54,1,53,0" doraHai="115" doraHaiUra="103" who="0" fromWho="0" sc="220,89,210,-20,178,-39,382,-20" /><INIT seed="3,0,0,5,3,49" ten="309,190,139,362" oya="3" hai0="100,38,2,114,46,30,91,125,79,28,69,77,132" hai1="17,52,3,6,103,23,24,96,25,58,54,33,57" hai2="80,102,8,98,35,133,45,73,11,105,75,15,36" hai3="50,82,81,83,106,67,113,0,16,104,61,128,72"/><W117/><G113/><T84/><D125/><U107/><E3/><V108/><F108/><W74/><G117/><T118/><D118/><U97/><E6/><V71/><F133/><W64/><G0/><T88/><D132/><U119/><E119/><V19/><F35/><W37/><G37/><T115/><D69/><U95/><E33/><V21/><F71/><W94/><G94/><T131/><D2/><U126/><E126/><V42/><F80/><W13/><G50/><T122/><D100/><U44/><E44/><V40/><F42/><W111/><G128/><T31/><D131/><U59/><REACH who="1" step="1"/><E25/><REACH who="1" ten="309,180,139,362" step="2"/><V1/><F1/><W101/><G111/><T68/><D46/><U29/><E29/><V5/><F5/><W51/><G72/><T20/><D31/><U22/><E22/><V62/><F73/><W87/><G74/><T65/><D20/><U135/><E135/><V90/><F75/><W110/><G110/><T129/><D30/><U47/><E47/><V56/><REACH who="2" step="1"/><F90/><AGARI ba="0,1" hai="17,23,24,52,54,57,58,59,90,95,96,97,103,107" machi="90" ten="40,8000,1" yaku="1,1,52,2,54,1,53,0" doraHai="49" doraHaiUra="39" who="1" fromWho="2" sc="309,0,180,90,139,-80,362,0" /><INIT seed="4,0,0,5,2,73" ten="309,270,59,362" oya="0" hai0="85,104,21,91,75,135,43,42,48,87,72,30,77" hai1="128,27,134,61,14,88,78,125,129,110,18,47,97" hai2="28,11,39,113,131,37,76,68,106,65,109,29,24" hai3="81,13,23,15,82,60,5,99,9,89,19,35,117"/><T40/><D104/><U44/><E110/><V67/><F109/><W102/><G117/><T103/><D103/><U84/><E125/><V108/><F108/><W6/><G35/><T20/><D135/><U83/><E27/><V12/><F106/><W62/><G5/><T46/><D30/><U50/><E61/><V69/><F113/><W59/><G89/><T56/><D56/><U2/><E2/><V86/><F86/><W132/><G132/><T130/><D130/><N who="1" m="50283" /><E134/><V32/><F131/><W36/><G36/><T101/><D101/><U26/><E26/><V54/><F24/><W17/><G6/><T52/><D75/><U96/><E88/><V107/><F107/><W38/><G38/><T57/><D46/><N who="1" m="17451" /><E50/><V34/><F12/><W115/><G62/><T120/><D120/><U126/><E126/><V8/><REACH who="2" step="1"/><F54/><REACH who="2" ten="309,270,49,362" step="2"/><W124/><G124/><T123/><D123/><U22/><AGARI ba="0,1" hai="14,18,22,78,83,84,96,97" m="17451,50283" machi="22" ten="30,2000,0" yaku="19,1,52,1" doraHai="73" who="1" fromWho="1" sc="309,-10,270,30,49,-5,362,-5" /><INIT seed="5,0,0,3,5,30" ten="299,300,44,357" oya="1" hai0="114,110,115,93,80,123,105,40,19,100,54,59,112" hai1="23,116,6,119,45,85,72,48,131,134,37,101,61" hai2="56,27,67,16,34,17,12,125,43,21,15,107,82" hai3="128,1,57,11,42,66,135,81,18,41,28,63,32"/><U14/><E72/><V103/><F125/><W75/><G128/><T29/><D110/><U33/><E33/><V3/><F3/><W109/><G135/><T50/><D123/><U133/><E101/><V95/><F43/><W46/><G109/><T51/><D29/><U0/><E37/><V78/><F107/><W124/><G124/><T68/><D68/><U8/><E61/><V88/><F103/><W99/><G99/><N who="0" m="59503" /><D105/><U91/><E131/><V120/><F120/><W94/><G94/><T65/><D80/><N who="1" m="49575" /><E23/><V121/><F121/><W53/><G32/><T62/><D19/><U117/><E0/><V47/><F47/><W129/><G28/><T38/><D65/><U74/><E74/><V73/><F34/><W4/><G18/><T52/><D54/><U102/><E102/><V55/><F67/><W60/><G129/><T76/><D76/><U71/><E71/><V113/><F113/><W39/><G42/><T84/><D84/><U5/><E5/><V97/><REACH who="2" step="1"/><F17/><REACH who="2" ten="299,300,34,357" step="2"/><W118/><G41/><T106/><D106/><U92/><E133/><V87/><F87/><W58/><G1/><T20/><D40/><N who="1" m="24615" /><E134/><V79/><F79/><W26/><G75/><T111/><D111/><U104/><E104/><V69/><F69/><W108/><G108/><T86/><D38/><U98/><E98/><V64/><F64/><W13/><G39/><T9/><D86/><U25/><E92/><V83/><F83/><W122/><G122/><T126/><D126/><U2/><E2/><V10/><F10/><W130/><G130/><T7/><D20/><U36/><E36/><RYUUKYOKU ba="0,1" sc="299,10,300,10,34,10,357,-30" hai0="7,9,50,51,52,59,62,112,114,115" hai1="6,8,14,25,116,117,119" hai2="12,15,16,21,27,55,56,73,78,82,88,95,97" /><INIT seed="5,1,1,3,3,45" ten="309,310,44,327" oya="1" hai0="116,13,84,79,101,53,120,30,109,61,33,71,16" hai1="113,21,85,35,39,44,97,15,31,77,81,32,46" hai2="37,126,128,63,95,18,114,87,43,48,34,83,11" hai3="68,9,123,24,60,59,41,96,99,89,52,117,106"/><U3/><E3/><V27/><F128/><W122/><G117/><T118/><D109/><U42/><E113/><V94/><F37/><W23/><G41/><T50/><D120/><U10/><E46/><N who="2" m="25695" /><F34/><W110/><G110/><T100/><D33/><U69/><E69/><V20/><F126/><W108/><G108/><T12/><D30/><U26/><REACH who="1" step="1"/><E97/><REACH who="1" ten="309,300,44,327" step="2"/><V98/><F114/><W121/><G68/><T125/><D71/><U72/><E72/><V17/><F98/><W64/><G106/><T93/><D125/><U104/><E104/><V127/><F127/><W25/><G99/><T74/><D74/><U8/><E8/><V5/><F5/><AGARI ba="1,2" hai="5,10,15,21,26,31,32,35,39,42,44,77,81,85" machi="5" ten="30,2900,0" yaku="1,1,7,1,53,0" doraHai="45" doraHaiUra="67" who="1" fromWho="2" sc="309,0,300,52,44,-32,327,0" /><INIT seed="5,2,0,1,5,114" ten="309,352,12,327" oya="1" hai0="130,8,62,73,117,88,17,60,18,109,103,52,95" hai1="63,4,96,119,54,84,3,19,82,48,111,134,34" hai2="67,37,64,31,20,123,36,80,61,0,94,90,23" hai3="110,107,101,65,108,102,7,47,66,98,15,81,120"/><U41/><E34/><V16/><F123/><W10/><G120/><T93/><D109/><U33/><E33/><V112/><F0/><W133/><G133/><T116/><D73/><U87/><E111/><V121/><F121/><W127/><G127/><T106/><D106/><U2/><E119/><V32/><F112/><W115/><G115/><T86/><D130/><U125/><E134/><V59/><F67/><W70/><G65/><T6/><D116/><U85/><E82/><V50/><F80/><W28/><G28/><T1/><D62/><U45/><E125/><V21/><F32/><W13/><G102/><T92/><D117/><U71/><E4/><V38/><F31/><W68/><G47/><T79/><D79/><U78/><E78/><V43/><F50/><W58/><G58/><N who="0" m="34887" /><D1/><U27/><E96/><V69/><F43/><W135/><G135/><T14/><D103/><U44/><E71/><V76/><F76/><W74/><G68/><T104/><D104/><U40/><E63/><V5/><F69/><W26/><G74/><T77/><D77/><U24/><E54/><V42/><F42/><W128/><G70/><T56/><D56/><U83/><E83/><AGARI ba="2,0" hai="6,8,14,17,18,83,86,88,92,93,95" m="34887" machi="83" ten="30,3900,0" yaku="8,1,54,2" doraHai="114" who="0" fromWho="1" sc="309,45,352,-45,12,0,327,0" /><INIT seed="6,0,0,5,5,37" ten="354,307,12,327" oya="2" hai0="10,78,44,57,25,14,65,83,106,4,59,123,46" hai1="30,102,7,33,118,124,53,84,76,60,81,70,2" hai2="15,132,31,39,80,23,117,69,72,99,0,90,52" hai3="61,127,87,56,131,109,103,20,22,82,98,55,35"/><V108/><F117/><W21/><G131/><T3/><D106/><U24/><E118/><V120/><F120/><W40/><G127/><T128/><D128/><U101/><E124/><V19/><F69/><W121/><G109/><T13/><D123/><U107/><E53/><V54/><F108/><W62/><G35/><T88/><D25/><U105/><E102/><V110/><F110/><W63/><G121/><T112/><D112/><U92/><E92/><V8/><F132/><W71/><G71/><T114/><D3/><U79/><E79/><V104/><F39/><W11/><G11/><T100/><D100/><U134/><E134/><V113/><F113/><W93/><REACH who="3" step="1"/><G40/><REACH who="3" ten="354,307,12,317" step="2"/><T6/><D10/><U94/><E2/><V119/><F119/><W43/><G43/><T12/><D114/><U18/><E7/><V97/><F104/><W9/><G9/><T27/><D6/><U67/><REACH who="1" step="1"/><E18/><REACH who="1" ten="354,297,12,317" step="2"/><V111/><F111/><W129/><G129/><T49/><D4/><U122/><E122/><V32/><F0/><W74/><G74/><T34/><D34/><U26/><E26/><N who="2" m="16863" /><F32/><W77/><AGARI ba="0,2" hai="20,21,22,55,56,61,62,63,77,82,87,93,98,103" machi="77" ten="30,4000,0" yaku="1,1,0,1,8,1,53,0" doraHai="37" doraHaiUra="64" who="3" fromWho="3" sc="354,-10,297,-10,12,-20,317,60" owari="344,14.0,287,-11.0,-8,-51.0,377,48.0" /></mjloggm>