<mjloggm ver="2.3"><GO type="169" lobby="0"/><UN n0="%E3%81%8B%E3%81%A5%E3%81%8D%EF%BC%B8%EF%BC%A9" n1="%6B%6F%6D%6F%73%73" n2="%E3%81%97%E3%83%BC%E3%81%9F%E3%81%8F%E3%82%93" n3="%4E%65%6D%6F" dan="16,16,16,17" rate="2107.40,2118.18,2117.99,2241.66" sx="M,F,M,M"/><TAIKYOKU oya="0"/><INIT seed="0,0,0,0,1,113" ten="250,250,250,250" oya="0" hai0="58,107,96,91,45,90,7,109,117,102,76,15,134" hai1="135,21,119,62,2,101,31,81,59,37,44,60,71" hai2="39,103,100,26,105,78,25,38,77,49,121,84,73" hai3="106,33,80,63,79,70,46,56,3,122,66,108,123"/><T104/><D134/><U36/><E135/><V9/><F73/><W126/><G108/><T51/><D58/><U34/><E34/><V27/><F121/><N who="3" m="46091" /><G126/><T1/><D107/><U69/><E2/><V54/><F105/><W24/><G106/><T83/><D1/><U118/><E101/><N who="2" m="38987" /><F39/><N who="1" m="14921" /><E81/><N who="2" m="47151" /><F38/><W43/><G3/><T99/><D109/><U120/><E21/><V129/><F129/><W52/><G24/><T86/><D99/><U57/><E31/><V132/><F132/><W64/><G33/><T23/><D117/><N who="1" m="44555" /><E44/><N who="2" m="27943" /><F9/><W35/><G35/><T47/><D47/><U98/><E98/><V74/><F74/><N who="3" m="43127" /><G70/><N who="1" m="26634" /><E120/><V42/><F78/><W11/><G11/><N who="0" m="4607" /><D23/><U16/><E16/><V29/><F29/><W111/><G111/><T22/><D22/><U14/><E14/><V131/><F131/><W75/><G75/><T4/><D4/><U82/><E82/><V6/><F6/><W112/><G112/><T65/><D104/><U125/><E125/><V68/><F27/><W85/><G85/><T67/><D102/><U17/><E17/><V94/><F26/><W28/><G28/><T50/><D96/><U30/><E30/><V72/><F72/><W116/><G116/><T95/><D86/><U124/><E124/><V115/><F25/><W87/><G87/><T114/><D83/><U93/><E93/><V48/><F94/><W40/><G46/><T13/><D95/><U10/><E10/><V32/><F32/><W127/><G127/><T89/><D45/><U110/><E110/><V130/><F115/><W128/><G128/><T97/><D76/><U5/><E5/><RYUUKYOKU ba="0,0" sc="250,-15,250,15,250,-15,250,15" hai1="57,59,60,62" hai3="40,43,52,56,63,64,66" /><INIT seed="1,1,0,3,5,47" ten="235,265,235,265" oya="1" hai0="45,89,129,88,58,52,109,85,38,124,64,69,23" hai1="108,131,132,59,115,61,82,81,91,16,34,68,104" hai2="8,21,27,66,73,54,75,101,29,76,71,24,44" hai3="30,26,25,37,0,7,128,43,119,120,78,79,105"/><U112/><E104/><V102/><F71/><W107/><G120/><T48/><D109/><U130/><E68/><V98/><F66/><W126/><G128/><N who="1" m="49194" /><E34/><V22/><F8/><W36/><G126/><T84/><D129/><U20/><E132/><V122/><F122/><W3/><G43/><N who="0" m="22775" /><D124/><U117/><E117/><V94/><F101/><W86/><G86/><N who="0" m="33387" /><D23/><U39/><E39/><V35/><F35/><W121/><G121/><T57/><D57/><U97/><E108/><V9/><F9/><W51/><G30/><T17/><D17/><U113/><E91/><V15/><F15/><W11/><G11/><T99/><D99/><U77/><E97/><V46/><F76/><W92/><G92/><T72/><D72/><U110/><E110/><V90/><F90/><W65/><G65/><T10/><D10/><U4/><E4/><V103/><F103/><W133/><G119/><T5/><D5/><U100/><E100/><V125/><F125/><W2/><G7/><T70/><D70/><U62/><E77/><V67/><F67/><W13/><G2/><T56/><D56/><U31/><E31/><N who="2" m="17807" /><F75/><W28/><G28/><T53/><D53/><N who="1" m="34031" /><E62/><AGARI ba="1,0" hai="48,52,58,62,64,69,88,89" m="33387,22775" machi="62" ten="30,7700,0" yaku="24,1,52,1,54,2" doraHai="47" who="0" fromWho="1" sc="235,80,265,-80,235,0,265,0" /><INIT seed="2,0,0,2,2,109" ten="315,185,235,265" oya="2" hai0="58,13,116,83,64,59,16,54,56,78,37,112,10" hai1="33,134,125,127,47,81,21,131,92,118,11,102,31" hai2="135,38,32,48,24,100,88,86,84,110,14,90,103" hai3="107,99,2,17,132,51,6,61,76,5,68,53,72"/><V80/><F38/><W123/><G123/><T105/><D116/><U128/><E118/><V44/><F135/><W3/><G132/><T101/><D37/><U104/><E134/><V91/><F110/><W8/><G17/><T30/><D30/><U73/><E33/><V71/><F71/><W113/><G76/><T0/><D0/><U46/><E11/><V120/><F120/><W97/><G72/><T82/><D64/><U75/><E31/><V12/><F32/><W15/><G15/><N who="2" m="5673" /><F24/><W27/><G27/><T94/><D105/><U36/><E21/><V124/><F124/><N who="1" m="47689" /><E104/><V22/><F22/><W67/><G107/><T25/><D25/><U20/><E20/><V34/><F34/><W93/><G93/><T98/><D83/><U26/><E26/><V79/><F84/><W60/><G60/><T18/><D18/><U9/><E9/><V43/><AGARI ba="0,0" hai="43,44,48,79,80,86,88,90,91,100,103" m="5673" machi="43" ten="30,3000,0" yaku="8,1,54,1" doraHai="109" who="2" fromWho="2" sc="315,-10,185,-10,235,30,265,-10" /><INIT seed="2,1,0,2,5,30" ten="305,175,265,255" oya="2" hai0="8,81,91,95,107,5,87,111,35,36,112,110,3" hai1="105,125,65,45,69,109,102,73,0,42,122,72,14" hai2="115,101,64,86,120,10,51,12,22,71,67,52,55" hai3="84,75,43,32,97,89,34,53,135,93,63,80,23"/><V131/><F120/><W98/><G135/><T124/><D36/><U70/><E122/><V50/><F115/><W54/><G43/><T92/><D107/><U44/><E109/><N who="0" m="41481" /><D112/><U41/><E14/><V16/><F131/><W18/><G75/><T77/><D124/><U134/><E0/><V28/><F101/><W62/><G98/><N who="0" m="57631" /><D95/><U103/><E65/><N who="2" m="25163" /><F71/><W108/><G108/><T100/><D100/><U38/><E134/><V4/><F28/><W25/><G63/><T56/><D56/><U19/><E125/><V11/><F86/><W133/><G133/><T57/><D57/><U21/><E105/><V94/><F94/><W29/><G62/><T15/><D3/><U59/><E59/><N who="2" m="33175" /><F4/><W78/><REACH who="3" step="1"/><G34/><AGARI ba="1,0" hai="5,8,15,34,35,77,81,87" m="57631,41481" machi="34" ten="30,3900,0" yaku="14,1,52,2" doraHai="30" who="0" fromWho="3" sc="305,42,175,0,265,0,255,-42" /><INIT seed="3,0,0,0,0,109" ten="347,175,265,213" oya="3" hai0="57,2,68,13,105,110,99,22,114,55,91,84,42" hai1="18,29,50,108,73,85,104,54,25,41,56,82,39" hai2="89,32,115,80,111,31,121,53,58,47,45,107,12" hai3="101,102,120,128,8,37,59,75,27,90,6,123,87"/><W83/><G37/><T44/><D2/><U70/><E108/><V130/><F111/><W24/><G128/><T96/><D68/><U71/><E104/><V64/><F107/><W62/><G75/><T40/><D105/><U49/><E73/><V81/><F130/><W103/><G123/><T79/><D79/><U67/><E18/><V1/><F1/><W7/><G120/><T116/><D116/><U77/><E39/><V78/><F32/><W33/><G33/><T135/><D135/><U16/><E67/><V3/><F3/><W21/><G8/><T112/><D110/><U129/><E129/><V61/><F31/><W66/><REACH who="3" step="1"/><G27/><REACH who="3" ten="347,175,265,203" step="2"/><T52/><D22/><U94/><E25/><V122/><F121/><W69/><G69/><T134/><D134/><U118/><E70/><V131/><F122/><W19/><AGARI ba="0,1" hai="6,7,19,21,24,59,62,66,83,87,90,101,102,103" machi="19" ten="30,12000,1" yaku="1,1,0,1,8,1,53,2" doraHai="109" doraHaiUra="0" who="3" fromWho="3" sc="347,-40,175,-40,265,-40,203,130" /><INIT seed="3,1,0,5,4,43" ten="307,135,225,333" oya="3" hai0="41,65,67,70,114,11,97,76,36,32,93,3,6" hai1="4,26,126,86,42,18,78,128,106,19,16,113,58" hai2="50,5,81,105,121,60,83,56,51,110,38,37,118" hai3="75,104,102,59,46,96,30,2,35,107,61,25,10"/><W125/><G75/><T0/><D32/><U13/><E113/><V24/><F105/><W57/><G125/><T34/><D34/><U119/><E126/><V103/><F103/><W73/><G73/><T54/><D3/><U99/><E128/><V33/><F5/><W28/><G28/><T48/><D70/><U98/><E119/><V66/><F33/><W95/><G59/><T91/><D76/><U20/><E58/><N who="2" m="37143" /><F24/><W94/><G94/><T69/><D114/><U101/><E42/><V49/><F81/><W21/><G35/><T100/><D100/><U122/><E122/><V39/><F83/><W23/><G23/><T133/><D133/><U127/><E127/><V108/><F118/><W115/><G115/><T14/><D0/><U80/><REACH who="1" step="1"/><E98/><REACH who="1" ten="307,125,225,333" step="2"/><V134/><F121/><W111/><G96/><T117/><D117/><U90/><E90/><V63/><F134/><W40/><G57/><T131/><D131/><U29/><E29/><V109/><F63/><W87/><G61/><T124/><D124/><U132/><E132/><V64/><F64/><W8/><G102/><T27/><D69/><U89/><E89/><V120/><F120/><W88/><G88/><T77/><D77/><U85/><E85/><V116/><F116/><W68/><G87/><T9/><D91/><U47/><E47/><V112/><F112/><W31/><G46/><T79/><D97/><U71/><E71/><V1/><F56/><W92/><G68/><T52/><D79/><U55/><E55/><V74/><F74/><W44/><G40/><T22/><D41/><U12/><E12/><RYUUKYOKU ba="1,1" sc="307,-15,125,15,225,15,333,-15" hai1="4,13,16,18,19,20,26,78,80,86,99,101,106" hai2="1,37,38,39,49,50,51,108,109,110" /><INIT seed="4,2,1,5,2,48" ten="292,140,240,318" oya="0" hai0="57,63,34,135,73,112,16,55,6,64,99,114,45" hai1="21,94,72,75,56,24,66,8,81,92,12,13,32" hai2="100,27,108,90,15,134,97,31,26,131,11,118,62" hai3="117,124,33,127,60,84,28,17,44,78,93,41,54"/><T113/><D73/><U36/><E36/><V132/><F108/><W104/><G104/><T74/><D74/><U98/><E32/><V68/><F131/><W111/><G117/><T67/><D34/><U23/><E81/><V95/><F118/><W76/><G111/><T125/><D6/><U102/><E94/><V39/><F39/><W109/><G109/><T51/><D99/><U87/><E87/><V35/><F27/><N who="3" m="18591" /><G17/><T126/><D135/><N who="2" m="51754" /><F62/><W65/><G93/><T20/><REACH who="0" step="1"/><D67/><REACH who="0" ten="282,140,240,318" step="2"/><U107/><E66/><V18/><F68/><W103/><G65/><T128/><D128/><U71/><E71/><V70/><F70/><W122/><G124/><T79/><D79/><U106/><E72/><V61/><F61/><W85/><G78/><T123/><D123/><U96/><E75/><V0/><F0/><W88/><G76/><T22/><D22/><U42/><E23/><V80/><F80/><W43/><G60/><T59/><D59/><U1/><E56/><V4/><F4/><W37/><G127/><T46/><D46/><U38/><E21/><V77/><F77/><W7/><G44/><T91/><D91/><AGARI ba="2,2" hai="11,15,18,26,31,35,90,91,95,97,100" m="51754" machi="91" ten="30,1000,0" yaku="20,1" doraHai="48" who="2" fromWho="0" sc="282,-16,140,0,240,36,318,0" /><INIT seed="5,0,0,0,0,100" ten="266,140,276,318" oya="1" hai0="134,101,23,37,74,114,32,40,104,116,2,48,5" hai1="133,60,24,108,77,10,125,3,36,35,126,121,135" hai2="72,31,25,46,26,1,73,55,52,27,117,102,95" hai3="47,91,123,62,19,113,61,29,54,38,68,30,70"/><U33/><E36/><V44/><F117/><W66/><G123/><T41/><D114/><U79/><E121/><V43/><F1/><W107/><G113/><T124/><D116/><U63/><E10/><V106/><F106/><W56/><G70/><T84/><D32/><N who="1" m="12363" /><E24/><V20/><F73/><W12/><G107/><T16/><D84/><U4/><E4/><V97/><F72/><W58/><G91/><T51/><D74/><U109/><E3/><V42/><F20/><W103/><G103/><T128/><D5/><U67/><E67/><V75/><F75/><W21/><REACH who="3" step="1"/><G68/><REACH who="3" ten="266,140,276,308" step="2"/><T45/><D104/><U83/><E77/><V94/><F31/><W89/><G89/><T13/><D101/><U59/><E79/><V28/><F28/><W57/><G57/><T99/><D45/><N who="2" m="17514" /><F95/><W17/><G17/><T85/><D16/><U93/><E93/><V129/><F129/><W81/><G81/><T78/><D128/><U7/><E83/><V49/><F94/><W15/><G15/><T50/><D13/><U76/><E76/><V87/><F102/><W9/><G9/><T14/><D14/><U88/><E88/><V65/><F27/><W11/><G11/><T112/><D78/><U130/><E130/><V86/><F26/><W118/><G118/><T6/><D112/><U115/><E115/><V39/><F25/><W53/><G53/><T0/><D0/><U110/><E59/><V119/><F55/><W96/><G96/><T120/><D2/><U8/><E8/><V69/><F119/><W98/><G98/><T105/><D120/><U22/><E108/><RYUUKYOKU ba="0,1" sc="266,-10,140,-10,276,-10,308,30" hai3="12,19,21,29,30,38,47,54,56,58,61,62,66" /><INIT seed="6,1,1,1,1,111" ten="256,130,266,338" oya="2" hai0="122,79,120,31,105,125,92,114,57,26,18,56,128" hai1="112,13,38,115,117,49,68,101,41,134,40,11,118" hai2="55,93,25,39,5,15,116,35,90,37,110,20,127" hai3="7,34,12,3,81,64,135,106,62,103,8,99,96"/><V100/><F116/><N who="1" m="44649" /><E101/><V28/><F127/><W63/><G135/><T66/><D105/><U113/><E68/><V54/><F110/><W123/><G123/><T46/><D79/><U131/><E134/><V80/><F100/><W21/><G34/><T78/><D78/><U51/><E131/><V98/><F80/><W67/><G99/><T126/><D128/><U94/><E94/><V65/><F65/><W19/><REACH who="3" step="1"/><G81/><REACH who="3" ten="256,130,266,328" step="2"/><T24/><D122/><U124/><E124/><V30/><F35/><W95/><G95/><T14/><D92/><U91/><E91/><V17/><F37/><W16/><G16/><T53/><D120/><U84/><E84/><V9/><F39/><W73/><G73/><T75/><D18/><N who="1" m="8511" /><E38/><V22/><REACH who="2" step="1"/><F28/><REACH who="2" ten="256,130,256,328" step="2"/><W52/><G52/><T61/><D53/><U108/><E108/><V133/><F133/><W70/><G70/><T6/><D126/><U60/><E60/><AGARI ba="1,3" hai="3,7,8,12,19,21,60,62,63,64,67,96,103,106" machi="60" ten="40,1300,0" yaku="1,1,53,0" doraHai="111" doraHaiUra="43" who="3" fromWho="1" sc="256,0,130,-16,256,0,328,46" /><INIT seed="7,0,0,1,2,105" ten="256,114,256,374" oya="3" hai0="90,80,85,15,41,92,1,130,6,67,33,10,87" hai1="69,14,42,91,30,11,128,73,60,127,76,8,28" hai2="129,61,108,66,113,86,99,12,4,81,45,103,24" hai3="122,101,116,106,79,133,37,112,32,131,134,62,54"/><W43/><G116/><T124/><D33/><U7/><E127/><V35/><F108/><W114/><G122/><T9/><D124/><U74/><E128/><V26/><F129/><W58/><G32/><T115/><D130/><U65/><E42/><V89/><F113/><N who="3" m="43627" /><G79/><T38/><D115/><U31/><E76/><V29/><F26/><W63/><G131/><T72/><D67/><U48/><E91/><V47/><F12/><W68/><G43/><T13/><D9/><U98/><E98/><V107/><REACH who="2" step="1"/><F4/><REACH who="2" ten="256,114,246,374" step="2"/><W22/><G133/><T27/><D27/><U121/><E121/><V109/><F109/><W97/><G134/><T96/><D87/><U104/><E104/><V0/><F0/><W34/><G106/><T71/><D71/><AGARI ba="0,1" hai="24,29,35,45,47,61,66,71,81,86,89,99,103,107" machi="71" ten="30,7700,0" yaku="1,1,7,1,25,2,53,0" doraHai="105" doraHaiUra="49" who="2" fromWho="0" sc="256,-77,114,0,246,87,374,0" owari="179,-22.0,114,-39.0,333,13.0,374,48.0" /></mjloggm>