<mjloggm ver="2.3"><GO type="169" lobby="0"/><UN n0="%E3%81%86%E3%81%83%E3%82%93%E3%81%A7%E3%81%83" n1="%E3%83%8A%E3%83%8A%E3%82%A4%E3%83%AD%E3%83%A9%E3%82%A4%E3%83%88%E2%98%86" n2="%E3%81%AA%E3%81%AA%E3%81%BF%EF%BC%A0%E5%8F%B2%E7%9A%AE%E8%BB%8D%E5%9B%A3" n3="%E3%81%92%E3%82%93%E3%81%BE%E3%81%84" dan="16,17,16,16" rate="2059.55,2162.54,2063.73,2126.31" sx="M,F,M,M"/><TAIKYOKU oya="0"/><INIT seed="0,0,0,3,1,16" ten="250,250,250,250" oya="0" hai0="20,2,37,134,108,4,102,70,59,112,95,55,28" hai1="19,25,64,72,43,118,23,116,69,96,58,34,92" hai2="91,33,119,6,79,115,1,106,103,10,125,117,63" hai3="29,65,27,50,75,74,0,38,99,5,67,113,83"/><T17/><D112/><U35/><E72/><V132/><F115/><W41/><G113/><T66/><D37/><U100/><E69/><V93/><F33/><W129/><G50/><T73/><D73/><U131/><E131/><V54/><F79/><N who="3" m="44535" /><G75/><T133/><D28/><U122/><E122/><V90/><F125/><W30/><G99/><T49/><D108/><U60/><REACH who="1" step="1"/><E43/><REACH who="1" ten="250,240,250,250" step="2"/><V105/><F117/><AGARI ba="0,1" hai="19,23,25,34,35,58,60,64,92,96,100,116,117,118" machi="117" ten="40,5200,0" yaku="1,1,2,1,52,1,53,0" doraHai="16" doraHaiUra="124" who="1" fromWho="2" sc="250,0,240,62,250,-52,250,0" /><INIT seed="1,0,0,0,5,5" ten="250,302,198,250" oya="1" hai0="79,27,108,95,50,31,12,76,128,32,73,48,11" hai1="63,10,45,35,71,21,67,131,106,124,102,15,75" hai2="30,56,87,98,104,23,92,81,24,132,39,83,52" hai3="29,17,78,51,115,4,80,88,120,113,82,110,49"/><U116/><E116/><V119/><F119/><W44/><G120/><T109/><D128/><U133/><E35/><V14/><F39/><W85/><G110/><N who="0" m="42603" /><D95/><U66/><E131/><V107/><F132/><W2/><G29/><T84/><D73/><U9/><E133/><V123/><F123/><W77/><G17/><N who="0" m="8351" /><D84/><U118/><E75/><V34/><F34/><W94/><G49/><AGARI ba="0,0" hai="27,31,32,48,49,50,76,79" m="8351,42603" machi="49" ten="30,2000,0" yaku="14,1,52,1" doraHai="5" who="0" fromWho="3" sc="250,20,302,0,198,0,250,-20" /><INIT seed="2,0,0,3,0,14" ten="270,302,198,230" oya="2" hai0="83,86,65,38,77,2,105,95,109,93,97,80,27" hai1="20,61,115,85,60,17,58,15,125,92,36,19,56" hai2="130,91,7,88,131,119,106,13,62,124,107,51,110" hai3="0,48,21,5,9,47,6,100,76,45,33,126,127"/><V81/><F119/><W30/><G6/><T50/><D38/><U117/><E115/><V82/><F62/><N who="1" m="24169" /><E36/><V40/><F40/><W8/><G33/><T16/><D2/><U132/><E125/><V43/><F124/><W34/><G8/><T31/><D65/><U68/><E132/><V89/><F7/><W32/><G32/><T46/><D109/><U114/><E68/><V99/><F13/><W63/><G63/><T12/><D105/><N who="2" m="39946" /><F110/><W128/><G128/><N who="2" m="49193" /><F99/><W135/><G135/><T3/><D3/><U79/><E114/><V94/><F94/><W53/><G5/><T133/><D133/><U57/><E117/><V37/><F37/><W4/><G4/><T75/><D97/><U101/><E92/><V78/><F78/><W84/><G76/><T96/><D96/><U120/><E120/><V35/><F35/><W70/><G34/><T129/><D129/><U59/><E101/><V74/><F74/><W49/><G100/><T28/><D75/><U121/><E121/><V1/><F1/><W41/><G0/><T118/><D118/><U102/><E102/><V67/><F67/><W54/><G127/><T123/><D123/><U71/><E71/><V112/><F112/><W87/><G70/><T25/><D27/><N who="1" m="14735" /><E79/><V103/><F103/><W22/><G126/><T73/><D73/><U55/><E85/><V69/><F69/><W10/><G41/><T122/><D122/><U18/><E15/><V113/><F113/><W24/><G24/><T134/><D25/><U26/><E26/><V23/><F23/><W42/><G42/><N who="0" m="24919" /><D134/><U52/><E55/><RYUUKYOKU ba="0,0" sc="270,-30,302,10,198,10,230,10" hai1="18,19,52,56,57,58,59" hai2="43,51,81,82,88,89,91" hai3="9,10,21,22,30,45,47,48,49,53,54,84,87" /><INIT seed="2,1,0,1,5,50" ten="240,312,208,240" oya="2" hai0="28,24,115,10,118,101,75,36,48,1,74,89,121" hai1="122,8,132,100,107,61,5,95,52,71,134,47,12" hai2="29,87,113,84,116,82,73,68,133,128,112,98,38" hai3="120,117,127,22,126,124,26,40,59,108,129,2,64"/><V57/><F68/><W17/><G117/><T35/><D121/><U92/><E122/><V63/><F116/><W81/><G120/><T60/><D36/><U4/><E4/><V19/><F38/><W32/><G2/><T94/><D115/><U3/><E3/><V96/><F73/><W30/><G108/><T109/><D101/><U99/><E71/><V25/><F19/><W11/><G129/><T15/><D1/><U55/><E47/><V93/><F133/><N who="1" m="51305" /><E61/><V9/><F9/><W53/><G40/><T44/><D60/><U51/><E51/><V33/><F87/><W27/><G81/><T34/><D34/><U130/><E130/><V97/><F93/><AGARI ba="1,0" hai="5,8,12,52,55,92,93,95,99,100,107" m="51305" machi="93" ten="30,7700,0" yaku="20,1,52,2,54,1" doraHai="50" who="1" fromWho="2" sc="240,0,312,80,208,-80,240,0" /><INIT seed="3,0,0,4,4,33" ten="240,392,128,240" oya="3" hai0="84,101,45,77,43,130,36,94,46,123,5,59,56" hai1="79,109,114,99,52,82,54,73,9,90,103,21,25" hai2="26,129,117,50,63,75,97,78,14,48,6,44,10" hai3="95,104,34,51,1,70,116,88,81,57,4,60,96"/><W15/><G116/><T122/><D130/><U135/><E109/><V27/><F129/><W68/><G34/><T98/><D5/><U35/><E135/><V19/><F117/><W102/><G15/><T115/><D115/><U18/><E114/><V74/><F63/><W61/><G51/><T127/><D127/><U31/><E90/><V55/><F97/><W16/><G16/><T134/><D134/><U37/><E37/><V132/><F132/><W86/><G60/><T125/><D46/><U106/><REACH who="1" step="1"/><E9/><REACH who="1" ten="240,382,128,240" step="2"/><V30/><F78/><W89/><G89/><T58/><D125/><U131/><E131/><V126/><F126/><W118/><G118/><T71/><D77/><U24/><AGARI ba="0,1" hai="18,21,24,25,31,35,52,54,73,79,82,99,103,106" machi="24" ten="20,5200,0" yaku="1,1,0,1,7,1,54,1,53,0" doraHai="33" doraHaiUra="108" who="1" fromWho="1" sc="240,-13,382,62,128,-13,240,-26" /><INIT seed="4,0,0,3,2,10" ten="227,444,115,214" oya="0" hai0="37,126,113,47,122,18,56,38,5,77,9,129,132" hai1="117,107,28,55,68,90,118,21,84,110,46,60,44" hai2="25,123,131,58,4,72,51,32,12,35,14,98,124" hai3="63,2,81,70,91,3,34,69,67,79,76,75,119"/><T99/><D122/><U20/><E110/><V103/><F72/><W17/><G119/><T112/><D129/><U82/><E107/><V96/><F123/><W106/><G79/><T121/><D121/><U7/><E117/><V41/><F131/><W95/><G69/><T130/><D130/><U61/><E118/><V134/><F134/><W15/><G34/><T6/><D126/><U120/><E68/><V22/><F124/><W13/><G106/><T24/><D132/><U83/><E7/><V73/><F73/><W93/><G93/><T59/><D77/><U43/><E120/><V127/><F127/><W33/><G33/><T105/><D105/><U39/><E83/><V71/><F71/><W54/><G54/><T133/><D133/><U94/><E28/><V27/><F4/><W40/><G40/><T88/><D24/><U49/><E82/><V23/><F41/><W52/><G52/><T78/><D18/><U42/><E55/><V31/><F51/><W8/><REACH who="3" step="1"/><G15/><REACH who="3" ten="227,444,115,204" step="2"/><N who="2" m="5673" /><F32/><W114/><G114/><T135/><D135/><U66/><E43/><V29/><F35/><W89/><G89/><T116/><D88/><U16/><E90/><V11/><F58/><W111/><G111/><T65/><D116/><U108/><E42/><V19/><F103/><W62/><G62/><T36/><D112/><U101/><E61/><V104/><F104/><W97/><AGARI ba="0,1" hai="2,3,8,13,17,63,67,70,75,76,81,91,95,97" machi="97" ten="20,5200,0" yaku="1,1,0,1,7,1,52,1,53,0" doraHai="10" doraHaiUra="128" who="3" fromWho="3" sc="227,-26,444,-13,115,-13,204,62" /><INIT seed="5,0,0,3,3,27" ten="201,431,102,266" oya="1" hai0="20,134,94,118,10,75,66,123,129,33,9,5,38" hai1="126,114,46,7,19,56,72,98,109,93,15,86,117" hai2="54,59,85,40,115,77,3,111,97,112,63,37,76" hai3="121,91,82,71,55,34,18,48,73,1,50,39,122"/><U14/><E117/><V128/><F3/><W95/><G39/><T60/><D118/><U42/><E72/><V12/><F111/><W57/><G71/><T132/><D33/><U65/><E109/><V119/><F119/><W106/><G106/><T31/><D38/><U24/><E114/><N who="2" m="43563" /><F128/><W25/><G1/><T16/><D75/><U78/><E126/><V81/><F97/><W58/><G73/><T70/><D129/><U26/><E7/><V88/><F12/><W74/><G74/><T99/><D123/><U28/><E24/><V102/><F102/><W89/><G82/><T125/><D125/><U79/><E15/><V29/><F29/><W61/><G91/><T100/><D31/><U30/><E30/><V131/><F131/><W62/><G62/><T127/><D127/><U35/><E86/><V8/><F8/><W52/><G61/><T53/><D53/><U6/><E65/><V0/><F0/><W87/><G34/><T107/><D107/><U32/><E32/><V69/><F69/><W11/><G11/><T2/><REACH who="0" step="1"/><D10/><REACH who="0" ten="191,431,102,266" step="2"/><N who="1" m="4439" /><E28/><V116/><F116/><W135/><G135/><T90/><D90/><U96/><E35/><V84/><F84/><W45/><G45/><AGARI ba="0,1" hai="37,40,45,54,59,63,76,77,81,85,88" m="43563" machi="45" ten="30,3900,0" yaku="15,1,11,1,54,1" doraHai="27" who="2" fromWho="3" sc="191,0,431,0,102,49,266,-39" /><INIT seed="6,0,0,5,0,65" ten="191,431,151,227" oya="2" hai0="121,57,133,90,16,49,53,81,18,116,70,9,54" hai1="3,43,71,7,58,38,110,96,42,87,126,27,15" hai2="98,101,28,102,25,20,68,89,80,99,120,34,4" hai3="13,32,5,51,103,47,111,105,6,31,10,127,19"/><V45/><F120/><W39/><G111/><T64/><D121/><U104/><E71/><V115/><F115/><W109/><G109/><T79/><D133/><U128/><E3/><V134/><F134/><W84/><G39/><T122/><D122/><U24/><E87/><V93/><F4/><W23/><G127/><T48/><D116/><U86/><E86/><V14/><F68/><W85/><G105/><T113/><D90/><U50/><E27/><V125/><F125/><W59/><G103/><T2/><D113/><U41/><E24/><V46/><F80/><W56/><G5/><T97/><D97/><U78/><E41/><V36/><F36/><W66/><G31/><T92/><D92/><U131/><E42/><V22/><F89/><W12/><G32/><T88/><D2/><U60/><E43/><V107/><REACH who="2" step="1"/><F14/><REACH who="2" ten="191,431,141,227" step="2"/><W52/><G13/><T1/><D88/><U8/><E15/><V76/><F76/><W83/><G83/><T30/><D81/><U29/><E78/><V37/><F37/><W11/><G6/><T74/><D79/><U123/><E7/><V17/><F17/><W119/><G19/><T112/><D112/><U91/><E38/><V106/><F106/><W132/><G12/><T94/><D1/><U129/><E91/><V117/><F117/><W21/><G132/><T55/><D18/><U75/><E123/><V118/><F118/><W108/><G119/><T0/><D0/><U44/><E126/><V40/><F40/><W35/><G108/><T95/><D16/><U63/><E110/><V100/><F100/><W62/><G10/><RYUUKYOKU ba="0,1" sc="191,-10,431,-10,141,30,227,-10" hai2="20,22,25,28,34,45,46,93,98,99,101,102,107" /><INIT seed="6,1,1,5,0,133" ten="181,421,171,217" oya="2" hai0="33,118,114,31,40,26,115,109,34,10,81,75,14" hai1="74,3,42,50,37,121,29,11,59,61,54,78,113" hai2="122,94,91,116,129,22,55,125,135,67,85,90,73" hai3="27,13,100,96,70,17,2,7,123,51,76,12,0"/><V47/><F116/><W69/><G123/><T9/><D109/><U106/><E121/><V24/><F122/><W66/><G76/><T20/><D40/><U103/><E29/><V43/><F135/><W130/><G130/><T63/><D63/><U41/><E113/><N who="0" m="43017" /><D75/><U65/><E106/><V1/><F1/><W44/><G27/><N who="0" m="16871" /><D81/><N who="1" m="45271" /><E103/><V60/><F73/><W89/><G89/><T72/><D72/><U16/><E16/><N who="2" m="12359" /><F129/><W77/><G77/><T119/><D26/><U25/><E25/><V84/><F67/><W30/><G66/><T132/><D132/><U15/><E42/><V23/><F23/><W48/><G100/><T4/><D10/><U28/><E11/><V99/><F90/><W107/><G107/><T18/><D18/><U134/><E65/><V98/><F98/><W58/><G17/><T56/><D56/><U79/><E59/><N who="2" m="34943" /><F125/><W36/><G70/><T62/><D62/><U46/><E61/><V95/><F95/><W64/><G69/><T112/><D112/><U68/><E68/><V131/><F131/><W120/><G64/><T5/><D5/><U86/><E3/><V128/><F128/><W52/><G0/><T21/><D21/><U105/><E105/><V102/><F102/><W39/><G2/><T92/><D92/><U104/><E104/><V82/><F82/><W83/><G83/><T6/><D6/><U124/><E134/><V35/><F35/><AGARI ba="1,1" hai="4,9,14,33,34,35,118,119" m="16871,43017" machi="35" ten="30,3900,0" yaku="15,1,34,2" doraHai="133" who="0" fromWho="2" sc="181,52,421,0,171,-42,217,0" /><INIT seed="7,0,0,3,3,37" ten="233,421,129,217" oya="3" hai0="76,73,44,83,121,9,8,125,36,75,119,116,11" hai1="5,84,126,23,93,40,58,41,21,47,128,117,67" hai2="32,62,31,34,106,35,120,98,16,88,131,79,127" hai3="4,54,94,38,132,0,42,49,6,52,30,124,10"/><W24/><G124/><T33/><D121/><U3/><E126/><V130/><F127/><W112/><G112/><T104/><D125/><U122/><E122/><V70/><F120/><W133/><G6/><T123/><D123/><U55/><E67/><V78/><F34/><W50/><G94/><T118/><D104/><U60/><E128/><V27/><F35/><N who="3" m="20935" /><G38/><T18/><D33/><U82/><E117/><V97/><F97/><W22/><G22/><T12/><D75/><U95/><E3/><V19/><F79/><W129/><G129/><T69/><D69/><U68/><E5/><V89/><F130/><W53/><G42/><N who="1" m="16490" /><E68/><V46/><F131/><W103/><G103/><T108/><D36/><U110/><E47/><V61/><F46/><W72/><G72/><T71/><D71/><U65/><E55/><V56/><F78/><W113/><G113/><T39/><D39/><U14/><E23/><V51/><F51/><W20/><G20/><T59/><D73/><U85/><E85/><V74/><F74/><W2/><G2/><T15/><D119/><U107/><E107/><V102/><F62/><W105/><G105/><T80/><D118/><U45/><E45/><V134/><F134/><AGARI ba="0,0" hai="0,4,10,49,50,52,53,54,132,133,134" m="20935" machi="134" ten="30,2900,0" yaku="20,1,54,1" doraHai="37" who="3" fromWho="2" sc="233,0,421,0,129,-29,217,29" /><INIT seed="7,1,0,3,4,41" ten="233,421,100,246" oya="3" hai0="71,5,30,26,59,126,56,131,51,76,80,46,86" hai1="28,34,20,133,4,39,119,1,9,53,127,11,63" hai2="33,3,104,97,135,122,62,61,113,45,50,19,130" hai3="99,65,75,21,129,90,64,106,15,124,91,100,31"/><W84/><G75/><T112/><D71/><U72/><E72/><V35/><F19/><W38/><G129/><T70/><D70/><U115/><E39/><V128/><F97/><W78/><G38/><T40/><D131/><U118/><E115/><V82/><F82/><W73/><G124/><T125/><D112/><U37/><E37/><V79/><F113/><W58/><G58/><T132/><D132/><U8/><E133/><V114/><F114/><W107/><G107/><T117/><D117/><N who="1" m="44555" /><E34/><V134/><F3/><W44/><G91/><T110/><D110/><U10/><E127/><N who="0" m="48649" /><D5/><U108/><E108/><V43/><F122/><W2/><G2/><T23/><AGARI ba="1,0" hai="23,26,30,40,46,51,56,59,76,80,86" m="48649" machi="23" ten="30,2000,0" yaku="18,1,52,1" doraHai="41" who="0" fromWho="0" sc="233,23,421,-6,100,-6,246,-11" owari="256,6.0,415,51.0,94,-41.0,235,-16.0" /></mjloggm>