<mjloggm ver="2.3"><GO type="185" lobby="0"/><UN n0="%E3%83%9D%E3%82%B1%E3%83%83%E3%83%88" n1="%E3%81%93%E3%81%86%E3%81%98%E3%82%87%E3%81%86%E3%81%A1%E3%82%87%E3%81%86" n2="%E9%A0%88%E7%94%B0%E3%83%9F%E3%83%BC%E3%82%B3" n3="" dan="18,16,17,0" rate="2372.69,2057.34,2182.67,1500.00" sx="M,M,M,C"/><TAIKYOKU oya="0"/><INIT seed="0,0,0,5,2,118" ten="350,350,350,0" oya="0" hai0="71,99,2,103,125,135,127,86,32,131,38,39,110" hai1="111,83,58,90,133,107,82,108,63,1,91,75,73" hai2="112,80,46,35,121,130,128,77,94,48,67,50,34" hai3=""/><T70/><D2/><U97/><E1/><V114/><N who="2" m="31008" /><V126/><F126/><N who="0" m="48138" /><D32/><U41/><E41/><V89/><F67/><T84/><D135/><U85/><E133/><V0/><F0/><T43/><D131/><N who="2" m="50218" /><F34/><T37/><D43/><U68/><E68/><N who="0" m="26153" /><D110/><N who="1" m="42027" /><E63/><V53/><F48/><T115/><D115/><U134/><E58/><V109/><F35/><T56/><D56/><U78/><E134/><V36/><F36/><T101/><D101/><U93/><E107/><AGARI ba="0,0" hai="37,38,39,84,86,99,103,107" m="26153,48138" machi="107" ten="40,2000,0" yaku="18,1" doraHai="118" who="0" fromWho="1" sc="350,20,350,-20,350,0,0,0" /><INIT seed="0,1,0,0,1,112" ten="370,330,350,0" oya="0" hai0="40,100,51,135,46,2,90,117,55,98,126,114,101" hai1="122,68,63,118,56,1,80,37,127,48,131,78,57" hai2="47,134,36,88,123,99,64,108,104,33,115,52,120" hai3=""/><T105/><D114/><U79/><N who="1" m="31264" /><U111/><E1/><V130/><N who="2" m="30752" /><V87/><N who="2" m="31520" /><V132/><F115/><T89/><D2/><U133/><E111/><V107/><F108/><T92/><D135/><U86/><E133/><N who="2" m="51307" /><F33/><T44/><D126/><U81/><E37/><V119/><F130/><T60/><D117/><U50/><E131/><V3/><F3/><T129/><D129/><U61/><E68/><V103/><F119/><T85/><D105/><U45/><E127/><V125/><F64/><T102/><D60/><U91/><E118/><V42/><F125/><T95/><REACH who="0" step="1"/><D102/><REACH who="0" ten="360,330,350,0" step="2"/><U124/><E124/><V34/><F34/><T72/><D72/><U93/><E63/><V96/><F107/><T84/><D84/><U82/><E61/><V74/><F74/><T67/><D67/><U94/><E50/><AGARI ba="1,1" hai="40,44,46,50,51,55,85,89,90,92,95,98,100,101" machi="50" ten="30,11600,0" yaku="1,1,7,1,8,1,53,1" doraHai="112" doraHaiUra="49" who="0" fromWho="1" sc="360,128,330,-118,350,0,0,0" /><INIT seed="0,2,0,5,0,66" ten="488,212,350,0" oya="0" hai0="131,126,38,118,132,98,72,80,59,61,90,71,53" hai1="129,128,76,41,88,119,124,104,35,37,69,50,58" hai2="96,55,75,63,95,83,65,93,3,103,78,99,81" hai3=""/><T109/><D118/><U112/><E35/><V130/><F130/><T111/><D38/><U36/><E104/><V100/><F81/><T87/><D131/><N who="1" m="50251" /><E119/><V51/><F3/><T77/><D126/><U33/><E33/><V91/><F91/><T42/><D42/><U82/><E112/><V64/><REACH who="2" step="1"/><F63/><REACH who="2" ten="488,212,340,0" step="2"/><T135/><D90/><U79/><E88/><V84/><F84/><T94/><D87/><U43/><E82/><V62/><F62/><T56/><D98/><U60/><E79/><V133/><F133/><T52/><D132/><U108/><E76/><V39/><F39/><N who="1" m="14921" /><E124/><V97/><F97/><T32/><D135/><U117/><E117/><V1/><F1/><T89/><D32/><U34/><E34/><V86/><F86/><T106/><D89/><U116/><E116/><V73/><F73/><T113/><D72/><U115/><E115/><V122/><N who="2" m="31264" /><V40/><F40/><T45/><D113/><U2/><E2/><V44/><AGARI ba="2,1" hai="44,51,55,64,65,75,78,83,93,95,96,99,100,103" m="31264" machi="44" ten="20,9000,2" yaku="1,1,0,1,7,1,9,1,52,1,53,1" doraHai="66" doraHaiUra="48" who="2" fromWho="2" sc="488,-62,212,-32,340,104,0,0" /><INIT seed="1,0,0,0,4,125" ten="426,180,444,0" oya="1" hai0="112,0,3,59,78,61,134,132,71,123,108,105,56" hai1="87,79,52,97,104,74,130,82,34,109,37,63,67" hai2="68,66,46,32,58,86,64,131,45,126,38,70,129" hai3=""/><U133/><E34/><V91/><F32/><T81/><N who="0" m="31520" /><T84/><D105/><U1/><E1/><V128/><F126/><T42/><D112/><U99/><E109/><V50/><F38/><T75/><D42/><U53/><E37/><V122/><N who="2" m="31264" /><V98/><F98/><T95/><D71/><N who="2" m="27178" /><F46/><T103/><D108/><U47/><E133/><N who="0" m="51305" /><D59/><U40/><E130/><V36/><F36/><T119/><D119/><U113/><E113/><V120/><N who="2" m="30752" /><V124/><F58/><T118/><D118/><U127/><E127/><V44/><F124/><T106/><D56/><U33/><E33/><V41/><F45/><T76/><D61/><U102/><E67/><V35/><F35/><T73/><D0/><U51/><E63/><V39/><F39/><T48/><D48/><U101/><REACH who="1" step="1"/><E87/><REACH who="1" ten="426,170,444,0" step="2"/><V77/><F77/><T55/><D84/><U94/><AGARI ba="0,1" hai="40,47,51,52,53,74,79,82,94,97,99,101,102,104" machi="94" ten="20,12000,2" yaku="1,1,2,1,0,1,7,1,54,1,53,1" doraHai="125" doraHaiUra="89" who="1" fromWho="1" sc="426,-60,170,130,444,-60,0,0" /><INIT seed="1,1,0,4,3,101" ten="366,300,384,0" oya="1" hai0="102,36,59,51,69,116,68,33,54,111,100,127,56" hai1="95,107,41,77,65,87,50,130,128,90,103,83,32" hai2="74,47,71,134,1,76,35,104,133,2,78,67,57" hai3=""/><U126/><E32/><V80/><F35/><T112/><D33/><U115/><E115/><V124/><F78/><T37/><D112/><U97/><E65/><V3/><F124/><T81/><D81/><U105/><E41/><V123/><N who="2" m="31520" /><V109/><F109/><T82/><D82/><U70/><E70/><V44/><F104/><N who="1" m="40009" /><E50/><V84/><F74/><T88/><D51/><U75/><E126/><V132/><F71/><T117/><D127/><U63/><E63/><AGARI ba="1,0" hai="1,2,3,44,47,57,63,67,76,80,84,132,133,134" m="31520" machi="63" ten="50,3200,0" yaku="20,1,52,1" doraHai="101" who="2" fromWho="1" sc="366,0,300,-34,384,34,0,0" /><INIT seed="2,0,0,2,2,61" ten="366,266,418,0" oya="2" hai0="109,63,54,58,59,41,82,105,77,53,76,121,35" hai1="114,115,123,78,90,81,79,130,40,72,45,101,112" hai2="126,44,97,118,94,86,89,120,95,56,51,32,84" hai3=""/><V55/><N who="2" m="30752" /><V69/><F32/><T134/><N who="0" m="31008" /><T119/><D35/><U113/><N who="1" m="31520" /><U70/><N who="1" m="28672" /><DORA hai="67" /><U33/><E33/><V122/><N who="2" m="31264" /><V135/><F118/><T36/><D119/><U83/><E101/><V96/><F135/><T2/><D105/><U106/><E106/><V52/><F69/><T88/><D2/><U39/><E130/><V46/><F126/><T100/><D100/><U98/><E70/><V60/><F46/><T133/><D109/><U104/><E104/><V124/><F124/><T65/><D65/><U111/><E111/><V47/><F47/><T0/><D0/><U57/><E57/><V108/><F108/><T42/><D36/><U50/><E98/><V129/><F129/><T117/><D117/><U49/><REACH who="1" step="1"/><E90/><AGARI ba="0,0" hai="44,51,52,55,56,60,84,86,89,90,94,95,96,97" m="31264,30752" machi="90" ten="30,18000,2" yaku="7,1,9,1,8,1,52,2,54,1" doraHai="61,67" who="2" fromWho="1" sc="366,0,266,-180,418,180,0,0" /><INIT seed="2,1,0,2,2,85" ten="366,86,598,0" oya="2" hai0="73,115,118,60,130,80,121,74,55,133,107,89,3" hai1="88,49,104,120,111,105,122,79,38,59,102,72,35" hai2="112,129,66,126,0,76,96,1,93,87,114,65,83" hai3=""/><V54/><F126/><T41/><N who="0" m="31008" /><T92/><D3/><U52/><N who="1" m="30752" /><U131/><N who="1" m="31264" /><U94/><E35/><V53/><F129/><T63/><D118/><U134/><E111/><V135/><F135/><T99/><D130/><U117/><E134/><V75/><F54/><T64/><D133/><U40/><E131/><V127/><F127/><T82/><D41/><U48/><E38/><V77/><F77/><T119/><D119/><U67/><E67/><V132/><F132/><T123/><N who="0" m="31520" /><T91/><D107/><U2/><E2/><V32/><F32/><T81/><D115/><U103/><E117/><V125/><F125/><T45/><D89/><U62/><E72/><V124/><F124/><T97/><D97/><U71/><E79/><V34/><F34/><T95/><D95/><U106/><E71/><V42/><F42/><T58/><REACH who="0" step="1"/><D45/><REACH who="0" ten="356,86,598,0" step="2"/><U108/><E108/><V56/><F0/><T39/><D39/><U68/><E68/><AGARI ba="1,1" hai="55,58,60,63,64,68,73,74,80,81,82,91,92,99" m="31520,31008" machi="68" ten="40,8000,1" yaku="1,1,52,3,53,1" doraHai="85" doraHaiUra="84" who="0" fromWho="1" sc="356,92,86,-82,598,0,0,0" /><INIT seed="4,0,0,1,3,76" ten="448,4,598,0" oya="0" hai0="43,102,96,71,51,58,59,74,120,113,94,129,67" hai1="131,108,79,97,101,68,124,104,88,112,40,3,133" hai2="109,114,105,81,118,35,72,56,99,119,110,135,57" hai3=""/><T93/><N who="0" m="30752" /><T77/><D71/><U86/><E68/><V126/><F35/><T49/><D113/><U63/><E63/><V83/><F114/><T38/><D129/><U41/><E3/><V130/><F130/><T45/><D38/><U33/><E33/><V100/><F126/><T132/><D132/><U87/><E131/><V52/><F135/><T50/><D74/><U122/><N who="1" m="31264" /><U55/><E133/><V0/><F0/><T53/><D77/><U91/><E124/><V98/><F98/><T37/><D37/><U117/><E117/><N who="2" m="44555" /><F56/><T73/><D73/><U32/><E32/><V62/><F72/><T75/><D75/><U46/><E79/><V64/><F64/><T2/><D2/><U48/><E112/><V34/><F34/><T90/><D67/><U111/><E111/><AGARI ba="0,0" hai="52,57,62,81,83,99,100,105,109,110,111" m="44555" machi="111" ten="30,7700,0" yaku="12,1,52,2,54,1" doraHai="76" who="2" fromWho="1" sc="448,0,4,-77,598,77,0,0" owari="448,5.0,-73,-67.0,675,62.0,0,0.0" /></mjloggm>