<mjloggm ver="2.3"><GO type="169" lobby="0"/><UN n0="%E3%81%95%E3%82%84%E3%81%95%E3%82%84" n1="%E8%91%B5%E3%81%A1%E3%82%83%E3%82%93" n2="%31%33%30%39" n3="%E3%82%B5%E3%83%B3%26%E3%83%A0%E3%83%BC%E3%83%B3" dan="16,16,16,17" rate="2101.55,2191.54,2126.47,2169.03" sx="M,M,F,M"/><TAIKYOKU oya="0"/><INIT seed="0,0,0,4,3,31" ten="250,250,250,250" oya="0" hai0="39,72,123,28,82,92,98,25,6,66,95,101,113" hai1="111,131,5,56,132,78,15,32,37,106,120,99,29" hai2="75,48,16,103,80,40,2,118,44,53,105,93,36" hai3="89,87,114,122,57,128,107,96,8,62,90,127,63"/><T50/><D113/><U19/><E120/><V59/><F118/><W13/><G122/><T43/><D123/><U49/><E37/><V121/><F121/><W64/><G127/><T12/><D39/><U67/><E5/><V77/><F105/><W3/><G3/><T108/><D66/><U81/><E111/><V41/><F41/><W45/><G128/><T60/><D60/><U47/><E131/><V17/><REACH who="2" step="1"/><F2/><REACH who="2" ten="250,250,240,250" step="2"/><W100/><G114/><T22/><D108/><U112/><E106/><V79/><F79/><W30/><G107/><T51/><D43/><U9/><E78/><V119/><F119/><W116/><G116/><T133/><D133/><U69/><E132/><V74/><F74/><W34/><G64/><T52/><D72/><U18/><E112/><V76/><F76/><W70/><G70/><T125/><D125/><U1/><E69/><V126/><F126/><W26/><G100/><T4/><D101/><U88/><E1/><V86/><F86/><W54/><G96/><AGARI ba="0,1" hai="16,17,36,40,44,48,53,59,75,77,80,93,96,103" machi="96" ten="40,2600,0" yaku="1,1,54,1,53,0" doraHai="31" doraHaiUra="35" who="2" fromWho="3" sc="250,0,250,0,240,36,250,-26" /><INIT seed="1,0,0,3,5,90" ten="250,250,276,224" oya="1" hai0="91,128,133,49,4,106,102,6,88,75,113,8,72" hai1="10,94,105,21,28,16,67,38,23,118,98,76,27" hai2="60,54,116,14,32,61,96,93,79,50,26,107,115" hai3="11,82,51,37,122,53,56,63,130,83,19,3,24"/><U70/><E118/><V87/><F116/><W5/><G122/><T59/><D113/><U2/><E105/><V43/><F43/><W33/><G130/><T55/><D128/><U95/><E38/><V20/><F107/><W0/><G37/><T52/><D133/><U120/><E120/><V84/><F14/><W100/><G100/><T129/><D129/><U39/><E39/><V65/><F32/><W47/><G0/><T74/><D55/><U121/><E121/><V66/><F66/><W111/><G111/><T78/><D78/><U41/><E41/><V127/><F127/><W15/><G33/><T13/><REACH who="0" step="1"/><D6/><REACH who="0" ten="240,250,276,224" step="2"/><U42/><E76/><V35/><F79/><W69/><G69/><T131/><D131/><U73/><E42/><V45/><F115/><W17/><G17/><T117/><D117/><U9/><E70/><V62/><F65/><W31/><G31/><T30/><D30/><U22/><E67/><V40/><F54/><W34/><G34/><T124/><D124/><U86/><E28/><N who="2" m="17479" /><F35/><W112/><G112/><T48/><D48/><U64/><E64/><V119/><F119/><W36/><G36/><T85/><D85/><U80/><E86/><V101/><AGARI ba="0,1" hai="40,45,50,60,61,62,84,87,93,96,101" m="17479" machi="101" ten="30,2000,0" yaku="8,1,52,1" doraHai="90" who="2" fromWho="2" sc="240,-5,250,-10,276,30,224,-5" /><INIT seed="2,0,0,1,3,112" ten="235,240,306,219" oya="2" hai0="121,26,41,83,110,19,59,3,47,50,92,91,22" hai1="45,16,10,8,21,101,113,65,114,74,58,48,104" hai2="36,76,109,96,81,72,55,67,18,90,73,78,102" hai3="103,14,1,80,56,42,0,9,31,29,77,131,128"/><V135/><F36/><W111/><G42/><T89/><D110/><U68/><E74/><N who="2" m="28779" /><F55/><W98/><G56/><T63/><D121/><U6/><E68/><V93/><F18/><W61/><G61/><T129/><D3/><N who="3" m="1097" /><G98/><T116/><D129/><N who="3" m="49737" /><G103/><T17/><D116/><U13/><E114/><V28/><F28/><N who="3" m="10827" /><G80/><T70/><D70/><U120/><E113/><V53/><F53/><W64/><G77/><N who="2" m="29801" /><F67/><W94/><G94/><T124/><D124/><U5/><E104/><N who="2" m="63559" /><F109/><W118/><G64/><T25/><D83/><U107/><E65/><V119/><F119/><W100/><G100/><T132/><D92/><U105/><E101/><V126/><F126/><W39/><G39/><T123/><D123/><U54/><E105/><V97/><F81/><W11/><G111/><T87/><D59/><U106/><E120/><V23/><F97/><W49/><G49/><T69/><D63/><N who="1" m="36311" /><E107/><V2/><F93/><W27/><G118/><T79/><D69/><U24/><E106/><V71/><F71/><W108/><G108/><T20/><D50/><U75/><E48/><V7/><F90/><W130/><N who="3" m="49745" /><W133/><DORA hai="38" /><G27/><T44/><D89/><U66/><E45/><N who="0" m="17481" /><D41/><U51/><E66/><V60/><F60/><W125/><G125/><T4/><D91/><U12/><E51/><V117/><F117/><W88/><G88/><T95/><D79/><U115/><E75/><V15/><F135/><W52/><G52/><T127/><D132/><U85/><E115/><V57/><F57/><W46/><G46/><T37/><D127/><U34/><E85/><V122/><F122/><RYUUKYOKU ba="0,0" sc="235,-10,240,30,306,-10,219,-10" hai1="5,6,8,10,12,13,16,21,24,34" /><INIT seed="3,1,0,1,1,131" ten="225,270,296,209" oya="3" hai0="121,52,106,58,8,7,107,10,70,30,47,55,57" hai1="13,88,116,129,124,98,120,68,32,65,72,40,50" hai2="79,123,84,87,83,81,31,91,113,122,9,15,60" hai3="4,112,25,78,44,38,59,49,11,35,102,109,74"/><W41/><G112/><T110/><D70/><U34/><E120/><V42/><F113/><W12/><G102/><T56/><D110/><U104/><E72/><V26/><F60/><W118/><G118/><T21/><D121/><U0/><E0/><V33/><REACH who="2" step="1"/><F42/><REACH who="2" ten="225,270,286,209" step="2"/><W37/><G41/><T125/><D125/><U18/><E40/><V114/><F114/><W85/><G109/><T108/><D108/><U75/><E124/><V128/><F128/><W36/><G37/><T28/><D107/><U1/><E104/><V51/><F51/><W130/><G36/><T77/><D106/><U17/><E50/><V111/><F111/><W76/><G38/><T127/><D127/><U39/><E39/><V43/><F43/><W101/><G130/><T62/><D62/><U45/><E129/><V133/><F133/><W82/><G49/><T23/><D7/><AGARI ba="1,1" hai="7,9,15,26,31,33,79,81,83,84,87,91,122,123" machi="7" ten="40,1300,0" yaku="1,1,53,0" doraHai="131" doraHaiUra="67" who="2" fromWho="0" sc="225,-16,270,0,286,26,209,0" /><INIT seed="4,0,0,1,1,116" ten="209,270,312,209" oya="0" hai0="85,28,78,64,107,68,72,38,30,15,49,135,97" hai1="55,56,18,14,132,54,110,59,106,3,117,41,94" hai2="65,63,115,112,43,4,36,113,8,66,67,60,101" hai3="134,119,114,86,77,99,23,9,127,45,39,22,10"/><T47/><D38/><U20/><E117/><V0/><REACH who="2" step="1"/><F101/><REACH who="2" ten="209,270,302,209" step="2"/><W102/><G102/><T58/><D135/><U53/><E132/><V46/><AGARI ba="0,1" hai="0,4,8,36,43,46,60,63,65,66,67,112,113,115" machi="46" ten="40,12000,2" yaku="21,2,2,1,0,1,15,1,53,1" doraHai="116" doraHaiUra="71" who="2" fromWho="2" sc="209,-60,270,-30,302,130,209,-30" /><INIT seed="5,0,0,1,5,73" ten="149,240,432,179" oya="1" hai0="30,27,53,25,67,19,90,91,106,46,134,78,121" hai1="50,12,59,7,101,85,86,16,54,36,128,119,124" hai2="83,98,97,130,9,23,113,18,14,32,61,1,116" hai3="110,39,3,5,112,31,129,11,41,49,82,15,48"/><U96/><E119/><V109/><F109/><W135/><G110/><T38/><D106/><U81/><E124/><V58/><F32/><W57/><G112/><T52/><D121/><U66/><E128/><V92/><F113/><W108/><G108/><T56/><D134/><U43/><E7/><V45/><F116/><W40/><G39/><T72/><D67/><U120/><E120/><V55/><F130/><W28/><G129/><T127/><D127/><U114/><E66/><V10/><F1/><W44/><G135/><T84/><D72/><U42/><E36/><V47/><F83/><W33/><G33/><T34/><D38/><U60/><E60/><V8/><F98/><W64/><G3/><T51/><D19/><U94/><E86/><V17/><F17/><W107/><G107/><T62/><REACH who="0" step="1"/><D25/><REACH who="0" ten="139,240,432,179" step="2"/><U126/><E126/><V68/><F68/><W89/><G64/><T76/><D76/><N who="1" m="46247" /><E114/><V125/><F125/><W26/><G26/><T95/><D95/><U117/><E117/><V115/><F115/><W4/><G5/><T118/><D118/><U13/><E13/><V123/><F123/><W35/><G4/><T122/><D122/><U131/><E131/><V29/><F29/><W71/><G31/><T103/><D103/><AGARI ba="0,1" hai="8,9,10,14,18,23,45,47,55,58,61,92,97,103" machi="103" ten="40,1300,0" yaku="8,1" doraHai="73" who="2" fromWho="0" sc="139,-13,240,0,432,23,179,0" /><INIT seed="6,0,0,5,5,61" ten="126,240,455,179" oya="2" hai0="5,108,93,124,64,132,81,70,121,9,2,104,119" hai1="67,89,56,95,48,63,32,23,76,77,68,113,85" hai2="131,31,86,114,16,19,78,29,103,18,73,123,38" hai3="91,125,99,37,11,118,134,12,65,98,83,60,133"/><V44/><F73/><W22/><G118/><T72/><RYUUKYOKU type="yao9" ba="0,0" sc="126,0,240,0,455,0,179,0" hai0="2,5,9,64,70,72,81,93,104,108,119,121,124,132" /><INIT seed="6,1,0,0,3,57" ten="126,240,455,179" oya="2" hai0="30,71,18,103,98,61,47,36,109,40,102,79,51" hai1="95,60,87,107,69,105,67,64,59,3,131,119,125" hai2="0,52,42,16,74,112,96,33,21,14,13,72,9" hai3="123,129,19,45,121,110,37,70,90,28,128,122,53"/><V75/><F33/><W115/><G28/><T7/><D109/><U41/><E119/><V132/><F132/><W78/><G78/><T63/><D30/><U12/><E3/><V101/><F0/><W22/><G110/><T86/><D71/><U29/><E41/><V134/><F134/><W88/><G70/><T6/><D18/><U43/><E43/><V100/><F42/><W118/><G118/><T108/><D108/><U10/><E29/><V68/><F68/><W93/><G37/><T62/><D36/><U84/><E125/><V15/><F112/><W82/><G115/><T49/><D49/><U56/><E131/><N who="3" m="50250" /><G45/><T76/><D86/><U104/><E87/><V54/><F9/><W85/><G53/><T27/><D27/><U65/><E56/><V5/><F5/><N who="0" m="1546" /><D98/><U38/><E38/><V127/><F127/><W8/><G8/><T83/><D83/><U120/><E120/><V130/><F130/><W2/><G2/><T116/><D116/><U39/><E39/><V34/><F96/><N who="3" m="57383" /><G123/><T91/><D91/><U50/><E10/><V77/><F54/><W106/><G106/><T114/><D114/><U124/><E107/><V117/><F52/><W113/><G113/><T135/><D135/><U48/><E104/><V94/><F117/><W89/><G89/><T35/><D35/><U24/><E105/><V126/><F126/><W23/><G23/><T55/><D55/><U97/><E69/><V1/><F34/><W46/><G46/><T81/><D81/><U4/><E124/><V11/><F1/><W17/><G17/><T20/><D20/><RYUUKYOKU ba="1,0" sc="126,15,240,-15,455,-15,179,15" hai0="40,47,51,61,62,63,76,79,102,103" hai3="19,22,82,85,90,121,122" /><INIT seed="7,2,0,5,3,58" ten="141,225,440,194" oya="3" hai0="11,5,1,0,121,3,4,118,42,51,96,45,33" hai1="75,88,90,73,9,29,99,78,41,84,72,81,28" hai2="116,62,61,2,27,106,128,31,110,10,109,6,83" hai3="98,57,71,48,21,86,12,103,129,49,15,91,82"/><W25/><G71/><T107/><D118/><U101/><E41/><V39/><F116/><W17/><G129/><T92/><D121/><U120/><E120/><V37/><F128/><W77/><G77/><T130/><D130/><U47/><E47/><V43/><F106/><W35/><G35/><T32/><D107/><U85/><E9/><V125/><F125/><W124/><G124/><T30/><D30/><U70/><E70/><V22/><F39/><W93/><G57/><T108/><D108/><U18/><E18/><V8/><F8/><W54/><G54/><T14/><REACH who="0" step="1"/><D4/><REACH who="0" ten="131,225,440,194" step="2"/><U79/><E28/><V26/><F6/><W112/><G112/><T119/><D119/><U59/><E29/><V74/><F31/><W95/><G82/><T36/><D36/><U7/><E7/><V56/><F37/><W40/><G40/><T87/><D87/><U63/><E84/><V122/><F122/><W102/><G102/><AGARI ba="2,1" hai="0,1,3,5,11,14,32,33,42,45,51,92,96,102" machi="102" ten="40,1300,0" yaku="1,1,53,0" doraHai="58" doraHaiUra="135" who="0" fromWho="3" sc="131,29,225,0,440,0,194,-19" owari="160,-34.0,225,3.0,440,53.0,175,-22.0" /></mjloggm>