<mjloggm ver="2.3"><GO type="169" lobby="0"/><UN n0="%E7%A5%9E%E5%91%AA%E9%AD%94%E5%A5%B3" n1="%E7%81%AB%E9%9C%8A%E5%A4%A2" n2="%E6%BC%82%E3%81%86" n3="%43%6F%6D%65%64%69%61%6E" dan="16,17,16,16" rate="2210.59,2259.29,2060.13,2153.84" sx="F,M,M,M"/><TAIKYOKU oya="0"/><INIT seed="0,0,0,0,0,98" ten="250,250,250,250" oya="0" hai0="18,33,129,107,112,9,28,22,117,8,76,67,64" hai1="126,102,15,106,133,127,45,54,12,70,39,87,62" hai2="103,93,49,24,80,95,85,59,77,7,110,83,66" hai3="65,23,120,50,56,79,68,0,48,63,108,42,51"/><T89/><D117/><U109/><E109/><V16/><F110/><W134/><G0/><T119/><D119/><U81/><E133/><V88/><F7/><W97/><G108/><T124/><D112/><U53/><E70/><V26/><F83/><W91/><G134/><T72/><D107/><U6/><E62/><V5/><F5/><W52/><G79/><T60/><D67/><U58/><E58/><V130/><F130/><W38/><G23/><T123/><D124/><N who="1" m="47659" /><E39/><V101/><F93/><W3/><G3/><T132/><D123/><U84/><E84/><V11/><F26/><W17/><G17/><T100/><D129/><U41/><E41/><V69/><F69/><W111/><G111/><T47/><D47/><U96/><E6/><V57/><F57/><W71/><G120/><T35/><D60/><U37/><E37/><V43/><F66/><W61/><G91/><T118/><D64/><U21/><E21/><N who="2" m="13351" /><F11/><W30/><G97/><T44/><D8/><U99/><E99/><N who="2" m="57831" /><F59/><N who="3" m="37055" /><G30/><T2/><D28/><U90/><E45/><AGARI ba="0,0" hai="43,45,49,77,80,85,101,103" m="57831,13351" machi="45" ten="30,8000,1" yaku="8,1,52,2,54,2" doraHai="98" who="2" fromWho="1" sc="250,0,250,-80,250,80,250,0" /><AGARI ba="0,0" hai="38,42,45,48,50,51,52,56,63,68,71" m="37055" machi="45" ten="30,12000,2" yaku="35,5,54,1" doraHai="98" who="3" fromWho="1" sc="250,0,170,-120,330,0,250,120" /><INIT seed="1,0,0,2,5,111" ten="250,50,330,370" oya="1" hai0="116,84,14,2,25,122,11,96,42,117,94,90,102" hai1="125,70,40,41,54,22,89,108,4,59,88,76,66" hai2="38,67,113,118,55,0,50,60,110,79,121,135,86" hai3="21,74,9,7,123,104,91,69,92,107,82,39,1"/><U61/><E108/><V49/><F0/><W20/><G123/><T52/><D2/><U72/><E125/><V99/><F121/><W45/><G69/><T35/><D122/><U85/><E4/><V95/><F38/><W97/><G104/><T98/><D42/><U15/><E72/><V33/><F110/><W34/><G34/><T131/><D131/><U3/><E3/><V65/><F33/><W100/><G45/><T106/><D98/><U103/><E103/><V109/><F118/><W32/><G32/><T18/><D35/><U44/><E76/><V87/><F135/><W64/><G64/><T13/><D25/><U63/><E40/><V17/><F113/><W101/><G39/><T93/><D106/><U16/><REACH who="1" step="1"/><E85/><REACH who="1" ten="250,40,330,370" step="2"/><V71/><F109/><W81/><G101/><T23/><D117/><U132/><E132/><V73/><F73/><W26/><G74/><T31/><D116/><U105/><E105/><V112/><F79/><W47/><G107/><T130/><D130/><U62/><E62/><V37/><F86/><W134/><G100/><T43/><D43/><U75/><E75/><V126/><F87/><W127/><G127/><T58/><D102/><U114/><E114/><V83/><F112/><W119/><G134/><T53/><D84/><U115/><E115/><V29/><F126/><W27/><G119/><T124/><D124/><U12/><E12/><V129/><F129/><W19/><G47/><T80/><D13/><U120/><E120/><V36/><F99/><W48/><G48/><AGARI ba="0,1" hai="15,16,22,41,44,48,54,59,61,63,66,70,88,89" machi="48" ten="30,11600,0" yaku="1,1,7,1,54,2,53,0" doraHai="111" doraHaiUra="128" who="1" fromWho="3" sc="250,0,40,126,330,0,370,-116" /><INIT seed="1,1,0,2,4,133" ten="250,166,330,254" oya="1" hai0="44,51,12,39,36,131,25,59,45,65,24,19,13" hai1="95,76,4,34,5,16,29,81,104,26,82,99,83" hai2="60,74,125,47,21,56,111,40,122,67,43,93,48" hai3="73,97,63,54,70,27,130,66,102,128,85,86,15"/><U30/><E104/><V49/><F125/><W92/><G73/><T98/><D131/><N who="3" m="50217" /><G54/><T78/><D78/><U105/><E105/><V121/><F74/><W103/><G103/><T52/><D12/><U10/><E76/><V120/><F93/><W58/><G70/><T109/><D109/><U3/><E4/><V107/><F21/><W46/><G46/><T135/><D135/><U50/><E50/><V112/><F107/><W23/><G15/><T129/><D129/><U90/><REACH who="1" step="1"/><E30/><AGARI ba="1,0" hai="23,27,30,58,63,66,85,86,92,97,102" m="50217" machi="30" ten="30,2000,0" yaku="25,1,19,1" doraHai="133" who="3" fromWho="1" sc="250,0,166,-23,330,0,254,23" /><INIT seed="2,0,0,4,0,24" ten="250,143,330,277" oya="2" hai0="6,104,87,117,127,130,88,32,80,21,47,50,120" hai1="118,31,45,53,74,59,66,33,14,35,2,89,54" hai2="37,71,83,90,64,121,7,91,79,84,70,5,107" hai3="34,30,114,75,43,102,96,129,116,113,69,36,9"/><V38/><F107/><N who="3" m="63943" /><G116/><T1/><D32/><U26/><E2/><V105/><F105/><W135/><G9/><T29/><D120/><U63/><E74/><V48/><F121/><W131/><G75/><T81/><D104/><U108/><E118/><V18/><F48/><W128/><G69/><T4/><D117/><U112/><E112/><N who="3" m="43114" /><G135/><T16/><D29/><U44/><E108/><V78/><F64/><W46/><G30/><T28/><D28/><U133/><E133/><V111/><F18/><W41/><G41/><T122/><D1/><U95/><E35/><AGARI ba="0,0" hai="34,35,36,43,46,128,129,131" m="43114,63943" machi="35" ten="40,5200,0" yaku="19,1,11,1,23,1" doraHai="24" who="3" fromWho="1" sc="250,0,143,-52,330,0,277,52" /><INIT seed="3,0,0,5,2,37" ten="250,91,330,329" oya="3" hai0="126,112,122,95,38,57,20,24,83,4,50,74,28" hai1="106,43,75,27,48,82,110,105,6,36,51,71,0" hai2="41,90,26,109,60,19,46,76,59,22,125,5,18" hai3="65,10,34,114,56,115,40,78,135,91,92,44,120"/><W131/><G120/><T80/><D122/><U61/><E110/><V9/><F109/><W73/><G34/><T64/><D38/><U99/><E51/><V72/><F125/><W3/><G131/><T96/><D126/><U45/><E48/><N who="2" m="26703" /><F72/><W11/><G135/><T103/><D74/><U55/><E27/><V87/><F76/><W35/><G35/><T89/><D112/><U107/><E55/><V58/><F5/><N who="3" m="1343" /><G11/><T79/><D4/><U49/><E49/><V127/><F127/><W98/><G56/><T121/><D121/><U54/><E54/><V67/><F59/><W128/><G65/><T63/><D50/><U102/><E61/><V68/><F68/><W69/><G69/><T23/><D79/><N who="1" m="44415" /><E71/><V88/><F87/><W13/><G13/><AGARI ba="0,0" hai="9,13,18,19,22,26,58,60,67,88,90" m="26703" machi="13" ten="30,3900,0" yaku="8,1,52,1,54,1" doraHai="37" who="2" fromWho="3" sc="250,0,91,0,330,39,329,-39" /><INIT seed="4,0,0,2,2,74" ten="250,91,369,290" oya="0" hai0="79,91,34,23,94,12,11,114,108,19,104,101,70" hai1="127,109,59,6,62,25,30,60,67,0,32,15,29" hai2="82,103,112,113,120,47,130,115,43,22,39,89,63" hai3="87,40,111,46,106,51,24,53,66,56,90,5,99"/><T13/><D34/><U77/><E109/><V86/><F120/><W26/><G111/><T37/><D108/><U65/><E127/><V38/><F130/><W1/><G66/><T17/><D37/><U49/><E30/><V134/><F134/><W57/><G57/><T7/><D70/><U4/><E0/><V55/><F103/><W9/><G99/><T2/><D114/><U10/><E49/><N who="2" m="26879" /><F22/><W132/><G106/><T45/><D45/><U126/><E126/><V68/><F55/><W116/><G116/><T133/><D133/><U95/><E95/><V123/><F123/><W18/><G18/><T80/><D101/><U107/><E107/><V33/><F33/><W84/><G84/><T73/><D104/><U27/><E27/><V35/><F35/><W76/><G76/><T85/><REACH who="0" step="1"/><D17/><REACH who="0" ten="240,91,369,290" step="2"/><U3/><E6/><V75/><F38/><W69/><G69/><T8/><D8/><U129/><E129/><V44/><F39/><W20/><G132/><T93/><D93/><U52/><E32/><V21/><F44/><W81/><G20/><T117/><D117/><U88/><E10/><V102/><F102/><W135/><G135/><T61/><D61/><AGARI ba="0,1" hai="1,5,9,24,26,40,46,51,53,56,61,81,87,90" machi="61" ten="30,1000,0" yaku="7,1" doraHai="74" who="3" fromWho="0" sc="240,-10,91,0,369,0,290,20" /><INIT seed="5,0,0,1,3,66" ten="230,91,369,310" oya="1" hai0="30,123,96,130,87,2,23,113,101,79,117,111,47" hai1="82,29,52,27,80,122,76,15,74,38,102,44,19" hai2="11,26,71,90,112,9,0,68,88,107,42,78,33" hai3="28,50,6,125,106,46,100,4,25,120,75,116,67"/><U121/><E102/><V20/><F107/><W31/><G120/><T16/><D117/><U8/><E82/><V110/><F110/><W129/><G116/><T48/><D111/><U12/><E12/><V65/><F33/><W54/><G129/><T133/><D2/><U124/><E124/><V63/><F78/><W109/><G109/><T34/><D113/><U70/><E70/><V132/><F68/><W3/><G75/><T1/><D1/><U17/><E17/><V99/><F112/><W119/><G119/><T105/><D133/><U18/><E18/><V59/><F132/><W69/><G3/><T114/><D130/><U14/><E14/><V58/><F42/><W45/><G45/><T84/><D123/><U94/><E94/><N who="2" m="56775" /><F71/><W89/><G89/><T49/><D79/><U131/><E131/><V126/><F126/><W108/><G31/><T98/><D30/><U104/><E104/><V51/><F90/><W134/><G108/><T85/><D34/><U97/><E97/><V32/><F32/><N who="3" m="20495" /><G134/><T83/><D98/><U81/><E81/><V135/><F0/><W5/><G125/><T41/><D114/><U91/><E91/><V22/><F135/><W7/><G100/><T93/><D105/><U10/><E10/><N who="2" m="3595" /><F26/><W56/><G106/><T72/><D72/><U128/><E128/><V21/><F21/><W103/><G103/><T55/><D83/><U40/><REACH who="1" step="1"/><E52/><AGARI ba="0,0" hai="20,22,51,52,58,59,63,65" m="3595,56775" machi="52" ten="30,3900,0" yaku="8,1,54,2" doraHai="66" who="2" fromWho="1" sc="230,0,91,-39,369,39,310,0" /><INIT seed="6,0,0,3,5,26" ten="230,52,408,310" oya="2" hai0="115,46,7,66,97,58,50,94,95,69,42,29,24" hai1="31,120,38,55,118,19,133,8,37,101,65,62,117" hai2="92,16,70,108,52,114,15,130,53,124,106,82,107" hai3="99,131,109,89,43,60,77,121,68,90,74,96,4"/><V135/><F70/><W73/><G109/><T33/><D115/><U6/><E133/><V12/><F108/><W91/><G43/><T72/><D72/><U129/><E129/><V11/><F114/><W45/><G45/><T113/><D113/><U9/><E120/><V112/><F112/><W75/><G4/><T63/><D7/><U30/><E55/><V87/><F130/><W116/><G60/><T14/><D14/><U28/><E19/><N who="2" m="8607" /><F107/><W102/><G68/><T93/><REACH who="0" step="1"/><D69/><REACH who="0" ten="220,52,408,310" step="2"/><U23/><E101/><AGARI ba="0,1" hai="24,29,33,42,46,50,58,63,66,93,94,95,97,101" machi="101" ten="30,7700,0" yaku="1,1,2,1,7,1,52,1,53,0" doraHai="26" doraHaiUra="2" who="0" fromWho="1" sc="220,87,52,-77,408,0,310,0" owari="307,-9.0,-25,-53.0,408,51.0,310,11.0" /></mjloggm>