<mjloggm ver="2.3"><GO type="169" lobby="0"/><UN n0="%E3%82%8A%E3%81%88" n1="%2D%E8%B1%8A%E5%8F%A3%E3%82%81%E3%81%90%E3%81%BF%2D" n2="%E6%BB%9D%E6%9C%AC%E3%81%B2%E3%81%B5%E3%81%BF%EF%BC%81" n3="%E6%98%AF%E6%94%BF%E3%81%AE%E5%A4%95%E9%99%BD" dan="16,17,17,16" rate="2046.87,2259.68,2162.50,2131.74" sx="F,F,M,M"/><TAIKYOKU oya="0"/><INIT seed="0,0,0,3,2,122" ten="250,250,250,250" oya="0" hai0="91,127,1,83,132,13,12,33,0,109,108,61,98" hai1="17,118,99,57,48,64,66,114,81,102,52,60,39" hai2="130,115,7,133,135,40,104,124,25,16,56,93,22" hai3="94,110,101,2,14,70,53,106,3,89,85,67,42"/><T46/><D127/><U23/><E118/><V41/><F104/><W49/><G42/><T96/><D132/><N who="2" m="50762" /><F115/><W68/><G14/><N who="0" m="5739" /><D33/><U117/><E117/><V59/><F124/><W5/><G101/><T105/><D46/><U92/><E39/><V125/><F125/><W112/><G106/><T134/><D134/><U129/><E129/><V58/><F130/><W76/><G112/><T86/><D61/><U84/><E114/><V69/><F69/><W27/><G27/><T80/><D80/><U37/><E37/><V63/><F7/><W77/><G70/><T44/><D44/><U11/><E11/><V50/><F50/><W4/><G5/><T31/><D31/><U78/><REACH who="1" step="1"/><E48/><REACH who="1" ten="250,240,250,250" step="2"/><V82/><F63/><W90/><G49/><T32/><D32/><U43/><E43/><V74/><F93/><W75/><G94/><T128/><D128/><U62/><E62/><V9/><F9/><W54/><G4/><T18/><D105/><U87/><E87/><V26/><F40/><W71/><G85/><T123/><D123/><U47/><E47/><V19/><F41/><W126/><G126/><T15/><D98/><U65/><E65/><V51/><F51/><W24/><G67/><T6/><D96/><U103/><E103/><V119/><F119/><W116/><G116/><T95/><D95/><U97/><E97/><V121/><F121/><W38/><G38/><T8/><D6/><U28/><E28/><N who="2" m="17463" /><F74/><W131/><G131/><T79/><D79/><U88/><E88/><V30/><F82/><W100/><G75/><T73/><D73/><U29/><E29/><RYUUKYOKU ba="0,1" sc="250,10,240,10,250,10,250,-30" hai0="0,1,8,15,18,83,86,91,108,109" hai1="17,23,52,57,60,64,66,78,81,84,92,99,102" hai2="16,19,26,30,56,58,59" /><INIT seed="0,1,1,0,4,54" ten="260,250,260,220" oya="0" hai0="48,131,121,64,125,65,132,134,45,22,103,110,129" hai1="112,30,98,19,122,25,114,20,24,72,0,117,85" hai2="17,90,99,119,29,10,76,34,100,51,84,47,68" hai3="127,135,80,97,70,7,52,91,123,53,55,88,18"/><T92/><D121/><U5/><E72/><V94/><F68/><W101/><G70/><T49/><D22/><U42/><E42/><V26/><F119/><W58/><G123/><T3/><D3/><U67/><E122/><V126/><F126/><W2/><G127/><T57/><D103/><U95/><E85/><V86/><F76/><W4/><G135/><N who="0" m="51755" /><D125/><U37/><E37/><V39/><F39/><W50/><G18/><T69/><D69/><U38/><E38/><V78/><F78/><W40/><G40/><N who="0" m="24615" /><D92/><U116/><E5/><N who="3" m="2122" /><G2/><T111/><D49/><U77/><E0/><V33/><F33/><W73/><G73/><T71/><D71/><U35/><E117/><V13/><REACH who="2" step="1"/><F100/><REACH who="2" ten="260,250,250,220" step="2"/><W43/><G101/><T44/><D44/><U83/><E116/><V31/><F31/><W28/><G28/><T41/><D41/><AGARI ba="1,2" hai="10,13,17,26,29,34,41,47,51,84,86,90,94,99" machi="41" ten="30,3900,0" yaku="1,1,7,1,53,1" doraHai="54" doraHaiUra="46" who="2" fromWho="0" sc="260,-42,250,0,250,62,220,0" /><INIT seed="1,0,0,4,1,73" ten="218,250,312,220" oya="1" hai0="57,58,133,61,23,126,97,36,45,14,117,54,78" hai1="82,127,74,104,20,8,81,43,68,76,124,30,128" hai2="107,34,129,50,110,35,134,31,135,12,91,27,6" hai3="101,92,46,56,1,49,103,18,33,40,109,85,106"/><U16/><E68/><V39/><F39/><W32/><G109/><T116/><D126/><N who="1" m="48171" /><E104/><V77/><F107/><W90/><G1/><T88/><D133/><N who="2" m="50698" /><F110/><W98/><G101/><T94/><D36/><U89/><E43/><V22/><F129/><W21/><REACH who="3" step="1"/><G56/><REACH who="3" ten="218,250,312,210" step="2"/><T93/><D58/><U115/><E128/><V28/><F35/><W63/><G63/><T15/><D117/><U71/><E71/><V38/><F34/><W41/><G41/><T3/><D116/><U114/><E114/><V119/><F119/><W70/><G70/><T9/><D3/><U64/><E115/><V69/><F69/><W66/><G66/><T0/><D0/><U60/><E60/><V95/><F38/><W4/><G4/><T48/><D61/><U108/><E64/><V19/><F6/><W72/><G72/><T7/><D57/><U130/><E130/><V123/><F123/><W83/><G83/><T87/><D54/><U100/><E100/><V84/><F50/><W112/><G112/><T120/><D120/><U79/><E108/><V96/><F12/><AGARI ba="0,1" hai="12,18,21,32,33,40,46,49,85,90,92,98,103,106" machi="12" ten="30,3900,0" yaku="1,1,7,1,53,1" doraHai="73" doraHaiUra="86" who="3" fromWho="2" sc="218,0,250,0,312,-39,210,49" /><INIT seed="2,0,0,1,1,124" ten="218,250,273,259" oya="2" hai0="130,117,111,53,113,134,64,47,30,2,114,20,6" hai1="5,83,115,119,36,132,46,39,69,81,7,135,97" hai2="120,38,133,73,21,96,17,60,79,82,91,34,102" hai3="65,94,57,35,66,74,59,14,8,23,29,104,37"/><V3/><F120/><W61/><G37/><N who="1" m="14410" /><E46/><V24/><F133/><N who="1" m="51273" /><E69/><V89/><F38/><W1/><G104/><T27/><D134/><U131/><E115/><V16/><F3/><W107/><G107/><T72/><D72/><U116/><E97/><V40/><F40/><W118/><G74/><T103/><D103/><U100/><E100/><V56/><F17/><W123/><G118/><N who="1" m="45098" /><E131/><V41/><F34/><W125/><G1/><T51/><D130/><U122/><E122/><V86/><F41/><W12/><G123/><T9/><D117/><U95/><E95/><V85/><F73/><W98/><G35/><T68/><D114/><U11/><E11/><V49/><F49/><W4/><G125/><T99/><D113/><U54/><E54/><V87/><F87/><W128/><G128/><T108/><D99/><U63/><E63/><V44/><F44/><W67/><G59/><T112/><D112/><U50/><E50/><V62/><F85/><W52/><G29/><T78/><D78/><U109/><E109/><V71/><F71/><W42/><G42/><T10/><D9/><U93/><E93/><N who="2" m="58639" /><F62/><W127/><G127/><T32/><D68/><U126/><E126/><V15/><F24/><W129/><G129/><T19/><REACH who="0" step="1"/><D64/><AGARI ba="0,0" hai="15,16,21,56,60,64,79,82,86,89,91" m="58639" machi="64" ten="30,2900,0" yaku="8,1,54,1" doraHai="124" who="2" fromWho="0" sc="218,-29,250,0,273,29,259,0" /><INIT seed="2,1,0,0,2,35" ten="189,250,302,259" oya="2" hai0="22,79,60,50,115,77,14,90,11,127,34,4,92" hai1="121,9,25,28,130,74,68,31,12,98,8,76,70" hai2="7,33,109,101,99,29,124,62,59,2,32,133,37" hai3="118,93,65,120,23,67,53,128,46,131,16,42,10"/><V18/><F37/><W129/><G120/><T1/><D127/><U82/><E130/><V80/><F124/><W71/><G118/><T123/><D115/><U97/><E121/><V54/><F133/><W64/><G10/><T41/><D34/><U108/><E108/><V100/><F109/><W40/><G71/><T72/><D72/><U63/><E9/><V111/><F111/><W73/><G73/><T117/><D117/><U56/><E70/><V96/><F29/><W78/><G78/><T122/><D60/><U132/><E68/><V114/><F114/><W69/><G69/><T125/><D125/><U49/><E49/><V75/><F18/><W24/><G128/><T81/><D123/><U36/><E36/><V39/><F39/><W43/><G129/><T45/><D81/><U84/><E74/><V95/><F7/><W20/><G131/><T61/><D61/><U110/><E132/><V66/><F2/><W38/><G53/><T119/><D119/><U5/><E110/><V102/><F54/><W126/><G126/><T105/><D105/><U6/><E6/><V57/><F57/><W15/><REACH who="3" step="1"/><G93/><REACH who="3" ten="189,250,302,249" step="2"/><T86/><D122/><U52/><REACH who="1" step="1"/><E31/><AGARI ba="1,1" hai="15,16,20,23,24,31,38,40,42,43,46,64,65,67" machi="31" ten="40,5200,0" yaku="1,1,2,1,54,1,53,0" doraHai="35" doraHaiUra="48" who="3" fromWho="1" sc="189,0,250,-55,302,0,249,65" /><INIT seed="3,0,0,4,0,11" ten="189,195,302,314" oya="3" hai0="2,34,135,102,12,109,100,20,98,114,27,72,108" hai1="133,18,4,0,71,73,52,55,80,10,134,51,111" hai2="74,32,29,117,113,16,89,126,88,15,1,6,17" hai3="57,23,5,93,129,66,53,115,79,54,43,50,13"/><W67/><G115/><T106/><D72/><U45/><E111/><N who="0" m="42569" /><D2/><U33/><E33/><V110/><F117/><W14/><G129/><T58/><D114/><U90/><E71/><V19/><F110/><W86/><G43/><T85/><D135/><N who="1" m="51723" /><E18/><V62/><F74/><W76/><G23/><T75/><D75/><U26/><E26/><V92/><F113/><W41/><G41/><T99/><D85/><N who="1" m="50471" /><E73/><V125/><F1/><W128/><G128/><T56/><D34/><U38/><E55/><V104/><F104/><W116/><G116/><T48/><D48/><U44/><E38/><V40/><F40/><W131/><G131/><T49/><D49/><U123/><E123/><V7/><F29/><W36/><G5/><N who="2" m="1545" /><F32/><W130/><G36/><T24/><D58/><AGARI ba="0,0" hai="0,4,10,44,45,51,52,58" m="50471,51723" machi="58" ten="30,2000,0" yaku="20,1,54,1" doraHai="11" who="1" fromWho="0" sc="189,-20,195,20,302,0,314,0" /><INIT seed="4,0,0,1,4,68" ten="169,215,302,314" oya="0" hai0="53,82,78,19,80,15,48,91,127,93,122,70,22" hai1="67,83,64,119,111,66,54,97,26,87,85,120,27" hai2="0,12,112,57,56,105,18,74,35,51,33,106,21" hai3="124,28,128,58,55,44,24,69,29,114,5,23,76"/><T113/><D127/><U25/><E111/><V43/><F74/><W115/><G69/><T2/><D2/><U126/><E119/><V34/><F0/><W13/><G128/><T89/><D113/><N who="3" m="43017" /><G44/><T62/><D122/><U42/><E120/><V45/><REACH who="2" step="1"/><F112/><REACH who="2" ten="169,215,292,314" step="2"/><W96/><G124/><T118/><D118/><U123/><E126/><V110/><F110/><W50/><G76/><T135/><D135/><U17/><E123/><V47/><F47/><W81/><G81/><T102/><D80/><U101/><E83/><V38/><F38/><W41/><G41/><T75/><D93/><U72/><E42/><V109/><F109/><W116/><G116/><T31/><D31/><U134/><E72/><V108/><F108/><W133/><G133/><T40/><D40/><U20/><E134/><V14/><F14/><W30/><G96/><T88/><D102/><U94/><REACH who="1" step="1"/><E54/><REACH who="1" ten="169,205,292,314" step="2"/><V60/><F60/><W125/><G125/><T79/><D62/><U95/><E95/><V4/><F4/><W6/><G6/><T63/><D63/><U84/><AGARI ba="0,2" hai="17,20,25,26,27,64,66,67,84,85,87,94,97,101" machi="84" ten="30,4000,0" yaku="1,1,0,1,8,1,53,0" doraHai="68" doraHaiUra="121" who="1" fromWho="1" sc="169,-20,205,60,292,-10,314,-10" /><INIT seed="5,0,0,3,2,66" ten="149,265,282,304" oya="1" hai0="49,61,103,77,33,71,11,62,51,75,70,35,82" hai1="18,97,73,76,104,91,132,127,46,72,6,4,85" hai2="28,7,88,96,5,81,23,56,54,57,26,102,40" hai3="121,21,131,110,118,63,92,58,101,52,0,68,93"/><U135/><E18/><V133/><F133/><N who="1" m="51273" /><E46/><V65/><F40/><W120/><G110/><T106/><D11/><U113/><E113/><V126/><F126/><W60/><G0/><T19/><D19/><U87/><E6/><V86/><F56/><W38/><G38/><T84/><D84/><N who="1" m="32331" /><E4/><V119/><F119/><W124/><G124/><T13/><D13/><U79/><E127/><V10/><F10/><W100/><G118/><T122/><D122/><U115/><E115/><V48/><REACH who="2" step="1"/><F65/><REACH who="2" ten="149,265,272,304" step="2"/><W14/><G131/><T31/><D62/><U8/><E8/><V47/><F47/><W95/><G120/><T25/><D61/><U27/><E27/><V67/><F67/><W128/><G128/><T123/><D123/><U44/><E44/><V29/><F29/><W98/><G121/><T12/><D35/><U111/><E111/><V69/><F69/><W59/><G68/><T32/><D33/><U89/><E79/><V53/><F53/><W109/><G109/><T125/><D125/><U112/><E112/><V3/><F3/><W37/><G37/><T22/><D71/><U90/><E76/><V16/><F16/><N who="3" m="10391" /><G98/><N who="0" m="61815" /><D70/><U55/><E55/><AGARI ba="0,1" hai="52,55,58,59,60,63,92,93,95,100,101" m="10391" machi="55" ten="30,3900,0" yaku="8,1,54,2" doraHai="66" who="3" fromWho="1" sc="149,0,265,-39,272,0,304,49" /><INIT seed="6,0,0,3,5,56" ten="149,226,272,353" oya="2" hai0="116,134,105,91,53,58,34,96,60,121,88,130,123" hai1="8,49,107,100,33,52,23,18,112,57,36,6,13" hai2="43,11,10,63,87,106,48,70,113,102,72,4,67" hai3="45,27,44,28,24,3,110,2,92,1,62,65,26"/><V103/><F113/><W119/><G119/><T20/><D34/><U95/><E112/><V5/><F72/><W79/><G110/><T81/><D134/><U94/><E36/><V69/><F106/><W15/><G15/><T89/><D130/><U115/><E115/><V98/><F98/><W73/><G28/><T37/><D37/><U117/><E117/><V80/><F69/><W131/><G131/><T30/><D116/><U40/><E33/><V64/><F64/><W129/><G129/><T101/><REACH who="0" step="1"/><D81/><REACH who="0" ten="139,226,272,353" step="2"/><U90/><E40/><V29/><F43/><W76/><G73/><T66/><D66/><U104/><E100/><V68/><F102/><W135/><G135/><T128/><D128/><U35/><E35/><V41/><F103/><W127/><G127/><T74/><D74/><U55/><E55/><V109/><F41/><W133/><G133/><T12/><D12/><U84/><E95/><V59/><F80/><W108/><G108/><T39/><D39/><U61/><E49/><V86/><F48/><W122/><G92/><T93/><D93/><U51/><E51/><V120/><F109/><W85/><G3/><AGARI ba="0,1" hai="3,6,8,13,18,23,52,57,61,84,90,94,104,107" machi="3" ten="30,3900,0" yaku="7,1,52,1,54,1" doraHai="56" who="1" fromWho="3" sc="139,0,226,49,272,0,353,-39" /><INIT seed="7,0,0,2,0,64" ten="139,275,272,314" oya="3" hai0="88,22,102,123,1,128,126,131,44,7,90,67,111" hai1="12,69,11,101,112,23,31,109,41,79,99,50,28" hai2="75,60,5,27,49,32,55,62,100,46,103,135,133" hai3="87,45,92,106,121,125,61,30,18,47,24,113,93"/><W56/><G106/><T4/><D123/><U96/><E109/><V9/><F75/><W40/><G121/><T71/><D111/><U95/><E112/><V97/><F32/><W8/><G113/><T80/><D126/><U108/><E108/><V73/><F73/><W91/><G125/><T54/><D102/><U78/><E69/><V107/><F100/><W15/><G92/><T116/><D22/><U43/><E99/><V57/><F27/><W34/><G40/><N who="1" m="15434" /><E50/><V70/><F70/><W26/><G24/><T42/><D42/><U59/><E59/><V19/><F19/><W29/><G29/><N who="1" m="11338" /><E23/><V14/><REACH who="2" step="1"/><F57/><REACH who="2" ten="139,275,262,314" step="2"/><W117/><G117/><T68/><D116/><U83/><E83/><V114/><F114/><W58/><G56/><T104/><D80/><U82/><E82/><V21/><F21/><W33/><G34/><T94/><D104/><U53/><E53/><AGARI ba="0,1" hai="8,15,18,26,30,33,45,47,53,58,61,87,91,93" machi="53" ten="30,1500,0" yaku="7,1" doraHai="64" who="3" fromWho="1" sc="139,0,275,-15,262,0,314,25" owari="139,-36.0,260,-14.0,262,6.0,339,44.0" /></mjloggm>