<mjloggm ver="2.3"><GO type="185" lobby="0"/><UN n0="%65%6C%75%6C%75" n1="%E3%82%8A%E3%82%85%E3%81%99%E3%81%8F" n2="%4B%6F%4B%4B%4F" n3="" dan="16,16,16,0" rate="2247.07,2184.88,2210.65,1500.00" sx="M,M,M,C"/><TAIKYOKU oya="0"/><INIT seed="0,0,0,3,0,48" ten="350,350,350,0" oya="0" hai0="84,111,74,38,52,58,49,106,37,43,79,67,60" hai1="68,35,95,103,33,61,89,40,88,55,97,41,112" hai2="59,83,107,119,93,125,1,130,73,57,121,69,118" hai3=""/><T45/><D106/><U98/><E112/><V96/><N who="2" m="31008" /><V80/><F69/><T122/><N who="0" m="31264" /><T71/><D111/><U81/><E89/><V108/><F107/><T104/><D104/><U94/><E81/><V115/><F1/><T92/><D74/><U90/><E103/><V44/><F115/><T0/><D0/><U126/><E126/><V53/><F125/><T47/><D79/><U114/><E114/><V123/><N who="2" m="31520" /><V39/><F130/><T50/><D84/><U109/><E109/><V134/><F134/><T85/><D85/><U42/><E68/><V2/><F2/><T124/><D92/><U77/><E77/><V76/><F80/><T46/><D124/><U102/><E102/><V99/><F99/><T82/><D82/><U54/><REACH who="1" step="1"/><E61/><REACH who="1" ten="350,340,350,0" step="2"/><V101/><F108/><T36/><AGARI ba="0,1" hai="36,37,38,43,45,46,47,49,50,52,58,60,67,71" m="31264" machi="36" ten="30,16000,3" yaku="0,1,35,6,52,2,54,1" doraHai="48" who="0" fromWho="0" sc="350,170,340,-80,350,-80,0,0" /><INIT seed="0,1,0,0,0,48" ten="520,260,270,0" oya="0" hai0="76,115,85,100,84,51,53,75,44,59,43,78,98" hai1="0,127,73,1,87,34,112,117,35,97,81,62,57" hai2="116,110,128,129,71,99,121,135,95,111,33,77,79" hai3=""/><T101/><D115/><U108/><E108/><N who="2" m="41515" /><F33/><T119/><D119/><U58/><E73/><V105/><N who="2" m="31008" /><V132/><F71/><T68/><D68/><U3/><E127/><V124/><F105/><T64/><D64/><U2/><E117/><V123/><N who="2" m="31520" /><V72/><F116/><T106/><D101/><U107/><E112/><V83/><F77/><T126/><D126/><U42/><E42/><V134/><F124/><T94/><D75/><U61/><E2/><V39/><F39/><T80/><D106/><U54/><E97/><V104/><F104/><T133/><D133/><U37/><E37/><V32/><F32/><T63/><REACH who="0" step="1"/><D84/><REACH who="0" ten="510,260,270,0" step="2"/><U88/><REACH who="1" step="1"/><E107/><REACH who="1" ten="510,250,270,0" step="2"/><V46/><F46/><T69/><D69/><U74/><E74/><V47/><F47/><T82/><D82/><U50/><E50/><V90/><AGARI ba="1,2" hai="72,79,83,90,95,99,128,129,132,134,135" m="31520,31008,41515" machi="90" ten="40,9000,2" yaku="20,1,14,1,34,2,52,2" doraHai="48" who="2" fromWho="2" sc="510,-61,250,-31,270,112,0,0" /><INIT seed="1,0,0,1,4,120" ten="449,219,382,0" oya="1" hai0="63,108,92,51,76,62,58,45,90,59,64,115,113" hai1="93,40,66,86,52,0,53,71,32,100,104,98,37" hai2="95,38,88,75,132,60,122,35,103,67,43,70,107" hai3=""/><U79/><E32/><V48/><N who="2" m="31264" /><V133/><F75/><T94/><D76/><U116/><E0/><V47/><F35/><T42/><D108/><U117/><E71/><V44/><F103/><T61/><D94/><U85/><E66/><V119/><F107/><T81/><D81/><U74/><E86/><V73/><F73/><T130/><D130/><U69/><E69/><V77/><F77/><T49/><D49/><U105/><E105/><V123/><N who="2" m="31520" /><V41/><REACH who="2" step="1"/><F119/><REACH who="2" ten="449,219,372,0" step="2"/><T134/><D134/><U106/><E106/><V68/><F68/><T114/><D115/><U99/><E74/><V84/><AGARI ba="0,1" hai="38,41,43,44,47,48,60,67,70,84,88,95,132,133" m="31520,31264" machi="84" ten="30,9000,2" yaku="1,1,0,1,52,2,54,1,53,1" doraHai="120" doraHaiUra="89" who="2" fromWho="2" sc="449,-30,219,-60,372,100,0,0" /><INIT seed="2,0,0,0,3,50" ten="419,159,472,0" oya="2" hai0="96,72,60,109,82,86,65,74,59,129,32,106,2" hai1="128,89,116,110,76,3,69,98,123,83,107,46,49" hai2="120,117,85,37,134,92,87,52,130,95,54,73,35" hai3=""/><V93/><N who="2" m="30752" /><V111/><F35/><T103/><D32/><U122/><N who="1" m="31264" /><U34/><N who="1" m="31520" /><U38/><E34/><V1/><F117/><T112/><D2/><U118/><E38/><V80/><F1/><T62/><D129/><U102/><E3/><V58/><F130/><T36/><D36/><U94/><E69/><V67/><F37/><T114/><D109/><U48/><E110/><V78/><F134/><T66/><D114/><U105/><E105/><V68/><F68/><T41/><D41/><U121/><N who="1" m="31008" /><U100/><E100/><V39/><F39/><T56/><REACH who="0" step="1"/><D112/><REACH who="0" ten="409,159,472,0" step="2"/><U45/><E128/><V91/><F111/><T77/><AGARI ba="0,1" hai="56,59,60,62,65,66,72,74,77,82,86,96,103,106" machi="77" ten="20,9000,2" yaku="1,1,2,1,0,1,7,1,9,1,53,2" doraHai="50" doraHaiUra="55" who="0" fromWho="0" sc="409,100,159,-30,472,-60,0,0" /><INIT seed="4,0,0,0,3,32" ten="509,129,412,0" oya="0" hai0="58,105,71,77,84,66,1,52,34,36,48,85,67" hai1="82,51,119,123,122,78,128,65,79,103,127,113,118" hai2="112,126,117,114,107,106,100,56,125,61,57,45,74" hai3=""/><T95/><D34/><U3/><N who="1" m="31264" /><U35/><N who="1" m="31520" /><U86/><E35/><V70/><F74/><T62/><D105/><N who="2" m="39946" /><F100/><T120/><N who="0" m="30752" /><T81/><D36/><U97/><E127/><N who="2" m="48651" /><F117/><T44/><D1/><U64/><E128/><V50/><F70/><T98/><D85/><U38/><E113/><N who="2" m="43627" /><F61/><T33/><D33/><U73/><E3/><V109/><F109/><T87/><D87/><U0/><E0/><V42/><AGARI ba="0,0" hai="42,45,50,56,57" m="43627,48651,39946" machi="42" ten="40,2000,0" yaku="18,1,15,1" doraHai="32" who="2" fromWho="2" sc="509,-13,129,-7,412,20,0,0" /><INIT seed="5,0,0,2,2,51" ten="496,122,432,0" oya="1" hai0="39,48,60,78,106,93,100,66,40,86,121,69,109" hai1="124,119,87,97,130,117,49,134,68,64,35,63,52" hai2="84,125,108,37,3,135,88,94,38,67,133,126,90" hai3=""/><U33/><E130/><V129/><F3/><T128/><N who="0" m="31008" /><T44/><D109/><U79/><E124/><N who="2" m="47723" /><F108/><T76/><D128/><U53/><E134/><N who="2" m="51211" /><F129/><T105/><D106/><U104/><E53/><V45/><F67/><T110/><D110/><U91/><E35/><V43/><F90/><T107/><D107/><U131/><E33/><V74/><F74/><T122/><N who="0" m="31264" /><T65/><D65/><U47/><E131/><V61/><F61/><T102/><D105/><U89/><E79/><V36/><AGARI ba="0,0" hai="36,37,38,43,45,84,88,94" m="51211,47723" machi="36" ten="40,3900,0" yaku="18,1,20,1,54,1" doraHai="51" who="2" fromWho="2" sc="496,-13,122,-26,432,39,0,0" /><INIT seed="6,0,0,1,3,114" ten="483,96,471,0" oya="2" hai0="134,84,37,53,112,85,72,32,80,58,107,91,113" hai1="39,50,66,64,110,122,62,70,81,124,93,83,115" hai2="2,102,71,109,121,111,69,60,74,59,97,89,88" hai3=""/><V118/><N who="2" m="31008" /><V48/><F2/><T106/><D134/><U135/><E93/><V120/><N who="2" m="30752" /><V123/><N who="2" m="31520" /><V131/><F118/><T46/><D72/><U87/><E87/><V82/><F131/><T99/><D32/><U73/><E81/><V35/><F35/><T117/><D117/><U104/><E83/><V90/><F48/><T42/><D85/><U55/><E55/><V92/><F71/><T129/><D129/><U3/><E64/><V75/><F69/><T67/><D67/><U105/><E66/><V128/><F128/><T100/><REACH who="0" step="1"/><D107/><REACH who="0" ten="473,96,471,0" step="2"/><U38/><E104/><V132/><F132/><T45/><D45/><U49/><E62/><AGARI ba="0,1" hai="37,42,46,53,58,62,80,84,91,99,100,106,112,113" machi="62" ten="40,1300,0" yaku="1,1,53,0" doraHai="114" doraHaiUra="116" who="0" fromWho="1" sc="473,23,96,-13,471,0,0,0" owari="496,45.0,83,-52.0,471,7.0,0,0.0" /></mjloggm>