<mjloggm ver="2.3"><GO type="169" lobby="0"/><UN n0="%E9%AB%98%E6%A9%8B%E8%89%AF%E5%A4%AA" n1="%E3%81%8F%E3%81%8E%E3%82%85%E3%81%86%E3%81%86%E3%81%86%E3%81%86" n2="%E9%87%A3%E3%82%8A%E6%97%A5%E5%92%8C" n3="%E3%82%AD%E3%83%AA%E3%83%B3%E3%83%AA%E3%82%AD%E5%BF%AB" dan="16,17,17,16" rate="2202.68,2225.45,2176.63,2107.44" sx="M,M,M,M"/><TAIKYOKU oya="0"/><INIT seed="0,0,0,0,0,46" ten="250,250,250,250" oya="0" hai0="49,110,48,57,26,34,89,58,28,127,93,32,81" hai1="31,2,103,104,20,52,64,16,27,66,120,124,6" hai2="128,92,108,38,102,129,82,123,88,37,65,106,76" hai3="95,61,39,72,56,109,50,69,101,121,43,14,79"/><T55/><D127/><U0/><E120/><V71/><F123/><W47/><G121/><T44/><D110/><U15/><E124/><V112/><F112/><W7/><G109/><T130/><D130/><N who="2" m="50282" /><F108/><W36/><G69/><T24/><D81/><U91/><E104/><V11/><F71/><W99/><G72/><T126/><D126/><U114/><E103/><V86/><F65/><W17/><G7/><T78/><D78/><U75/><E75/><N who="2" m="43295" /><F11/><W4/><G4/><T84/><REACH who="0" step="1"/><D48/><REACH who="0" ten="240,250,250,250" step="2"/><U67/><E114/><V21/><F21/><W35/><G79/><T53/><D53/><U22/><E52/><V62/><F62/><W122/><G122/><T98/><D98/><AGARI ba="0,1" hai="37,38,86,88,92,98,102,106" m="43295,50282" machi="98" ten="30,3900,0" yaku="24,1,19,1,54,1" doraHai="46" who="2" fromWho="0" sc="240,-39,250,0,250,49,250,0" /><INIT seed="1,0,0,0,1,126" ten="201,250,299,250" oya="1" hai0="88,89,7,68,35,93,47,41,9,0,19,85,60" hai1="113,111,78,108,69,22,37,29,125,56,64,14,96" hai2="116,5,67,38,18,103,82,79,27,11,63,1,3" hai3="118,94,131,128,10,33,72,57,21,48,53,87,110"/><U117/><E113/><V62/><F116/><W123/><G33/><T81/><D35/><U55/><E117/><V70/><F38/><W52/><G118/><T84/><D60/><U30/><E125/><V24/><F1/><W32/><G32/><T20/><D68/><U122/><E122/><V43/><F43/><W109/><G72/><T42/><REACH who="0" step="1"/><D47/><REACH who="0" ten="191,250,299,250" step="2"/><U97/><E69/><V59/><F63/><N who="3" m="36263" /><G123/><T54/><D54/><U4/><E64/><V80/><F70/><W129/><G21/><T39/><D39/><U91/><E37/><V50/><F67/><W105/><G10/><T95/><D95/><U77/><E22/><V13/><F11/><W114/><G114/><T58/><D58/><U115/><E115/><V104/><F59/><N who="3" m="33191" /><G105/><T106/><D106/><U133/><E56/><V28/><F62/><W75/><G75/><T8/><D8/><U17/><E55/><V6/><F104/><W15/><G15/><AGARI ba="0,1" hai="0,7,9,15,19,20,41,42,81,84,85,88,89,93" machi="15" ten="30,7700,0" yaku="1,1,7,1,54,1,53,1" doraHai="126" doraHaiUra="90" who="0" fromWho="3" sc="191,87,250,0,299,0,250,-77" /><INIT seed="2,0,0,0,0,4" ten="278,250,299,173" oya="2" hai0="31,11,133,95,41,16,135,85,134,93,19,62,33" hai1="46,35,109,90,126,112,15,53,70,122,123,37,125" hai2="61,105,47,130,38,83,10,30,100,39,94,26,74" hai3="117,23,127,60,40,73,81,88,21,32,67,3,77"/><V115/><F115/><W114/><G117/><T1/><D41/><N who="1" m="22831" /><E35/><V7/><F130/><W80/><G114/><T49/><D62/><U107/><E107/><V97/><F61/><W24/><G127/><N who="1" m="48650" /><E90/><V2/><F94/><W96/><G3/><T132/><N who="0" m="33792" /><DORA hai="98" /><T63/><D63/><U13/><E112/><V69/><F47/><W118/><G118/><T84/><D31/><U102/><E109/><V55/><F55/><W66/><G40/><T57/><D33/><U48/><E102/><V5/><F69/><W113/><G113/><T64/><D95/><U25/><E25/><V59/><F59/><W86/><G96/><T17/><D93/><U106/><E106/><V78/><REACH who="2" step="1"/><F7/><REACH who="2" ten="278,250,289,173" step="2"/><W50/><G50/><T89/><D64/><U119/><E70/><V36/><F36/><W72/><G67/><T18/><D57/><U6/><E119/><V104/><F104/><W45/><G45/><T12/><D49/><U58/><E6/><V129/><F129/><W101/><G101/><T68/><D68/><U92/><E92/><V131/><F131/><W22/><G60/><T14/><D89/><U27/><E58/><V71/><F71/><W110/><G66/><T79/><D79/><U54/><E54/><V103/><F103/><W128/><G128/><T99/><D99/><U34/><E53/><V116/><F116/><W28/><REACH who="3" step="1"/><G110/><REACH who="3" ten="278,250,289,163" step="2"/><T8/><REACH who="0" step="1"/><D1/><REACH who="0" ten="268,250,289,163" step="2"/><U43/><E48/><V124/><F124/><W75/><AGARI ba="0,3" hai="21,22,23,24,28,32,72,73,75,77,80,81,86,88" machi="75" ten="30,8000,1" yaku="1,1,2,1,0,1,54,1,53,1" doraHai="4,98" doraHaiUra="20,42" who="3" fromWho="3" sc="268,-20,250,-20,289,-40,163,110" /><INIT seed="3,0,0,0,0,69" ten="248,230,249,273" oya="3" hai0="0,99,72,118,34,111,65,40,6,134,87,83,41" hai1="94,135,57,33,20,14,39,19,91,76,55,116,121" hai2="98,125,13,104,38,1,29,25,12,4,117,17,70" hai3="71,93,35,131,44,110,22,95,11,26,51,59,126"/><W75/><G71/><T30/><D72/><U88/><E121/><V80/><F117/><W46/><G131/><T37/><D118/><U81/><E116/><V9/><F125/><W73/><G126/><T8/><D65/><U107/><E107/><V114/><F114/><W54/><G35/><T53/><D30/><U101/><E33/><V100/><F80/><W50/><G110/><T7/><D34/><U102/><E39/><V63/><F38/><W21/><G11/><T127/><D127/><U128/><E91/><V109/><F109/><W123/><G123/><T49/><D37/><U58/><E58/><V106/><F106/><W108/><G108/><T5/><D0/><U78/><E135/><V90/><F90/><W27/><G59/><T96/><D8/><U122/><E128/><V68/><F17/><W56/><G56/><T23/><D23/><U86/><E122/><V48/><F48/><W36/><G36/><T89/><D134/><U61/><REACH who="1" step="1"/><E78/><REACH who="1" ten="248,220,249,273" step="2"/><V10/><F70/><W133/><G133/><T43/><REACH who="0" step="1"/><D111/><REACH who="0" ten="238,220,249,273" step="2"/><U79/><E79/><V130/><F130/><W60/><G60/><T103/><D103/><U85/><AGARI ba="0,2" hai="14,19,20,55,57,61,76,81,85,86,88,94,101,102" machi="85" ten="20,8000,1" yaku="1,1,0,1,7,1,8,1,54,1,53,0" doraHai="69" doraHaiUra="2" who="1" fromWho="1" sc="238,-20,220,100,249,-20,273,-40" /><INIT seed="4,0,0,1,5,85" ten="218,320,229,233" oya="0" hai0="56,42,91,22,117,39,37,16,106,61,102,84,23" hai1="13,60,129,134,99,68,44,124,46,28,52,9,25" hai2="133,108,96,30,26,113,97,111,121,3,120,40,135" hai3="7,88,76,64,15,101,74,66,127,17,65,69,81"/><T43/><D117/><U115/><E129/><V95/><F3/><W36/><G127/><T78/><D78/><U83/><E124/><V87/><F40/><W34/><G36/><T94/><D37/><U114/><E134/><N who="2" m="51211" /><F113/><N who="1" m="43017" /><E83/><V90/><F26/><W14/><G34/><T12/><D39/><U125/><E125/><V62/><F62/><W1/><G1/><T119/><D119/><U6/><E68/><V107/><F30/><W118/><G118/><T11/><D102/><U72/><E72/><V80/><F97/><W41/><G41/><N who="0" m="15371" /><D106/><U10/><E10/><V31/><F31/><W38/><G38/><T8/><D11/><U58/><E99/><V55/><F55/><AGARI ba="0,0" hai="8,12,16,22,23,55,56,61,84,91,94" m="15371" machi="55" ten="30,5800,0" yaku="8,1,52,1,54,1" doraHai="85" who="0" fromWho="2" sc="218,58,320,0,229,-58,233,0" /><INIT seed="4,1,0,4,0,131" ten="276,320,171,233" oya="0" hai0="81,26,64,59,124,104,27,127,36,68,2,54,103" hai1="67,34,18,117,37,50,62,128,22,91,88,134,55" hai2="16,23,9,65,80,43,105,96,31,101,102,6,84" hai3="120,73,116,90,111,74,70,110,122,76,118,56,82"/><T38/><D2/><U20/><E117/><N who="3" m="45162" /><G70/><T121/><D81/><U93/><E34/><V14/><F101/><W87/><G56/><T106/><D121/><N who="3" m="46697" /><G73/><T92/><D92/><AGARI ba="1,0" hai="74,76,82,87,90,92,110,111" m="46697,45162" machi="92" ten="30,3900,0" yaku="13,1,34,2" doraHai="131" who="3" fromWho="0" sc="276,-42,320,0,171,0,233,42" /><INIT seed="5,0,0,5,3,81" ten="234,320,171,275" oya="1" hai0="1,0,17,37,74,56,122,79,117,61,46,96,33" hai1="73,18,29,66,4,27,15,131,34,83,48,67,11" hai2="111,9,108,60,97,14,87,49,121,38,19,128,77" hai3="36,110,125,41,35,91,82,39,40,104,72,13,115"/><U20/><E131/><V54/><F121/><W65/><G110/><T90/><D33/><U95/><E73/><V2/><F38/><W78/><G35/><T22/><D117/><U16/><E83/><V30/><F128/><W7/><G104/><T100/><D79/><U93/><E48/><V107/><F30/><W92/><G65/><T135/><D74/><U62/><E18/><V52/><F2/><W12/><G125/><T106/><D37/><U51/><E51/><V84/><F54/><W116/><G116/><T89/><D46/><U69/><REACH who="1" step="1"/><E67/><REACH who="1" ten="234,310,171,275" step="2"/><V43/><F77/><W5/><G82/><T23/><D122/><U28/><E28/><V32/><F108/><W126/><G78/><T21/><D17/><U63/><E63/><V85/><F111/><W86/><G72/><T44/><D61/><U47/><E47/><V53/><F60/><W102/><G36/><T50/><D44/><U98/><E98/><V25/><F49/><W113/><G39/><T26/><D96/><U6/><E6/><V134/><F97/><N who="3" m="59687" /><G5/><T130/><D130/><U129/><E129/><V133/><F43/><N who="3" m="16459" /><G7/><T68/><D50/><U58/><E58/><V109/><F109/><W57/><G57/><T120/><D56/><U45/><E45/><V112/><F53/><W101/><G126/><T31/><D120/><U124/><E124/><V8/><F52/><W132/><G113/><T103/><D31/><U70/><E70/><V71/><F112/><W64/><G115/><T88/><D68/><U59/><E59/><V118/><F71/><W75/><G75/><T3/><D106/><RYUUKYOKU ba="0,1" sc="234,-10,310,30,171,-10,275,-10" hai1="4,11,15,16,20,27,29,34,62,66,69,93,95" /><INIT seed="5,1,1,4,2,11" ten="224,340,161,265" oya="1" hai0="96,72,56,95,45,84,75,64,63,59,19,103,1" hai1="92,106,31,105,132,41,27,109,34,37,57,15,69" hai2="79,13,23,51,101,121,110,133,14,54,99,102,71" hai3="117,77,30,17,24,42,65,85,112,125,4,38,68"/><U9/><E69/><V18/><F110/><W134/><G17/><T62/><D1/><U131/><E109/><V21/><F121/><W32/><G85/><T98/><D45/><U20/><E131/><V94/><F133/><W76/><G4/><T47/><D47/><U39/><E132/><V3/><F3/><W86/><G42/><T135/><D135/><U5/><E92/><V43/><F71/><W6/><G6/><T113/><D113/><U100/><E57/><V120/><F120/><W108/><G38/><T70/><D70/><U50/><E50/><V52/><F79/><W67/><G108/><T8/><D84/><U58/><E58/><V127/><F127/><W126/><G112/><T118/><D118/><U60/><E60/><V130/><F130/><W88/><G117/><T10/><D96/><U104/><E100/><V90/><F43/><W124/><G134/><T36/><D36/><U128/><E128/><V7/><F54/><W82/><REACH who="3" step="1"/><G68/><REACH who="3" ten="224,340,161,255" step="2"/><T122/><D122/><U25/><REACH who="1" step="1"/><E41/><REACH who="1" ten="224,330,161,255" step="2"/><V12/><F7/><W107/><G107/><T87/><D87/><U66/><E66/><AGARI ba="1,3" hai="24,30,32,65,66,67,76,77,82,86,88,124,125,126" machi="66" ten="40,8000,1" yaku="1,1,18,1,54,1,53,1" doraHai="11" doraHaiUra="81" who="3" fromWho="1" sc="224,0,330,-83,161,0,255,113" /><INIT seed="6,0,0,1,1,38" ten="224,247,161,368" oya="2" hai0="33,115,13,46,106,92,109,124,49,7,118,30,35" hai1="97,42,89,91,111,107,64,12,16,87,63,31,0" hai2="53,77,10,129,101,113,41,135,50,73,22,52,84" hai3="68,34,121,76,28,99,32,71,93,3,58,45,60"/><V81/><F113/><W122/><G3/><T14/><D106/><U112/><E111/><V47/><F129/><W83/><G45/><T2/><D109/><U59/><E0/><V110/><F110/><W15/><G15/><T55/><D115/><U5/><E5/><V9/><F135/><W26/><G34/><T125/><D118/><U44/><E31/><V105/><F73/><W96/><G68/><T102/><D2/><U57/><E112/><V104/><F104/><W120/><G71/><T127/><D7/><U8/><E59/><V43/><F105/><W39/><G39/><T78/><D78/><U123/><E123/><V51/><F22/><W126/><G126/><T86/><D102/><U74/><E74/><V37/><F101/><W40/><G40/><N who="2" m="15433" /><F37/><W62/><G32/><N who="0" m="12363" /><D30/><U88/><E107/><V133/><F133/><W82/><G28/><T128/><D128/><U72/><E72/><V69/><F69/><W36/><G36/><T103/><D103/><U117/><E117/><V75/><F75/><W27/><G121/><T98/><D127/><U95/><E97/><V66/><F66/><W56/><G122/><T90/><D125/><U6/><E6/><V130/><F130/><W48/><G120/><T79/><D124/><U70/><E70/><V29/><F29/><W54/><G99/><T61/><D98/><U1/><E1/><V100/><F100/><W67/><G96/><T134/><D134/><U114/><E114/><V4/><F4/><W25/><G67/><T20/><D20/><U94/><E87/><V24/><F24/><W131/><G26/><RYUUKYOKU ba="0,0" sc="224,-15,247,15,161,15,368,-15" hai1="8,12,16,42,44,57,63,64,88,89,91,94,95" hai2="9,10,47,50,51,52,53,77,81,84" /><INIT seed="6,1,0,0,2,116" ten="209,262,176,353" oya="2" hai0="115,58,66,114,7,12,29,25,0,43,70,131,133" hai1="21,106,11,109,76,2,65,127,56,92,39,96,3" hai2="104,32,40,59,74,8,72,113,126,34,95,79,82" hai3="78,10,111,86,75,14,77,42,110,123,4,98,129"/><V112/><F104/><W24/><G123/><T90/><D70/><U107/><E109/><V117/><F117/><W124/><G75/><T60/><D0/><U36/><E76/><V87/><F126/><W105/><G124/><T100/><D100/><U69/><E69/><V68/><F68/><W38/><G129/><T85/><D131/><U41/><E127/><V20/><F40/><W53/><G53/><T15/><D43/><U128/><E128/><V48/><F8/><W64/><G64/><T5/><D133/><U37/><E21/><V1/><F1/><W57/><G57/><T19/><D5/><U108/><E108/><V45/><F20/><W134/><G24/><T91/><D7/><U84/><E84/><V119/><F59/><W135/><G110/><T30/><D12/><U35/><E35/><V22/><F22/><W130/><G111/><T55/><D66/><U120/><E41/><N who="2" m="24623" /><F119/><W6/><G6/><T118/><D118/><U121/><E11/><V62/><F62/><W16/><G4/><T102/><D25/><U13/><E13/><V94/><F72/><W103/><G86/><T93/><D102/><N who="1" m="60679" /><E2/><V73/><F73/><W46/><G130/><T27/><D91/><U51/><E3/><V28/><F74/><W88/><G88/><T31/><REACH who="0" step="1"/><D27/><REACH who="0" ten="199,262,176,353" step="2"/><U9/><E65/><V17/><F79/><W61/><G77/><T49/><D49/><U83/><E51/><V99/><F99/><W89/><G78/><T80/><D80/><U122/><E36/><V50/><F82/><W18/><G38/><T97/><D97/><U63/><E37/><RYUUKYOKU ba="1,1" sc="199,30,262,-10,176,-10,353,-10" hai0="15,19,29,30,31,55,58,60,85,90,93,114,115" /><INIT seed="7,2,1,0,2,33" ten="229,252,166,343" oya="3" hai0="31,42,18,84,60,1,90,81,103,109,106,105,122" hai1="112,96,9,104,75,17,125,102,8,66,52,20,131" hai2="93,130,58,5,71,48,76,88,63,28,15,87,16" hai3="36,95,110,86,124,35,41,117,89,134,59,29,118"/><W114/><G114/><T116/><D116/><U108/><E108/><V6/><F130/><W80/><G110/><T61/><D109/><U54/><E75/><V67/><F28/><W100/><G134/><T12/><D122/><U99/><E66/><V21/><F76/><W13/><G124/><T51/><D1/><U14/><E112/><V53/><AGARI ba="2,1" hai="5,6,15,16,21,48,53,58,63,67,71,87,88,93" machi="53" ten="30,8000,1" yaku="0,1,25,2,54,2" doraHai="33" who="2" fromWho="2" sc="229,-22,252,-22,166,96,343,-42" owari="207,-29.0,230,-17.0,262,6.0,301,40.0" /></mjloggm>