<mjloggm ver="2.3"><GO type="225" lobby="0"/><UN n0="%E9%B3%B4%E3%81%8D%E3%83%80%E3%83%AB%E3%83%9E" n1="%6B%79%6F%6E%6B%6F%31%31" n2="%E3%83%AF%E3%82%A4%E3%83%AB%E3%83%89" n3="%6E%69%63%6F%6E%74%6F" dan="16,16,16,16" rate="2149.11,2180.49,2117.20,2174.50" sx="M,M,M,M"/><TAIKYOKU oya="0"/><INIT seed="0,0,0,3,0,106" ten="250,250,250,250" oya="0" hai0="118,95,3,77,46,115,86,15,73,74,71,6,79" hai1="65,63,42,105,89,84,27,9,58,129,123,49,98" hai2="83,81,2,52,131,12,125,53,67,122,18,110,134" hai3="35,87,47,121,43,96,25,31,48,16,100,90,0"/><T60/><D115/><U44/><E129/><V78/><F2/><W130/><G130/><T124/><D118/><U66/><E123/><V50/><F122/><W107/><G121/><T14/><D124/><U11/><E66/><V13/><F131/><W102/><G0/><T4/><D3/><U68/><E68/><V97/><F125/><W26/><G107/><T112/><D112/><U116/><E116/><V30/><F110/><W8/><G96/><T117/><D117/><U64/><E64/><V57/><F134/><W80/><REACH who="3" step="1"/><G26/><REACH who="3" ten="250,250,250,240" step="2"/><T39/><D15/><AGARI ba="0,1" hai="8,15,16,25,31,35,43,47,48,80,87,90,100,102" machi="15" ten="40,5200,0" yaku="1,1,2,1,54,1,53,0" doraHai="106" doraHaiUra="127" who="3" fromWho="0" sc="250,-52,250,0,250,0,240,62" /><INIT seed="1,0,0,4,5,95" ten="198,250,250,302" oya="1" hai0="19,28,36,97,91,86,113,6,111,39,11,56,121" hai1="7,126,0,110,46,135,92,59,96,66,48,90,52" hai2="54,116,34,130,32,117,22,1,17,73,55,131,87" hai3="37,101,100,69,12,50,112,18,40,74,132,51,70"/><U109/><E126/><V3/><F73/><W77/><G112/><T4/><D113/><U88/><E135/><V124/><F87/><W62/><G132/><T102/><D111/><N who="1" m="42507" /><E7/><V80/><F80/><W64/><G70/><T122/><D28/><U26/><E0/><V53/><F22/><W25/><G25/><T38/><D19/><U57/><E66/><V63/><F63/><W128/><G128/><N who="2" m="49193" /><F17/><W72/><G37/><T16/><D56/><N who="1" m="21579" /><E26/><V42/><F42/><W134/><G40/><T20/><D91/><AGARI ba="0,0" hai="46,48,52,88,90,91,92,96" m="21579,42507" machi="91" ten="30,12000,1" yaku="14,1,10,1,52,1,54,2" doraHai="95" who="1" fromWho="0" sc="198,-120,250,120,250,0,302,0" /><INIT seed="1,1,0,4,2,36" ten="78,370,250,302" oya="1" hai0="11,62,42,51,23,129,50,14,25,58,7,104,41" hai1="19,67,93,114,78,8,82,46,89,34,125,43,87" hai2="105,130,44,119,109,31,24,132,84,20,80,100,117" hai3="95,3,90,85,76,1,4,66,35,97,22,61,94"/><U57/><E125/><V107/><F109/><W45/><G35/><T115/><D104/><U32/><E114/><V131/><F132/><W9/><G22/><T2/><D115/><U64/><E34/><V39/><F105/><W53/><G53/><N who="0" m="34127" /><D2/><U60/><E32/><V98/><F44/><W81/><G45/><T47/><D129/><N who="2" m="49162" /><F39/><W134/><G134/><T124/><D124/><U111/><E111/><V102/><F102/><W108/><G108/><T21/><D25/><U5/><E19/><V56/><F56/><W77/><G95/><T99/><D99/><U135/><E135/><V48/><F48/><N who="0" m="18474" /><D47/><U30/><E30/><V121/><F121/><W73/><G3/><T52/><D52/><U123/><E123/><V28/><F28/><W122/><G122/><T92/><D92/><U10/><E67/><V17/><F31/><W68/><G73/><T86/><D86/><U0/><E0/><V33/><F33/><W63/><G63/><T65/><D65/><U27/><E27/><V110/><F110/><W16/><G97/><T74/><D74/><U133/><E133/><V37/><F37/><W29/><G29/><T38/><D38/><U120/><E120/><V59/><F59/><W128/><G128/><T83/><D83/><U79/><E82/><V113/><F113/><W49/><G49/><T18/><D18/><U101/><E46/><V127/><F127/><W15/><G81/><T12/><D12/><U126/><E126/><V13/><F13/><W69/><G69/><T116/><D116/><U6/><E64/><V112/><F112/><W72/><G72/><RYUUKYOKU ba="1,0" sc="78,10,370,-30,250,10,302,10" hai0="7,11,14,21,23,41,42" hai2="17,20,24,80,84,98,100,107,117,119" hai3="1,4,9,15,16,61,66,68,76,77,85,90,94" /><INIT seed="2,2,0,3,0,3" ten="88,340,260,312" oya="2" hai0="112,131,88,17,23,114,93,102,4,35,107,55,48" hai1="118,6,130,122,46,68,70,57,40,135,51,101,134" hai2="108,104,124,121,74,75,106,25,89,105,19,123,50" hai3="109,21,18,1,45,56,29,24,90,27,98,8,86"/><V0/><F0/><W113/><G109/><T38/><D131/><U103/><E118/><V92/><F50/><W47/><G113/><T30/><D38/><U5/><E130/><V61/><F61/><W127/><G98/><T44/><D107/><U16/><E122/><V60/><F60/><W54/><G127/><T116/><D102/><N who="1" m="38923" /><E68/><V94/><F19/><W32/><G8/><T83/><D116/><U20/><E70/><V100/><F25/><W78/><G78/><T65/><D65/><U14/><E57/><V33/><F33/><W34/><G1/><T62/><D62/><U115/><E115/><V126/><F100/><W49/><REACH who="3" step="1"/><G32/><REACH who="3" ten="88,340,260,302" step="2"/><T2/><D35/><U15/><E135/><V85/><F108/><W95/><AGARI ba="2,1" hai="18,21,24,27,29,34,45,47,49,54,56,86,90,95" machi="95" ten="20,5200,0" yaku="1,1,2,1,0,1,7,1,53,0" doraHai="3" doraHaiUra="99" who="3" fromWho="3" sc="88,-15,340,-15,260,-28,302,68" /><INIT seed="3,0,0,3,4,108" ten="73,325,232,370" oya="3" hai0="43,107,28,1,98,72,113,125,9,58,83,11,122" hai1="0,92,15,56,52,75,24,91,82,128,81,66,85" hai2="51,120,63,30,80,71,115,40,96,67,117,89,19" hai3="35,99,121,36,48,90,73,129,130,16,38,93,68"/><W69/><G121/><T29/><D122/><U109/><E0/><V119/><F120/><W33/><G73/><T65/><D125/><U6/><E109/><V50/><F30/><W101/><G48/><T49/><D72/><U74/><E128/><N who="3" m="49258" /><G16/><T102/><D83/><U45/><E74/><V123/><F123/><W61/><G101/><T135/><D43/><U134/><E134/><V47/><F117/><W3/><G3/><T124/><D1/><U64/><E24/><V76/><F119/><W131/><G131/><T88/><D135/><U86/><E45/><V60/><F51/><W53/><G53/><T57/><D124/><U62/><E75/><V54/><F63/><W10/><G10/><T79/><D49/><U114/><E114/><V97/><F54/><W77/><G77/><T106/><D79/><U2/><E2/><V116/><F116/><W27/><G27/><T21/><D102/><U94/><E15/><V5/><F19/><W17/><G17/><T111/><D111/><U25/><E25/><V14/><F89/><W70/><G61/><T8/><D21/><U78/><E6/><V118/><F118/><W84/><G33/><T59/><D65/><U55/><E55/><V105/><F105/><W44/><G35/><T41/><D41/><U37/><E37/><V12/><F12/><W126/><G38/><T7/><D7/><U39/><E39/><V31/><F31/><W13/><G36/><T104/><REACH who="0" step="1"/><D113/><REACH who="0" ten="63,325,232,370" step="2"/><U95/><AGARI ba="0,1" hai="52,56,62,64,66,78,81,82,85,86,91,92,94,95" machi="95" ten="30,4000,0" yaku="0,1,8,1,54,1" doraHai="108" who="1" fromWho="1" sc="63,-10,325,50,232,-10,370,-20" owari="53,-45.0,375,48.0,222,-18.0,350,15.0" /></mjloggm>