<mjloggm ver="2.3"><GO type="225" lobby="0"/><UN n0="%E5%8D%A0%E3%81%84%E5%B8%AB%E8%A3%8F%E3%81%AA%E3%81%84%E3%81%97" n1="%E5%80%89%E6%95%B7%E4%B8%96%E7%BE%85" n2="%E5%A4%8F%E9%88%B4%E9%88%B4%E5%A4%8F" n3="%E4%BA%95%E5%B8%AF" dan="16,16,16,16" rate="2178.19,2175.03,2141.13,2136.67" sx="M,F,M,M"/><TAIKYOKU oya="0"/><INIT seed="0,0,0,5,0,121" ten="250,250,250,250" oya="0" hai0="27,1,65,100,31,60,110,47,118,42,25,82,48" hai1="97,45,93,101,79,109,81,11,117,0,3,39,64" hai2="40,66,76,130,22,80,129,113,5,112,63,114,13" hai3="95,85,35,7,30,116,58,36,132,133,15,77,126"/><T119/><D1/><U52/><E117/><V71/><F40/><W96/><G36/><T69/><D110/><U134/><E134/><V17/><REACH who="2" step="1"/><F5/><REACH who="2" ten="250,250,240,250" step="2"/><W128/><G7/><T10/><D119/><U106/><E39/><V103/><F103/><W59/><G116/><T43/><D118/><U90/><E109/><V34/><F34/><W57/><G35/><T98/><D43/><U12/><E101/><V94/><F94/><W107/><G95/><T28/><D82/><U19/><E106/><V4/><F4/><W124/><G107/><T8/><D28/><U18/><E18/><V33/><F33/><W127/><G30/><T14/><D31/><U55/><E64/><V75/><AGARI ba="0,1" hai="13,17,22,63,66,71,75,76,80,112,113,114,129,130" machi="75" ten="40,2700,0" yaku="1,1,0,1,53,0" doraHai="121" doraHaiUra="37" who="2" fromWho="2" sc="250,-13,250,-7,240,37,250,-7" /><INIT seed="1,0,0,0,4,78" ten="237,243,277,243" oya="1" hai0="30,84,66,1,102,39,57,32,38,22,10,67,76" hai1="119,44,54,100,131,81,70,99,110,24,5,83,97" hai2="55,96,58,29,90,129,134,113,42,47,7,120,36" hai3="72,112,89,123,88,107,0,17,35,56,132,114,11"/><U48/><E119/><V104/><F120/><W46/><G123/><T127/><D32/><U14/><E131/><V71/><F129/><W92/><G107/><T121/><D121/><U87/><E70/><V108/><F108/><W91/><G35/><T15/><D127/><U26/><E110/><V79/><F71/><W63/><G132/><T93/><D1/><U4/><E14/><V124/><F134/><W28/><G28/><T61/><D66/><U69/><E69/><V98/><F113/><W65/><G72/><T115/><D115/><U18/><E18/><V33/><F7/><N who="1" m="2633" /><E100/><V73/><F124/><W105/><G105/><T103/><D38/><U37/><E37/><V85/><F104/><W49/><G0/><T82/><D39/><U74/><E74/><V101/><F101/><W106/><G106/><T60/><D60/><U126/><E126/><V62/><F29/><W95/><G114/><T135/><D135/><U43/><E43/><V13/><F13/><N who="3" m="7359" /><G112/><T27/><REACH who="0" step="1"/><D93/><REACH who="0" ten="227,243,277,243" step="2"/><U59/><E87/><V122/><F33/><W9/><G95/><T20/><D20/><U64/><E97/><V6/><F122/><W16/><G92/><T34/><D34/><U130/><E99/><V94/><F6/><AGARI ba="0,1" hai="6,10,15,22,27,30,57,61,67,76,82,84,102,103" machi="6" ten="30,7700,0" yaku="1,1,7,1,8,1,52,1,53,0" doraHai="78" doraHaiUra="128" who="0" fromWho="2" sc="227,87,243,0,277,-77,243,0" /><INIT seed="2,0,0,2,5,102" ten="314,243,200,243" oya="2" hai0="104,106,113,39,71,77,6,124,28,20,87,82,7" hai1="94,53,9,66,107,25,122,51,4,12,81,73,36" hai2="89,93,83,132,52,117,90,109,16,80,88,74,125" hai3="60,69,95,23,15,97,37,65,3,68,34,129,135"/><V2/><F117/><W45/><G3/><T91/><D113/><U10/><E122/><V46/><F2/><W84/><G34/><T85/><D39/><U114/><E114/><V31/><F132/><W50/><G37/><T44/><D71/><U30/><E36/><V56/><F125/><W127/><G129/><T86/><D124/><U119/><E119/><V134/><F134/><W79/><G135/><T57/><D44/><U96/><E66/><V128/><F128/><W115/><G69/><T58/><D28/><U22/><E107/><V55/><F31/><W78/><G84/><T18/><D57/><U38/><E38/><V1/><F1/><W118/><G118/><T40/><D58/><U61/><E61/><N who="2" m="35975" /><F74/><W62/><G60/><T5/><D40/><U21/><E81/><N who="2" m="31307" /><F109/><W116/><G115/><T67/><D67/><U100/><E73/><V76/><F76/><W0/><G0/><T75/><REACH who="0" step="1"/><D91/><REACH who="0" ten="304,243,200,243" step="2"/><U17/><REACH who="1" step="1"/><E4/><REACH who="1" ten="304,233,200,243" step="2"/><V70/><F70/><W63/><G68/><T92/><D92/><U24/><E24/><AGARI ba="0,2" hai="5,6,7,18,20,24,75,77,82,85,86,87,104,106" machi="24" ten="40,8000,1" yaku="1,1,52,2,53,2" doraHai="102" doraHaiUra="101" who="0" fromWho="1" sc="304,100,233,-80,200,0,243,0" /><INIT seed="3,0,0,5,1,12" ten="404,153,200,243" oya="3" hai0="80,27,66,41,76,130,106,75,122,55,65,28,30" hai1="47,120,114,96,99,94,62,5,53,85,33,31,121" hai2="10,92,105,63,69,16,70,126,48,90,107,32,115" hai3="125,19,88,56,86,77,21,113,61,100,36,104,119"/><W11/><G36/><T59/><D122/><U22/><E114/><V46/><F32/><W71/><G77/><T111/><D111/><U58/><E33/><V49/><F115/><W103/><G11/><T83/><D106/><U101/><E5/><V4/><F49/><W54/><G71/><T108/><D108/><U124/><E124/><V129/><F129/><W37/><G104/><T52/><D41/><U112/><E112/><V97/><F126/><W81/><G37/><T132/><D132/><U68/><E68/><V72/><F72/><W84/><G119/><T45/><D45/><U117/><E117/><V133/><F133/><W110/><G110/><T20/><D55/><U87/><E47/><V118/><F70/><W2/><G2/><T116/><D130/><U39/><E39/><V40/><F118/><W127/><G54/><T25/><D80/><U18/><E31/><V34/><F34/><W79/><G81/><T135/><D135/><U123/><REACH who="1" step="1"/><E96/><REACH who="1" ten="404,143,200,243" step="2"/><V7/><F7/><W134/><G113/><T51/><D116/><U15/><AGARI ba="0,1" hai="15,18,22,53,58,62,85,87,94,99,101,120,121,123" machi="15" ten="30,7900,0" yaku="1,1,2,1,0,1,52,1,53,0" doraHai="12" doraHaiUra="26" who="1" fromWho="1" sc="404,-20,143,89,200,-20,243,-39" owari="384,49.0,232,3.0,180,-32.0,204,-20.0" /></mjloggm>