<mjloggm ver="2.3"><GO type="185" lobby="0"/><UN n0="%E8%B5%A4%E3%81%AE%E3%83%A9%E3%82%B0%E3%83%8A%E3%83%AB" n1="%E3%81%A8%E3%82%8A%E3%81%82%E3%81%88%E3%81%9A%E5%9B%9B%E6%AE%B5" n2="%E7%A9%BA%E3%81%AB%E8%8A%B1%E7%81%AB" n3="" dan="16,16,17,0" rate="2168.75,2120.13,2219.93,1500.00" sx="M,M,M,C"/><TAIKYOKU oya="0"/><INIT seed="0,0,0,3,5,98" ten="350,350,350,0" oya="0" hai0="47,101,55,87,69,82,56,36,110,39,77,99,111" hai1="96,74,64,46,40,115,52,94,129,72,116,89,34" hai2="48,65,100,71,106,84,41,130,120,105,118,50,102" hai3=""/><T57/><D69/><U67/><E116/><V133/><N who="2" m="30752" /><V44/><F118/><T38/><D47/><U51/><E34/><V109/><F109/><N who="0" m="41482" /><D55/><U2/><E129/><V33/><F130/><T45/><D45/><U43/><E115/><V54/><F133/><T60/><D60/><U53/><E72/><V63/><F33/><T66/><D66/><U121/><N who="1" m="31008" /><U113/><E74/><V122/><N who="2" m="31264" /><V83/><F105/><AGARI ba="0,0" hai="36,38,39,56,57,77,82,87,99,101,105" m="41482" machi="105" ten="40,7700,0" yaku="14,1,10,1,52,1" doraHai="98" who="0" fromWho="2" sc="350,77,350,0,350,-77,0,0" /><INIT seed="0,1,0,0,1,104" ten="427,350,273,0" oya="0" hai0="58,134,73,65,96,45,70,55,107,57,68,67,47" hai1="112,66,63,35,0,95,122,128,133,62,103,74,116" hai2="101,64,51,3,94,41,119,49,44,40,131,117,69" hai3=""/><T37/><D134/><U83/><N who="1" m="31264" /><U1/><E116/><V75/><F3/><T77/><D107/><U127/><E35/><V56/><F131/><T135/><D135/><U89/><E133/><V43/><F75/><T82/><D96/><U115/><E128/><V97/><F69/><T86/><D86/><U72/><E127/><V71/><F71/><T102/><D102/><U39/><E39/><V93/><F94/><T111/><D111/><U125/><E63/><V92/><F93/><T98/><D98/><U76/><E125/><V87/><F87/><T113/><D113/><N who="1" m="43595" /><E103/><V126/><F126/><T100/><D100/><U59/><E74/><V105/><F105/><T52/><D37/><U130/><E130/><V110/><F110/><T34/><D34/><U50/><E50/><V78/><F51/><T46/><D70/><U124/><E124/><V123/><N who="2" m="31520" /><V91/><F101/><T118/><D118/><N who="2" m="45066" /><F78/><T42/><D73/><U84/><AGARI ba="1,0" hai="0,1,59,62,66,72,76,83,84,89,95" m="43595,31264" machi="84" ten="30,3000,0" yaku="11,1,52,2" doraHai="104" who="1" fromWho="1" sc="427,-21,350,32,273,-11,0,0" /><INIT seed="1,0,0,3,5,82" ten="406,382,262,0" oya="1" hai0="120,55,89,53,134,3,79,81,58,48,78,131,45" hai1="69,99,56,101,125,0,66,83,84,1,39,114,92" hai2="44,74,73,60,116,133,38,71,76,127,108,112,117" hai3=""/><U124/><E114/><V121/><RYUUKYOKU type="yao9" ba="0,0" sc="406,0,382,0,262,0,0,0" hai2="38,44,60,71,73,74,76,108,112,116,117,121,127,133" /><INIT seed="1,1,0,1,5,50" ten="406,382,262,0" oya="1" hai0="100,90,109,86,94,78,116,34,49,84,37,97,105" hai1="3,128,87,135,1,98,67,107,120,96,54,70,121" hai2="32,83,2,65,103,88,106,71,113,119,40,95,81" hai3=""/><U80/><N who="1" m="30752" /><U127/><N who="1" m="31008" /><U125/><E128/><V134/><F2/><T85/><D34/><U132/><E67/><V36/><F119/><T69/><D37/><U74/><E74/><V77/><F32/><T124/><D69/><U52/><E70/><V62/><F113/><T93/><D116/><U129/><E129/><V101/><F134/><N who="1" m="51241" /><E1/><V117/><F117/><T42/><D109/><U110/><E110/><V92/><F106/><T53/><D124/><N who="1" m="47691" /><E3/><V104/><F104/><T112/><D112/><U38/><E38/><V35/><F35/><T99/><D105/><U108/><E108/><V64/><F71/><T46/><D78/><U55/><E107/><V123/><N who="2" m="31520" /><V115/><F115/><T91/><D100/><U57/><E57/><V130/><F130/><T131/><D131/><U133/><N who="1" m="51249" /><U79/><AGARI ba="1,0" hai="52,54,55,79,80,87,96,98" m="47691,51249,31008,30752" machi="79" ten="50,16000,3" yaku="4,1,20,1,18,1,52,5,54,1" doraHai="50" who="1" fromWho="1" sc="406,-81,382,162,262,-81,0,0" /><INIT seed="1,2,0,5,1,69" ten="325,544,181,0" oya="1" hai0="126,85,58,130,71,98,84,123,121,120,34,96,59" hai1="43,93,105,40,128,115,110,75,3,62,73,106,82" hai2="92,35,78,80,114,89,119,94,36,41,113,77,76" hai3=""/><U81/><E115/><V47/><F35/><T2/><N who="0" m="30752" /><T109/><N who="0" m="31008" /><T131/><N who="0" m="31520" /><T39/><D2/><U72/><E3/><V91/><F119/><T83/><D34/><U37/><E128/><N who="0" m="49193" /><D71/><U70/><E110/><V55/><F55/><T97/><D109/><U107/><E93/><V67/><F67/><T1/><D1/><U112/><E112/><N who="2" m="43115" /><F80/><T88/><D39/><U74/><E74/><V103/><F103/><T46/><D46/><U125/><E125/><V95/><AGARI ba="2,0" hai="36,41,47,76,77,78,89,91,92,94,95" m="43115" machi="95" ten="40,2000,0" yaku="11,1,52,1" doraHai="69" who="2" fromWho="2" sc="325,-9,544,-15,181,24,0,0" /><INIT seed="2,0,0,1,0,75" ten="316,529,205,0" oya="2" hai0="134,64,101,77,67,66,95,128,99,114,58,83,47" hai1="113,63,69,82,100,40,94,84,130,97,0,54,48" hai2="93,76,121,112,57,49,44,106,115,104,102,126,43" hai3=""/><V131/><N who="2" m="31008" /><V39/><F131/><T68/><D128/><U41/><E113/><V133/><F133/><T129/><D129/><U72/><E72/><V45/><F126/><T124/><D124/><U117/><E0/><V98/><F57/><T46/><D68/><U89/><E117/><V73/><F112/><T65/><D134/><U123/><N who="1" m="31520" /><U116/><E116/><V60/><F115/><T118/><D118/><U71/><E130/><V80/><REACH who="2" step="1"/><F60/><REACH who="2" ten="316,529,195,0" step="2"/><T92/><D114/><U127/><E127/><V103/><F103/><T38/><D58/><U122/><N who="1" m="31264" /><U105/><E71/><V74/><F74/><T125/><D125/><U3/><E63/><V2/><F2/><T79/><D101/><U35/><E3/><V32/><F32/><T109/><D109/><U34/><E69/><V62/><F62/><T52/><D47/><U56/><E35/><V135/><F135/><T55/><D46/><U96/><REACH who="1" step="1"/><E34/><REACH who="1" ten="316,519,195,0" step="2"/><V53/><AGARI ba="0,2" hai="39,43,44,45,49,53,73,76,80,93,98,102,104,106" m="31008" machi="53" ten="20,8000,1" yaku="1,1,0,1,7,1,52,2,53,0" doraHai="75" doraHaiUra="108" who="2" fromWho="2" sc="316,-40,519,-40,195,100,0,0" /><INIT seed="2,1,0,0,3,131" ten="276,479,295,0" oya="2" hai0="3,100,78,117,63,113,122,72,76,56,2,54,0" hai1="83,108,81,71,101,119,124,48,38,86,103,79,64" hai2="133,128,39,127,102,51,88,37,82,116,132,33,90" hai3=""/><V57/><F33/><T49/><N who="0" m="31264" /><T45/><D117/><U73/><E38/><V42/><F116/><T46/><D113/><U95/><E119/><V104/><F128/><T69/><D100/><U91/><E48/><V75/><F127/><T66/><D72/><U87/><E64/><V40/><F104/><T61/><REACH who="0" step="1"/><D46/><REACH who="0" ten="266,479,295,0" step="2"/><U130/><E124/><V65/><F102/><T85/><D85/><U53/><E130/><V52/><F75/><T34/><D34/><U111/><E103/><V105/><F105/><T107/><D107/><U32/><E32/><V70/><F82/><T110/><D110/><U96/><E111/><V89/><F37/><T36/><D36/><U58/><E108/><V106/><F39/><T59/><D59/><U99/><E83/><V80/><F80/><T121/><N who="0" m="31008" /><T93/><D93/><U50/><E71/><V92/><F106/><AGARI ba="1,1" hai="50,53,58,73,79,81,86,87,91,95,96,99,101,106" machi="106" ten="30,1000,0" yaku="7,1" doraHai="131" who="1" fromWho="2" sc="266,0,479,22,295,-12,0,0" /><INIT seed="4,0,0,3,4,126" ten="266,501,283,0" oya="0" hai0="50,90,116,107,108,127,79,46,97,81,131,121,34" hai1="99,52,40,109,103,95,35,112,38,84,59,63,104" hai2="45,93,65,96,66,77,134,135,42,110,133,62,51" hai3=""/><T37/><N who="0" m="31008" /><T2/><D2/><U83/><E109/><V71/><F110/><T128/><D34/><U111/><E111/><V54/><F77/><T123/><N who="0" m="31520" /><T87/><D108/><U73/><E73/><V113/><F113/><T114/><D114/><U89/><E112/><V44/><F66/><T106/><D127/><U55/><E35/><V68/><F68/><T119/><D37/><U125/><E125/><V61/><F62/><T82/><D46/><U49/><E40/><V53/><REACH who="2" step="1"/><F45/><REACH who="2" ten="266,501,273,0" step="2"/><T91/><D50/><U32/><E32/><V94/><F94/><T86/><D79/><U98/><E63/><V80/><F80/><T58/><D58/><U118/><E83/><V74/><F74/><T117/><D116/><U67/><E118/><V43/><F43/><T70/><D70/><U102/><E67/><V56/><F56/><T60/><D60/><U115/><E115/><V33/><F33/><T36/><D36/><U75/><E38/><V124/><F124/><T1/><D1/><U69/><E69/><V72/><F72/><T100/><D107/><U130/><E104/><V105/><F105/><T39/><D39/><U47/><E47/><V64/><F64/><T85/><D119/><U3/><E59/><RYUUKYOKU ba="0,1" sc="266,-10,501,-10,273,20,0,0" hai2="42,44,51,53,54,61,65,71,93,96,133,134,135" /><INIT seed="5,1,1,0,0,71" ten="256,491,293,0" oya="1" hai0="47,106,115,35,60,120,84,54,119,102,46,76,61" hai1="74,75,70,87,125,88,131,91,33,50,77,69,127" hai2="42,122,93,64,55,99,118,45,49,36,68,83,41" hai3=""/><U123/><N who="1" m="31520" /><U53/><E131/><V86/><N who="2" m="31264" /><V81/><F118/><T92/><N who="0" m="30752" /><T100/><D35/><U103/><E103/><V135/><F135/><T110/><D110/><U58/><E91/><V97/><F42/><T129/><D129/><U121/><N who="1" m="31008" /><U109/><E33/><V90/><F83/><T2/><D2/><U40/><E40/><V3/><F3/><T108/><D108/><U126/><E109/><V72/><F72/><N who="1" m="27689" /><E77/><V65/><F99/><T52/><D106/><U59/><E59/><V82/><F68/><T37/><D37/><U78/><E78/><V51/><F82/><AGARI ba="1,1" hai="50,53,58,69,70,82,87,88,125,126,127" m="27689,31008,31520" machi="82" ten="40,12000,1" yaku="18,1,52,2,54,1" doraHai="71" who="1" fromWho="2" sc="256,0,491,132,293,-122,0,0" /><INIT seed="5,2,0,4,5,102" ten="256,623,171,0" oya="1" hai0="105,115,39,86,0,33,42,41,43,1,107,46,88" hai1="2,81,106,56,64,133,84,129,69,60,87,71,104" hai2="58,110,35,121,118,135,75,89,34,51,85,79,134" hai3=""/><U92/><E2/><V37/><N who="2" m="31008" /><V124/><F37/><T113/><D33/><U112/><E112/><N who="0" m="43081" /><D46/><U61/><E133/><V54/><F110/><T122/><N who="0" m="31264" /><T97/><D39/><U90/><E129/><V40/><F118/><T80/><D97/><U116/><E116/><V132/><F124/><T125/><D125/><U32/><E32/><V68/><F68/><T127/><D127/><U38/><E38/><V100/><F100/><T128/><D128/><U3/><E3/><AGARI ba="2,0" hai="0,1,3,41,42,43,80,86,88,105,107" m="31264,43081" machi="3" ten="40,8000,1" yaku="15,1,52,3,54,1" doraHai="102" who="0" fromWho="1" sc="256,84,623,-84,171,0,0,0" /><INIT seed="6,0,0,4,4,103" ten="340,539,171,0" oya="2" hai0="48,102,40,101,41,128,83,92,114,97,0,126,70" hai1="56,50,59,52,63,134,132,45,35,65,96,81,68" hai2="105,112,110,49,86,135,79,85,107,67,37,117,77" hai3=""/><V123/><F37/><T118/><D118/><U98/><E81/><V51/><N who="2" m="31520" /><V113/><F117/><T129/><D0/><U104/><E35/><V78/><F110/><T53/><D70/><U36/><E59/><V125/><F125/><T93/><D126/><U57/><E56/><V127/><F127/><T46/><D83/><U88/><E104/><N who="2" m="40011" /><F67/><T76/><D76/><N who="2" m="19458" /><V84/><DORA hai="133" /><F135/><N who="1" m="51753" /><E88/><V111/><F111/><T62/><D102/><U73/><E73/><V124/><F124/><T1/><D101/><U39/><E39/><V75/><F75/><T74/><D74/><U55/><E36/><V94/><F94/><T130/><D93/><U90/><E90/><V38/><F38/><T69/><D92/><U91/><E91/><V120/><N who="2" m="30752" /><V99/><F99/><T115/><D97/><U42/><E42/><N who="0" m="16489" /><D1/><U89/><E89/><V34/><F34/><T109/><D109/><U43/><E43/><V100/><F100/><T131/><D130/><U47/><E98/><V80/><F80/><T87/><D129/><U122/><E96/><V33/><F33/><T54/><D128/><U119/><E119/><V64/><F64/><T121/><D131/><U72/><E72/><V61/><F61/><T108/><D108/><RYUUKYOKU ba="0,0" sc="340,-10,539,-10,171,20,0,0" hai2="49,51,84,85,86,112,113" /><INIT seed="6,1,0,4,5,62" ten="330,529,191,0" oya="2" hai0="63,132,124,107,53,116,79,93,44,103,81,99,88" hai1="98,76,47,123,65,106,114,59,89,109,87,32,100" hai2="77,112,60,70,135,48,67,0,110,75,113,86,61" hai3=""/><V2/><F110/><T133/><D116/><U40/><N who="1" m="31520" /><U126/><E109/><V74/><F135/><N who="0" m="51786" /><D124/><U90/><E32/><V121/><N who="2" m="31008" /><V96/><F96/><T57/><D44/><U118/><E114/><N who="2" m="44139" /><F60/><T97/><D81/><U66/><E59/><V78/><F48/><T119/><D119/><U68/><E106/><V83/><F78/><AGARI ba="1,0" hai="53,57,63,78,79,88,93,97,99,103,107" m="51786" machi="78" ten="30,2000,0" yaku="20,1,54,1" doraHai="62" who="0" fromWho="2" sc="330,22,529,0,191,-22,0,0" owari="352,-5.0,529,48.0,169,-43.0,0,0.0" /></mjloggm>