<mjloggm ver="2.3"><GO type="169" lobby="0"/><UN n0="%79%6F%75%61%6C%70%68%61" n1="%E4%B8%8B%E9%AB%98%E5%A4%AA%E9%83%8E" n2="%E3%81%94%E3%82%8B%E3%81%A3" n3="%55%4E%55%4D%41%4E" dan="17,16,16,16" rate="2160.80,2127.18,2155.88,2051.38" sx="M,M,M,M"/><TAIKYOKU oya="0"/><INIT seed="0,0,0,3,2,70" ten="250,250,250,250" oya="0" hai0="84,29,53,8,110,19,46,15,38,61,81,126,39" hai1="9,111,48,91,116,47,105,54,125,80,98,6,14" hai2="71,95,13,93,120,90,92,10,26,1,3,23,114" hai3="128,35,118,119,130,27,106,131,50,85,83,37,123"/><T16/><D126/><U109/><E116/><N who="3" m="44586" /><G106/><T112/><D112/><U42/><E125/><V5/><F71/><W122/><G50/><T34/><D110/><U24/><E105/><V97/><F120/><N who="3" m="46123" /><G35/><T89/><D19/><U51/><E24/><V103/><F114/><W124/><G124/><T21/><D34/><U20/><E20/><V101/><F101/><W76/><G27/><N who="0" m="16623" /><D61/><U33/><E33/><V75/><F75/><W36/><AGARI ba="0,0" hai="36,37,76,83,85,128,130,131" m="46123,44586" machi="36" ten="40,8000,1" yaku="19,1,13,1,52,2" doraHai="70" who="3" fromWho="3" sc="250,-40,250,-20,250,-20,250,80" /><INIT seed="1,0,0,0,4,13" ten="210,230,230,330" oya="1" hai0="76,8,10,118,79,93,124,111,92,130,103,56,80" hai1="35,90,4,131,2,83,60,22,41,49,106,85,12" hai2="91,25,0,125,119,74,1,117,16,47,28,51,6" hai3="34,44,95,94,37,27,112,48,46,9,82,114,61"/><U107/><E131/><V67/><F74/><W108/><G108/><T123/><D118/><U62/><E35/><V132/><F132/><W128/><G128/><T69/><D111/><U77/><E2/><V15/><F67/><W65/><G82/><T71/><D130/><U115/><E115/><V68/><F68/><W105/><G105/><T129/><D129/><U121/><E121/><V50/><F50/><W126/><G126/><T89/><D56/><U38/><E38/><V42/><F125/><W52/><G114/><T45/><D124/><U30/><E107/><V84/><F6/><W39/><G112/><T72/><D45/><N who="1" m="25775" /><E106/><V20/><F117/><W110/><G110/><T87/><D69/><U116/><E116/><V104/><F104/><W86/><G39/><T102/><D71/><U63/><E30/><V19/><F119/><W31/><G86/><T100/><D123/><U135/><E135/><V54/><F42/><W33/><G34/><T17/><D8/><N who="1" m="4103" /><E22/><V43/><F43/><W73/><G73/><N who="0" m="43023" /><D10/><U7/><E7/><V5/><F5/><W36/><G9/><T96/><D17/><U97/><E97/><V99/><F99/><W88/><G37/><T66/><D66/><U18/><E18/><V23/><REACH who="2" step="1"/><F28/><REACH who="2" ten="210,230,220,330" step="2"/><W57/><G36/><T120/><D120/><U133/><E133/><V14/><F14/><W101/><G65/><T134/><D134/><U59/><E77/><V127/><F127/><W40/><G40/><T75/><D79/><U32/><E32/><V109/><F109/><W122/><G122/><T98/><D98/><U78/><E78/><RYUUKYOKU ba="0,1" sc="210,10,230,10,220,10,330,-30" hai0="72,75,87,89,92,93,96,100,102,103" hai1="59,60,62,63,83,85,90" hai2="0,1,15,16,19,20,23,25,47,51,54,84,91" /><INIT seed="1,1,1,2,1,127" ten="220,240,230,300" oya="1" hai0="3,69,80,57,99,134,101,130,44,40,133,123,2" hai1="42,96,65,9,50,76,36,18,38,111,10,29,108" hai2="24,104,64,52,89,95,86,37,103,7,55,106,0" hai3="77,56,113,91,33,51,28,70,60,58,90,114,31"/><U45/><E29/><V107/><F37/><W73/><G70/><T62/><D69/><U121/><E121/><V67/><F103/><W11/><G11/><T83/><D123/><U30/><E65/><V43/><F43/><W53/><G73/><T132/><D2/><U22/><E30/><V68/><F7/><W79/><G33/><T85/><D3/><U122/><E122/><V54/><F0/><W20/><G20/><T87/><D130/><U41/><E76/><V110/><F68/><W23/><G23/><T98/><D83/><U17/><E96/><N who="0" m="36905" /><D101/><U13/><E10/><V92/><F92/><W135/><G135/><T15/><D15/><U105/><E105/><V72/><F72/><W124/><G124/><T6/><D80/><U129/><E129/><V128/><F128/><W75/><G75/><T32/><D32/><U12/><REACH who="1" step="1"/><E42/><REACH who="1" ten="220,230,230,300" step="2"/><V8/><F8/><W119/><G31/><T27/><D133/><U84/><E84/><V34/><F34/><W102/><G28/><T39/><D134/><U78/><E78/><V94/><F67/><W14/><G77/><T120/><D132/><U46/><E46/><V88/><F64/><W5/><G79/><T16/><D120/><U48/><E48/><V1/><F104/><W82/><G51/><T81/><D87/><U97/><E97/><V112/><F86/><W71/><G102/><T47/><D47/><U116/><E116/><V59/><F107/><W131/><G119/><T109/><D85/><U61/><E61/><V126/><F106/><W35/><G131/><T118/><D118/><U93/><E93/><RYUUKYOKU ba="1,2" sc="220,-10,230,30,230,-10,300,-10" hai1="9,12,13,17,18,22,36,38,41,45,50,108,111" /><INIT seed="1,2,2,3,5,88" ten="210,260,220,290" oya="1" hai0="104,3,57,83,79,16,73,69,84,0,77,118,89" hai1="42,117,130,15,31,6,114,67,120,14,121,72,26" hai2="106,133,54,111,98,74,33,56,4,125,68,18,112" hai3="29,86,110,78,30,55,38,43,132,46,53,39,41"/><U61/><E114/><V108/><F112/><W128/><G110/><N who="2" m="42025" /><F68/><W135/><G128/><T103/><D69/><U92/><E130/><V99/><F74/><W62/><G86/><T70/><D70/><U8/><E72/><V100/><F33/><W24/><G78/><T40/><D118/><U10/><E117/><V109/><F4/><W105/><G105/><T19/><D40/><U115/><E42/><V113/><F113/><W17/><G17/><T81/><D57/><U21/><E115/><V34/><F34/><W60/><G24/><T119/><D119/><U63/><E67/><V87/><F87/><W27/><G27/><T49/><D49/><U127/><E127/><V5/><F5/><W76/><G76/><T11/><D77/><U94/><E121/><V66/><F66/><W28/><G28/><T7/><REACH who="0" step="1"/><D0/><REACH who="0" ten="200,260,220,290" step="2"/><U122/><E120/><V80/><F109/><W129/><G129/><T96/><AGARI ba="2,3" hai="3,7,11,16,19,73,79,81,83,84,89,96,103,104" machi="96" ten="30,8000,1" yaku="1,1,2,1,0,1,54,1,53,1" doraHai="88" doraHaiUra="75" who="0" fromWho="0" sc="200,116,260,-42,220,-22,290,-22" /><INIT seed="2,0,0,2,3,55" ten="316,218,198,268" oya="2" hai0="58,108,34,109,82,71,97,95,5,44,110,20,18" hai1="22,59,6,16,130,1,15,92,21,27,17,89,11" hai2="52,68,85,28,101,56,104,80,118,121,67,36,73" hai3="81,69,131,112,123,0,19,132,126,12,43,57,127"/><V53/><F118/><W116/><G81/><T76/><D71/><U122/><E130/><V106/><F121/><W3/><G12/><T111/><D34/><U72/><E72/><V42/><F73/><W50/><G19/><T74/><D5/><U41/><E122/><V88/><F28/><W2/><G69/><T83/><D44/><U9/><E41/><V94/><F68/><W37/><G123/><T23/><N who="0" m="27648" /><DORA hai="51" /><T124/><D124/><N who="3" m="47657" /><G116/><T65/><D82/><U113/><E113/><V4/><F36/><W46/><G112/><T30/><D30/><U128/><E128/><V7/><F42/><W79/><G79/><T99/><D99/><U62/><E1/><V77/><F104/><W117/><G117/><T125/><D125/><U87/><E6/><N who="2" m="2091" /><F106/><W13/><G13/><T60/><REACH who="0" step="1"/><D18/><REACH who="0" ten="306,218,198,268" step="2"/><U14/><REACH who="1" step="1"/><E27/><REACH who="1" ten="306,208,198,268" step="2"/><V86/><F101/><AGARI ba="0,2" hai="20,23,58,60,65,74,76,83,95,97,101" m="27648" machi="101" ten="70,8000,1" yaku="1,1,2,1,14,1,52,1,53,0" doraHai="55,51" doraHaiUra="25,100" who="0" fromWho="2" sc="306,100,208,0,198,-80,268,0" /><INIT seed="3,0,0,2,4,26" ten="406,208,118,268" oya="3" hai0="45,94,60,103,118,91,113,132,76,51,129,30,50" hai1="95,23,102,112,39,107,46,5,57,97,38,66,88" hai2="25,135,86,71,96,73,123,100,89,79,74,24,37" hai3="122,109,62,104,12,87,63,120,131,106,6,4,105"/><W81/><G131/><T55/><D118/><U2/><E112/><V83/><F37/><W41/><G41/><T48/><D129/><U72/><E2/><V47/><F71/><W19/><G109/><T11/><D132/><U43/><E5/><V69/><F69/><W0/><G0/><T44/><D113/><U70/><E70/><V15/><F135/><W121/><G4/><T34/><D76/><U53/><E66/><V58/><F123/><W27/><G6/><T117/><D117/><U111/><E72/><V92/><F47/><W9/><REACH who="3" step="1"/><G27/><REACH who="3" ten="406,208,118,258" step="2"/><T8/><D11/><U67/><E111/><V128/><F128/><W85/><G85/><T20/><D8/><U17/><E39/><V33/><F73/><W28/><G28/><T84/><D30/><U116/><E116/><V77/><F25/><W75/><G75/><T82/><D84/><U35/><E38/><V32/><F24/><W134/><G134/><T101/><D20/><U114/><E114/><V99/><F32/><W21/><G21/><T1/><D34/><U80/><E35/><V13/><F33/><W78/><AGARI ba="0,1" hai="9,12,19,62,63,78,81,87,104,105,106,120,121,122" machi="78" ten="40,3900,0" yaku="1,1,0,1,53,0" doraHai="26" doraHaiUra="49" who="3" fromWho="3" sc="406,-13,208,-13,118,-13,258,49" /><INIT seed="3,1,0,0,1,15" ten="393,195,105,307" oya="3" hai0="115,134,128,131,114,27,46,25,10,44,21,122,103" hai1="125,43,105,41,9,18,50,8,76,13,121,73,60" hai2="65,37,52,69,72,32,49,119,80,129,17,56,104" hai3="53,98,61,23,63,16,75,54,79,39,7,81,102"/><W123/><G39/><T5/><D103/><U126/><E121/><V96/><F119/><W45/><G123/><T24/><D122/><U112/><E105/><V127/><F32/><W2/><G7/><T1/><D44/><U14/><E73/><V93/><F37/><W34/><G2/><T31/><D46/><U130/><E76/><V87/><F129/><N who="0" m="49738" /><D134/><U113/><E130/><V26/><F127/><N who="1" m="48649" /><E60/><V117/><F72/><W59/><G34/><T118/><D118/><U58/><E58/><V28/><F104/><W101/><G98/><T94/><D94/><U107/><E107/><V86/><F117/><W51/><G63/><T6/><D6/><N who="1" m="3223" /><E50/><V91/><F69/><W92/><G92/><T4/><D5/><U135/><E135/><V109/><F109/><W48/><G61/><T20/><D27/><AGARI ba="1,0" hai="16,23,27,45,48,51,53,54,59,75,79,81,101,102" machi="27" ten="30,5800,0" yaku="7,1,52,1,54,1" doraHai="15" who="3" fromWho="0" sc="393,-61,195,0,105,0,307,61" /><INIT seed="3,2,0,3,4,105" ten="332,195,105,368" oya="3" hai0="133,12,18,65,91,111,82,27,16,118,70,30,121" hai1="69,22,124,123,5,8,116,112,72,122,90,9,57" hai2="20,85,25,49,117,75,50,130,19,10,77,87,100" hai3="45,26,47,119,1,33,109,104,98,74,36,4,53"/><W6/><G119/><T73/><D118/><U97/><E116/><V61/><F117/><RYUUKYOKU type="kaze4" ba="2,0" sc="332,0,195,0,105,0,368,0" /><INIT seed="3,3,0,3,1,40" ten="332,195,105,368" oya="3" hai0="45,109,61,28,32,39,65,5,44,35,110,95,122" hai1="4,102,121,10,18,33,34,64,125,124,112,15,97" hai2="96,129,59,123,75,73,8,74,93,49,127,6,0" hai3="50,17,120,98,78,87,101,81,86,99,116,37,118"/><W111/><G37/><T88/><D122/><U103/><E121/><V91/><F123/><W134/><G120/><T76/><D5/><U26/><E112/><V57/><F129/><W13/><G134/><T71/><D39/><U30/><E102/><V72/><N who="2" m="18432" /><DORA hai="36" /><V60/><F127/><W68/><G68/><T25/><D76/><U63/><E34/><V107/><F107/><W83/><G111/><N who="0" m="42507" /><D32/><U85/><E85/><AGARI ba="3,0" hai="25,28,35,44,45,61,65,71,85,88,95" m="42507" machi="85" ten="30,7700,0" yaku="14,1,52,2,54,1" doraHai="40,36" who="0" fromWho="1" sc="332,86,195,-86,105,0,368,0" /><INIT seed="4,0,0,4,3,25" ten="418,109,105,368" oya="0" hai0="114,61,54,104,43,0,17,70,79,123,103,76,44" hai1="28,37,72,87,5,94,19,95,82,59,129,84,112" hai2="55,83,63,20,74,85,124,56,91,27,75,134,110" hai3="22,66,38,9,23,52,6,48,41,50,113,7,71"/><T78/><D123/><U102/><E37/><V122/><F110/><W77/><G113/><T31/><D0/><U90/><E5/><V4/><F134/><W51/><G77/><T116/><D116/><U121/><E19/><V14/><F124/><W30/><G38/><T105/><D114/><U68/><E68/><V89/><F122/><W88/><G71/><T65/><D103/><U101/><E112/><V86/><F14/><W92/><G66/><T15/><D54/><U40/><E40/><V98/><F4/><N who="3" m="1579" /><G9/><T46/><D46/><U127/><E59/><V39/><F39/><W73/><G73/><T117/><D117/><U64/><E64/><V69/><F69/><W49/><G41/><T45/><D44/><U115/><E121/><V29/><REACH who="2" step="1"/><F98/><REACH who="2" ten="418,109,95,368" step="2"/><N who="3" m="57607" /><G30/><T36/><REACH who="0" step="1"/><D31/><REACH who="0" ten="408,109,95,368" step="2"/><U12/><E28/><V24/><F24/><W132/><G132/><T2/><D2/><U33/><E115/><V1/><F1/><W10/><G10/><AGARI ba="0,2" hai="10,15,17,36,43,45,61,65,70,76,78,79,104,105" machi="10" ten="40,3900,0" yaku="1,1,53,1" doraHai="25" doraHaiUra="57" who="0" fromWho="3" sc="408,59,109,0,95,0,368,-39" /><INIT seed="4,1,0,2,5,36" ten="467,109,95,329" oya="0" hai0="74,71,11,29,58,10,24,127,118,93,40,39,66" hai1="27,79,54,7,61,111,6,128,87,25,55,5,13" hai2="4,0,77,130,60,62,94,97,92,15,82,125,53" hai3="46,59,26,99,72,47,123,18,64,102,124,131,81"/><T109/><D118/><U45/><E111/><V41/><F0/><W101/><G124/><T44/><D74/><U16/><E128/><V86/><F125/><W23/><G131/><T20/><D127/><U135/><E135/><V35/><F35/><W132/><G132/><T30/><D109/><U103/><E103/><V113/><F113/><W31/><G123/><T100/><D71/><U91/><E79/><V75/><F75/><W17/><G81/><T95/><D29/><U70/><E70/><V19/><F4/><W104/><G101/><T28/><D30/><U114/><E114/><V110/><F110/><W14/><G72/><T63/><D95/><U69/><E69/><V68/><F68/><W78/><G78/><T76/><D76/><U73/><E73/><V51/><F92/><W56/><G56/><T67/><D66/><U34/><E34/><V57/><F130/><W96/><G18/><T33/><D33/><U49/><E61/><V83/><F83/><W85/><G85/><T48/><D39/><U80/><REACH who="1" step="1"/><E55/><REACH who="1" ten="467,99,95,329" step="2"/><V12/><F12/><W84/><G102/><T108/><D108/><U121/><E121/><V105/><F105/><W22/><G104/><T133/><D133/><U98/><E98/><AGARI ba="1,1" hai="10,11,20,24,28,40,44,48,58,63,67,93,98,100" machi="98" ten="40,12000,1" yaku="25,2,8,1,52,1" doraHai="36" who="0" fromWho="1" sc="467,133,99,-123,95,0,329,0" owari="600,69.0,-24,-52.0,95,-30.0,329,13.0" /></mjloggm>