<mjloggm ver="2.3"><GO type="169" lobby="0"/><UN n0="%E3%81%8F%E3%82%8D%E3%82%80%EF%BC%81" n1="%E7%9C%9F%E4%B8%80" n2="%4B%69%74%61%6D%75%72%61" n3="%E3%81%84%E3%81%8A%E3%81%84%E3%81%8A" dan="17,16,17,16" rate="2222.70,2149.26,2167.49,2074.53" sx="F,M,F,M"/><TAIKYOKU oya="0"/><INIT seed="0,0,0,4,4,84" ten="250,250,250,250" oya="0" hai0="119,105,27,114,61,132,48,92,97,113,90,70,3" hai1="129,58,104,20,53,73,69,45,63,86,82,134,23" hai2="130,39,29,122,123,68,107,6,66,124,102,99,111" hai3="31,43,80,91,26,109,46,87,40,22,42,56,65"/><T0/><D119/><U15/><E129/><V100/><F130/><W79/><G109/><T49/><D132/><U36/><E134/><V16/><F111/><W9/><G9/><T95/><D105/><U34/><E34/><V59/><F39/><W28/><G28/><T88/><D27/><U96/><E73/><V14/><F68/><W30/><G30/><T76/><D76/><U62/><E15/><V112/><F112/><W135/><G135/><T12/><D12/><U72/><E72/><V94/><F124/><W71/><G71/><T41/><D41/><U52/><E104/><V108/><F6/><W18/><G31/><T74/><D74/><U110/><E110/><V81/><F81/><W5/><G5/><T1/><D70/><U25/><E96/><V106/><F29/><W55/><G65/><T83/><D61/><U10/><E10/><V2/><F2/><W64/><G64/><T126/><D83/><U77/><E25/><V35/><F35/><W67/><G67/><T117/><D117/><U4/><E4/><V115/><F115/><W8/><G8/><T7/><D7/><U50/><E36/><V13/><F13/><W128/><G128/><T98/><D126/><U38/><E38/><V85/><F108/><W19/><G19/><T120/><D0/><U51/><E69/><V121/><F16/><W33/><G33/><T24/><D24/><U133/><E133/><V54/><F14/><W89/><G46/><T127/><D127/><U60/><AGARI ba="0,0" hai="20,23,45,50,51,52,53,58,60,62,63,77,82,86" machi="60" ten="30,4000,0" yaku="0,1,8,1,54,1" doraHai="84" who="1" fromWho="1" sc="250,-20,250,40,250,-10,250,-10" /><INIT seed="1,0,0,1,1,49" ten="230,290,240,240" oya="1" hai0="0,58,13,84,83,38,40,45,71,129,131,32,22" hai1="68,23,106,56,127,124,33,97,92,78,46,55,18" hai2="25,75,57,39,10,135,41,87,125,109,130,133,121" hai3="53,94,24,134,89,16,19,114,128,104,90,96,76"/><U54/><E68/><V51/><F75/><W2/><G2/><T73/><D32/><U35/><E106/><V43/><F121/><W100/><G114/><T6/><D71/><U62/><E78/><V11/><F39/><W80/><G128/><N who="0" m="49227" /><D73/><U72/><E72/><V21/><F130/><W122/><G122/><T44/><D58/><U79/><E79/><V47/><F43/><W112/><G112/><T31/><D44/><U107/><E107/><V30/><F109/><W7/><G7/><T123/><D123/><U69/><E69/><V115/><F125/><N who="1" m="48201" /><E46/><V12/><F115/><W91/><G134/><T26/><D0/><U3/><E3/><V5/><F11/><W81/><G81/><T85/><D83/><U52/><E35/><V99/><F87/><N who="3" m="48519" /><G104/><T28/><D85/><U117/><E117/><V98/><F135/><W66/><G66/><T50/><D84/><U126/><E33/><V15/><F133/><W20/><G19/><N who="0" m="12639" /><D38/><U118/><E118/><V77/><F77/><W8/><G8/><AGARI ba="0,0" hai="6,8,13,28,31,40,45,50" m="12639,49227" machi="8" ten="30,1000,0" yaku="19,1" doraHai="49" who="0" fromWho="3" sc="230,10,290,0,240,0,240,-10" /><INIT seed="2,0,0,5,3,120" ten="240,290,240,230" oya="2" hai0="72,16,67,10,65,96,23,11,15,129,9,70,68" hai1="75,74,44,128,0,78,85,8,92,38,22,100,41" hai2="13,132,87,14,133,25,63,29,109,45,50,73,37" hai3="19,123,28,80,55,117,39,112,116,30,77,24,121"/><V107/><F73/><W20/><G39/><T110/><D72/><U119/><E119/><N who="3" m="45642" /><G55/><T131/><D96/><U58/><E128/><V104/><F37/><W99/><G99/><T59/><D110/><U97/><E58/><V89/><F63/><W27/><G80/><T106/><D106/><U33/><E33/><V113/><F113/><W17/><G77/><T95/><D95/><U135/><E135/><N who="2" m="51787" /><F109/><W52/><G52/><T47/><D47/><U46/><E22/><N who="2" m="15543" /><F107/><W26/><G112/><T90/><D90/><U53/><E85/><V134/><F104/><W12/><G19/><T125/><D59/><U71/><E71/><N who="0" m="27177" /><D125/><U18/><E74/><V114/><N who="2" m="51795" /><V115/><DORA hai="35" /><F115/><W94/><G94/><T21/><D67/><U61/><E75/><V91/><F114/><W84/><G84/><T126/><D126/><U122/><E61/><V88/><F87/><W101/><G101/><T31/><D65/><U36/><E36/><V49/><F49/><W111/><G111/><T76/><D76/><U60/><E78/><V56/><F56/><W98/><G98/><T102/><D102/><U43/><E97/><V130/><F130/><W57/><G57/><T42/><D42/><AGARI ba="0,0" hai="13,14,42,45,50,88,89,91" m="15543,51795" machi="42" ten="40,3900,0" yaku="20,1,54,1" doraHai="120,35" who="2" fromWho="0" sc="240,-39,290,0,240,39,230,0" /><INIT seed="2,1,0,0,2,110" ten="201,290,279,230" oya="2" hai0="2,68,6,127,29,34,54,79,74,112,23,130,4" hai1="48,115,39,1,125,20,103,118,75,71,15,131,121" hai2="62,38,10,78,126,24,66,46,113,117,5,19,64" hai3="101,96,33,69,55,89,57,52,114,102,26,83,84"/><V76/><F117/><W94/><G69/><T51/><D112/><U3/><RYUUKYOKU type="yao9" ba="1,0" sc="201,0,290,0,279,0,230,0" hai1="1,3,15,20,39,48,71,75,103,115,118,121,125,131" /><INIT seed="2,2,0,0,2,4" ten="201,290,279,230" oya="2" hai0="24,69,84,54,12,34,32,64,115,2,45,66,93" hai1="46,85,102,48,104,94,107,75,55,65,101,26,47" hai2="52,128,111,70,58,71,129,40,1,131,98,36,125" hai3="123,78,118,114,83,76,23,86,60,5,16,17,110"/><V19/><F1/><W44/><G123/><T109/><D2/><U117/><E75/><V130/><N who="2" m="32768" /><DORA hai="126" /><V92/><F125/><W67/><G118/><T39/><D115/><U74/><E74/><V14/><F111/><W51/><G5/><T79/><D109/><U62/><E107/><V133/><F133/><W90/><G114/><T53/><D34/><U9/><E104/><V91/><F40/><W21/><G110/><T95/><D69/><U35/><E47/><V96/><F96/><W3/><G3/><T43/><D12/><U30/><E117/><V87/><F98/><W116/><G116/><T121/><D121/><U77/><E9/><N who="2" m="6607" /><F36/><W13/><G60/><AGARI ba="2,0" hai="52,58,60,70,71,87,91,92" m="6607,32768" machi="60" ten="60,18000,2" yaku="19,1,52,5,54,1" doraHai="4,126" who="2" fromWho="3" sc="201,0,290,0,279,186,230,-186" /><INIT seed="2,3,0,4,3,33" ten="201,290,465,44" oya="2" hai0="92,62,30,119,40,85,21,59,63,96,56,52,70" hai1="129,39,99,50,112,2,35,103,42,122,105,133,67" hai2="64,88,87,19,118,125,100,13,55,22,71,36,54" hai3="111,131,10,95,69,72,126,8,6,121,26,110,20"/><V58/><F118/><W4/><G69/><T106/><D119/><U0/><E50/><V104/><F36/><W109/><G72/><T80/><D106/><U134/><E112/><V65/><F125/><W68/><G68/><T60/><D40/><U31/><E67/><V61/><F104/><W93/><G121/><T114/><D114/><U38/><E129/><V101/><F65/><W17/><G131/><T75/><D75/><U135/><E122/><V28/><F28/><W9/><G126/><T73/><D73/><U83/><E83/><V82/><REACH who="2" step="1"/><F55/><REACH who="2" ten="201,290,455,44" step="2"/><W94/><AGARI ba="3,1" hai="4,6,8,9,10,17,20,26,93,94,95,109,110,111" machi="94" ten="40,8000,1" yaku="0,1,29,2,14,1" doraHai="33" who="3" fromWho="3" sc="201,-23,290,-23,455,-43,44,99" /><INIT seed="3,0,0,1,2,44" ten="178,267,412,143" oya="3" hai0="93,60,110,85,102,40,37,124,61,51,10,17,31" hai1="65,4,126,28,19,95,92,114,67,79,9,116,74" hai2="11,2,125,119,99,64,121,5,78,134,106,75,118" hai3="96,117,26,101,72,42,132,46,83,25,135,63,129"/><W16/><G117/><T100/><D110/><U12/><E116/><V3/><F3/><W91/><G129/><T34/><D124/><U90/><E126/><V104/><F125/><W14/><G63/><T0/><D37/><U33/><E114/><V56/><F56/><W20/><G91/><N who="0" m="53487" /><D0/><U45/><E95/><V86/><F86/><W109/><G83/><T21/><D34/><U88/><E90/><V84/><F84/><W49/><G72/><T52/><D40/><U24/><E45/><V113/><F113/><W69/><G69/><T66/><D10/><U89/><E89/><V108/><F108/><W1/><G1/><T103/><D31/><U82/><REACH who="1" step="1"/><E4/><REACH who="1" ten="178,257,412,143" step="2"/><V80/><F5/><W98/><G109/><T130/><D130/><U36/><E36/><V105/><F105/><W13/><G101/><T87/><D66/><U27/><E27/><N who="3" m="10250" /><G13/><N who="0" m="9391" /><D87/><AGARI ba="0,1" hai="9,12,19,24,28,33,65,67,74,79,82,87,88,92" machi="87" ten="30,3900,0" yaku="1,1,7,1,54,1,53,0" doraHai="44" doraHaiUra="55" who="1" fromWho="0" sc="178,-39,257,49,412,0,143,0" /><INIT seed="4,0,0,1,3,57" ten="139,306,412,143" oya="0" hai0="117,59,82,83,133,20,3,71,90,21,118,115,49" hai1="51,28,5,16,0,14,40,88,67,24,41,125,87" hai2="48,4,72,80,110,128,94,84,27,66,61,52,18" hai3="30,1,29,78,12,32,91,85,6,116,69,47,130"/><T42/><D71/><U131/><E131/><V96/><F72/><W86/><G116/><T60/><D3/><U120/><E120/><V127/><F110/><W112/><G112/><T34/><D115/><U2/><E125/><V119/><F4/><W95/><G69/><T108/><D34/><U81/><E67/><V104/><F104/><W114/><G1/><T74/><D108/><U89/><E0/><V45/><F128/><W100/><G32/><T134/><D49/><U26/><E2/><V107/><F107/><W46/><G130/><T65/><D42/><N who="1" m="16491" /><E5/><V35/><F127/><W79/><G114/><T43/><D43/><U54/><E89/><V97/><F94/><W124/><G124/><T135/><D90/><U13/><E13/><V9/><F119/><N who="0" m="45578" /><D74/><U56/><E28/><V37/><F37/><W99/><G79/><T10/><D10/><AGARI ba="0,0" hai="10,14,16,24,26,51,54,56,81,87,88" m="16491" machi="10" ten="30,3900,0" yaku="8,1,54,2" doraHai="57" who="1" fromWho="0" sc="139,-39,306,39,412,0,143,0" /><INIT seed="5,0,0,4,0,130" ten="100,345,412,143" oya="1" hai0="45,80,99,32,67,11,9,18,109,93,64,48,84" hai1="102,13,46,91,85,4,120,39,119,62,41,100,92" hai2="24,133,114,68,117,35,0,111,1,123,15,101,14" hai3="65,54,21,47,86,82,89,6,17,23,27,25,115"/><U59/><E119/><V125/><RYUUKYOKU type="yao9" ba="0,0" sc="100,0,345,0,412,0,143,0" hai2="0,1,14,15,24,35,68,101,111,114,117,123,125,133" /><INIT seed="5,1,0,5,4,14" ten="100,345,412,143" oya="1" hai0="94,104,130,121,11,28,59,88,123,134,119,90,23" hai1="126,37,93,87,112,131,117,76,64,32,81,84,15" hai2="70,51,26,73,60,19,114,85,91,63,52,48,79" hai3="17,7,95,49,128,83,105,3,82,100,16,108,135"/><U101/><E117/><V20/><F73/><W115/><G108/><T98/><D119/><U34/><E37/><V66/><F79/><W4/><G105/><T18/><D130/><U55/><E112/><V72/><F72/><W9/><G9/><T43/><D134/><U127/><E131/><V44/><F114/><W27/><G27/><T113/><D113/><U109/><E109/><V68/><F51/><W56/><G128/><T75/><D75/><U129/><E129/><V6/><F6/><N who="3" m="2091" /><G3/><T30/><D11/><U46/><E64/><V42/><F42/><W89/><G100/><T78/><D78/><U41/><E55/><V99/><F99/><N who="3" m="57839" /><G115/><T45/><D59/><U69/><E15/><V8/><F8/><W110/><G135/><T33/><D104/><U86/><E69/><V132/><F132/><W133/><G133/><T29/><D90/><U80/><E101/><V61/><REACH who="2" step="1"/><F70/><REACH who="2" ten="100,345,402,143" step="2"/><W122/><G122/><T12/><REACH who="0" step="1"/><D33/><REACH who="0" ten="90,345,402,143" step="2"/><U54/><E34/><V35/><F35/><W36/><G110/><T21/><D21/><U77/><E32/><V125/><F125/><W74/><G74/><T25/><D25/><U71/><E127/><V65/><F65/><W57/><G57/><T47/><D47/><U96/><E126/><V97/><F97/><W39/><G39/><AGARI ba="1,2" hai="12,18,23,28,29,30,39,43,45,88,94,98,121,123" machi="39" ten="40,12000,2" yaku="1,1,52,1,54,1,53,3" doraHai="14" doraHaiUra="24" who="0" fromWho="3" sc="90,143,345,0,402,0,143,-123" /><INIT seed="6,0,0,5,5,11" ten="233,345,402,20" oya="2" hai0="105,109,122,125,56,66,69,111,113,71,83,17,54" hai1="135,128,32,37,79,1,94,133,132,115,72,95,29" hai2="40,38,52,121,49,5,78,10,22,33,103,47,68" hai3="117,51,82,53,26,118,28,41,19,61,21,2,35"/><V8/><F121/><W92/><G2/><T131/><D105/><U129/><E37/><V101/><F33/><W97/><G41/><T126/><D83/><N who="1" m="45543" /><E1/><V20/><F68/><W48/><G82/><T6/><D17/><U34/><E29/><V7/><F78/><W30/><G61/><T15/><D15/><U50/><E50/><V130/><F130/><N who="1" m="50281" /><E34/><V127/><F127/><W100/><G30/><T63/><D6/><U76/><E32/><V98/><F7/><W110/><G110/><T102/><D102/><U114/><E76/><V43/><F10/><W45/><REACH who="3" step="1"/><G48/><REACH who="3" ten="233,345,402,10" step="2"/><N who="0" m="30791" /><D131/><U31/><E31/><V13/><F43/><W116/><G116/><T46/><D111/><U81/><E81/><V120/><F40/><W104/><G104/><T60/><D109/><U23/><E23/><V9/><F22/><W57/><G57/><N who="0" m="37135" /><D125/><U25/><E25/><AGARI ba="0,1" hai="19,21,25,26,28,35,45,51,53,92,97,100,117,118" machi="25" ten="30,2000,0" yaku="1,1,7,1,53,0" doraHai="11" doraHaiUra="108" who="3" fromWho="1" sc="233,0,345,-20,402,0,10,30" /><INIT seed="7,0,0,0,4,68" ten="233,325,402,40" oya="3" hai0="86,114,82,55,116,83,53,115,129,74,75,36,87" hai1="84,110,76,8,73,21,25,77,59,92,37,35,17" hai2="85,112,95,22,23,108,71,31,48,80,4,29,69" hai3="60,79,126,128,93,132,14,81,18,120,124,10,16"/><W58/><G120/><T42/><D42/><U28/><E110/><V3/><F108/><W26/><G128/><T43/><D43/><U109/><E109/><V0/><F95/><W65/><G132/><T52/><D129/><U133/><E133/><V91/><F112/><N who="0" m="43050" /><D36/><U11/><E73/><N who="0" m="27657" /><D116/><U72/><E72/><V5/><F71/><W51/><G51/><T135/><D135/><U1/><E37/><V101/><F69/><W40/><G40/><T98/><D98/><U105/><E105/><V64/><F48/><W34/><G93/><T94/><D94/><U19/><E19/><V90/><F5/><W39/><G39/><T130/><D130/><U97/><E11/><V30/><F4/><W49/><G49/><T78/><D78/><U2/><E84/><AGARI ba="0,0" hai="52,53,55,82,83,84,86,87" m="27657,43050" machi="84" ten="40,8000,1" yaku="28,2,15,1,11,1,54,1" doraHai="68" who="0" fromWho="1" sc="233,80,325,-80,402,0,40,0" owari="313,11.0,245,-15.0,402,50.0,40,-46.0" /></mjloggm>