<mjloggm ver="2.3"><GO type="225" lobby="0"/><UN n0="%49%4D%41%49" n1="%E5%84%AA%40%41%42%43" n2="%48%61%61%61%6C%61%6E%64" n3="%E7%AB%8B%E8%8A%B1%E9%9F%BF" dan="16,17,17,17" rate="2020.63,2201.99,2104.08,2164.36" sx="M,M,M,F"/><TAIKYOKU oya="0"/><INIT seed="0,0,0,0,3,105" ten="250,250,250,250" oya="0" hai0="79,74,0,82,88,15,4,67,5,30,73,103,127" hai1="130,117,58,10,116,6,43,45,22,106,32,100,1" hai2="118,132,46,48,12,120,13,27,125,97,16,92,80" hai3="42,134,81,102,50,133,126,78,68,38,7,72,123"/><T59/><D0/><U64/><E22/><N who="2" m="13767" /><F120/><W129/><G123/><T101/><D127/><U28/><E58/><V110/><F125/><W51/><G126/><T135/><D135/><N who="3" m="51721" /><G129/><T86/><D30/><U108/><E64/><V29/><F132/><W44/><G68/><T47/><D47/><U89/><E89/><N who="2" m="55439" /><F110/><W61/><G61/><T55/><D67/><U122/><E108/><V36/><F36/><W69/><G69/><T75/><D79/><U23/><E23/><V85/><F29/><W11/><G102/><T35/><D35/><U34/><E130/><V111/><F118/><N who="1" m="45673" /><E28/><V31/><F31/><W40/><G40/><T124/><D124/><U63/><E63/><V121/><F121/><W49/><G49/><T90/><D90/><U19/><E19/><V98/><F111/><W2/><AGARI ba="0,0" hai="2,7,11,38,42,44,50,51,72,78,81" m="51721" machi="2" ten="30,4000,0" yaku="25,1,20,1,52,1" doraHai="105" who="3" fromWho="3" sc="250,-20,250,-10,250,-10,250,40" /><INIT seed="1,0,0,1,1,27" ten="230,240,240,290" oya="1" hai0="28,41,73,77,68,96,66,118,0,57,25,30,110" hai1="14,9,42,82,84,92,116,91,43,33,115,35,46" hai2="128,106,65,135,1,61,48,76,102,13,103,127,111" hai3="39,80,54,37,87,86,131,67,11,60,17,5,74"/><U104/><E104/><V40/><F1/><W32/><G32/><T97/><D118/><U105/><E105/><V49/><F111/><W122/><G122/><T85/><D73/><U78/><E42/><V98/><F127/><W24/><G74/><T64/><D68/><U12/><E12/><V52/><F128/><W63/><G87/><T8/><D110/><U47/><E47/><V75/><F135/><W119/><G131/><T120/><D120/><U19/><E115/><V130/><F103/><W121/><G119/><T31/><D41/><U129/><E129/><V134/><F134/><W2/><G54/><T100/><D25/><U7/><E19/><V20/><F40/><W62/><G67/><N who="0" m="25643" /><D0/><U38/><REACH who="1" step="1"/><E116/><REACH who="1" ten="230,230,240,290" step="2"/><V16/><F130/><W123/><G121/><T90/><D8/><U99/><AGARI ba="0,1" hai="7,9,14,33,35,38,43,46,78,82,84,91,92,99" machi="99" ten="20,12000,1" yaku="1,1,2,1,0,1,7,1,53,1" doraHai="27" doraHaiUra="89" who="1" fromWho="1" sc="230,-40,230,130,240,-40,290,-40" /><INIT seed="1,1,0,0,3,88" ten="190,360,200,250" oya="1" hai0="38,109,4,101,10,61,23,34,104,113,114,124,48" hai1="68,82,11,60,17,120,89,31,90,52,19,80,45" hai2="50,8,49,46,81,33,121,12,118,72,130,100,64" hai3="41,127,122,1,70,37,62,47,107,14,56,63,28"/><U54/><E120/><V112/><F121/><W43/><G122/><T58/><D38/><U7/><E31/><V129/><F118/><W73/><G1/><T40/><D34/><U27/><E68/><V36/><F33/><W91/><G127/><T96/><D124/><U3/><E27/><V134/><F134/><W25/><G73/><T132/><D109/><U71/><E71/><V2/><F64/><W108/><G41/><T53/><D132/><U21/><E60/><V0/><F112/><W24/><G107/><T95/><D23/><U15/><E19/><V35/><F35/><W75/><G75/><T123/><D123/><U5/><E5/><V84/><F72/><W128/><G108/><T42/><D104/><U126/><E126/><V79/><F100/><W105/><G105/><T87/><D87/><U57/><E45/><V39/><F0/><W117/><G70/><T16/><D16/><U111/><E54/><N who="2" m="30007" /><F50/><W131/><G63/><T102/><D102/><U116/><E116/><V77/><F2/><W92/><G14/><N who="0" m="5447" /><D114/><U65/><E65/><V93/><F77/><W29/><G117/><T30/><D113/><U98/><E111/><V44/><F39/><W103/><G103/><T135/><D135/><U55/><E3/><V78/><F78/><W76/><G76/><T18/><D30/><N who="3" m="11881" /><G25/><T26/><D61/><N who="1" m="36007" /><E7/><N who="2" m="3103" /><F36/><W69/><G24/><T99/><D26/><U13/><E13/><V119/><F119/><W110/><G69/><T67/><D67/><U74/><E74/><N who="2" m="43255" /><F44/><W51/><G110/><T86/><D53/><U32/><E32/><V83/><F83/><RYUUKYOKU ba="1,0" sc="190,-10,360,-10,200,30,250,-10" hai2="84,93,129,130" /><INIT seed="2,2,0,3,4,78" ten="180,350,230,240" oya="2" hai0="51,80,114,16,45,56,23,97,20,15,92,88,117" hai1="47,131,126,4,28,40,65,103,86,132,42,100,26" hai2="91,13,14,95,84,120,43,98,41,93,17,127,89" hai3="33,21,59,60,44,72,107,18,50,74,68,69,73"/><V129/><F120/><W49/><G33/><T83/><D114/><U81/><E126/><V124/><F129/><W94/><G107/><T67/><D117/><U123/><E132/><V58/><F58/><W63/><G94/><T104/><D104/><U24/><E131/><V99/><F84/><W110/><G110/><T79/><D79/><N who="1" m="46399" /><E4/><V55/><F55/><W75/><N who="3" m="18432" /><DORA hai="133" /><W31/><G31/><T109/><D109/><U106/><E65/><V19/><AGARI ba="2,0" hai="13,14,17,19,41,43,89,91,93,95,98,99,124,127" machi="19" ten="25,12000,1" yaku="0,1,22,2,52,2" doraHai="78,133" who="2" fromWho="2" sc="180,-42,350,-42,230,126,240,-42" /><INIT seed="2,3,0,0,4,11" ten="138,308,356,198" oya="2" hai0="92,78,119,48,91,108,36,125,118,65,132,104,130" hai1="82,12,134,61,58,4,32,2,29,111,133,21,116" hai2="0,73,41,63,109,5,22,93,44,135,13,66,85" hai3="47,26,69,23,34,39,42,88,127,99,52,20,83"/><V15/><F73/><W24/><G69/><T33/><D36/><U115/><E115/><V45/><F135/><N who="1" m="51721" /><E116/><N who="0" m="44585" /><D33/><U6/><E111/><V38/><F109/><W75/><G127/><T57/><D132/><U76/><E32/><V9/><F22/><W123/><G123/><T54/><D108/><U7/><E2/><V117/><F117/><W94/><G75/><T60/><D104/><U3/><E29/><V95/><F45/><W37/><G37/><T86/><D125/><U74/><E3/><V19/><F85/><W27/><G34/><T126/><D126/><U121/><E121/><V28/><F28/><W102/><G83/><T67/><D130/><U46/><E46/><V30/><F30/><W107/><REACH who="3" step="1"/><G52/><REACH who="3" ten="138,308,356,188" step="2"/><N who="0" m="33831" /><D78/><U113/><E113/><V129/><F38/><W110/><G110/><T17/><D17/><N who="1" m="10407" /><E4/><V10/><F5/><W1/><G1/><T62/><D62/><U14/><E6/><N who="2" m="3255" /><F0/><W128/><G128/><T18/><D18/><U72/><E72/><V96/><F129/><W70/><G70/><T51/><D51/><U53/><E7/><V35/><F35/><W16/><G16/><T105/><D105/><U106/><E106/><V8/><F63/><W97/><AGARI ba="3,1" hai="20,23,24,26,27,39,42,47,88,94,97,99,102,107" machi="97" ten="30,4000,0" yaku="1,1,0,1,54,1,53,0" doraHai="11" doraHaiUra="122" who="3" fromWho="3" sc="138,-13,308,-13,356,-23,188,59" /><INIT seed="3,0,0,3,2,16" ten="125,295,333,247" oya="3" hai0="65,50,4,52,18,64,120,114,51,38,58,72,127" hai1="89,43,71,123,5,97,48,98,117,73,54,96,2" hai2="75,128,31,0,39,79,35,45,112,95,102,8,26" hai3="70,12,115,84,111,110,82,67,46,125,21,13,78"/><W36/><G115/><T94/><D72/><U42/><E123/><V33/><F112/><W93/><G125/><T126/><D114/><U129/><E71/><V105/><F95/><W92/><G70/><T3/><D94/><N who="3" m="36457" /><G67/><N who="0" m="25675" /><D18/><U56/><E73/><V19/><F128/><W41/><G21/><T100/><D4/><U62/><E117/><V86/><F35/><W27/><G27/><T118/><D3/><U22/><E129/><V20/><F39/><W108/><AGARI ba="0,0" hai="12,13,36,41,46,78,82,84,108,110,111" m="36457" machi="108" ten="40,3900,0" yaku="14,1,10,1" doraHai="16" who="3" fromWho="3" sc="125,-13,295,-13,333,-13,247,39" /><INIT seed="3,1,0,3,2,113" ten="112,282,320,286" oya="3" hai0="66,111,44,24,131,47,1,86,31,87,135,98,73" hai1="19,75,13,57,20,91,39,48,68,2,53,3,109" hai2="62,41,23,84,36,7,8,81,80,40,9,14,99" hai3="30,67,114,90,78,92,116,101,38,96,105,121,18"/><W134/><G114/><T63/><D1/><U72/><E109/><V49/><F36/><W122/><G38/><T115/><D73/><U112/><E112/><V74/><F74/><W51/><G30/><T100/><D115/><U42/><E72/><V45/><F23/><W104/><G67/><T126/><D111/><U25/><E75/><V61/><F41/><W35/><G35/><T76/><D126/><U27/><E27/><V33/><F33/><W110/><G110/><T56/><D131/><U103/><E103/><V58/><F58/><W95/><G18/><T54/><D135/><U88/><E68/><V120/><F120/><N who="3" m="46187" /><G51/><T97/><D97/><U4/><E2/><V82/><F99/><W71/><G71/><T59/><D76/><U127/><E3/><V22/><F84/><N who="3" m="52295" /><G134/><T106/><D47/><N who="1" m="25719" /><E127/><V0/><REACH who="2" step="1"/><F22/><REACH who="2" ten="112,282,310,286" step="2"/><W79/><G116/><T107/><D44/><U133/><E133/><V29/><F29/><W85/><G85/><T50/><D86/><U89/><E39/><V34/><F34/><W69/><G69/><T65/><D87/><U128/><E128/><V55/><F55/><W37/><G37/><T124/><D124/><U32/><E32/><V123/><F123/><W52/><G52/><T119/><D119/><U43/><E43/><V6/><AGARI ba="1,1" hai="0,6,7,8,9,14,40,45,49,61,62,80,81,82" machi="6" ten="30,2000,0" yaku="1,1,0,1,53,0" doraHai="113" doraHaiUra="125" who="2" fromWho="2" sc="112,-6,282,-6,310,33,286,-11" owari="106,-39.0,276,8.0,343,43.0,275,-12.0" /></mjloggm>