<mjloggm ver="2.3"><GO type="169" lobby="0"/><UN n0="%E3%81%8D%E3%82%83%E3%83%BC%E3%82%8D%E3%82%93" n1="%EF%BC%93%E7%95%AA%E3%82%B7%E3%83%A7%E3%83%BC%E3%83%88%E5%9D%82%E7%94%B0" n2="%4D%4C%5A%4E%55%2D%53%4B" n3="%52%35" dan="16,16,16,17" rate="2096.05,2121.75,2087.30,2181.05" sx="M,M,M,M"/><TAIKYOKU oya="0"/><INIT seed="0,0,0,1,1,55" ten="250,250,250,250" oya="0" hai0="123,51,43,29,106,60,116,56,32,3,74,40,111" hai1="94,46,101,57,99,13,15,97,121,7,62,70,63" hai2="5,76,93,54,98,45,14,28,84,122,96,39,124" hai3="12,37,59,23,95,8,27,85,125,118,18,79,64"/><T25/><D116/><U75/><E75/><V130/><F122/><W91/><G125/><T81/><D123/><U58/><E121/><V50/><F124/><W4/><G118/><T34/><D3/><U105/><E46/><V21/><F130/><W126/><G126/><T33/><D106/><U41/><E41/><V68/><F68/><W100/><G37/><T6/><D6/><U65/><E7/><V31/><F39/><W30/><G79/><T48/><D111/><U22/><E22/><V92/><F84/><W0/><G100/><T49/><D74/><U9/><E9/><V103/><F76/><W17/><REACH who="3" step="1"/><G0/><REACH who="3" ten="250,250,250,240" step="2"/><T1/><D1/><U2/><E2/><V47/><F103/><W19/><G19/><T36/><D81/><U133/><E133/><V72/><F28/><W82/><G82/><T83/><D83/><U77/><E77/><V90/><F31/><W108/><G108/><T135/><D135/><U71/><E71/><V115/><F115/><W127/><G127/><T129/><D129/><U114/><E70/><V26/><F90/><W38/><G38/><T119/><D119/><U44/><E114/><V87/><F72/><W110/><G110/><T35/><REACH who="0" step="1"/><D36/><REACH who="0" ten="240,250,250,240" step="2"/><U89/><REACH who="1" step="1"/><E44/><REACH who="1" ten="240,240,250,240" step="2"/><V112/><F45/><W88/><G88/><T132/><D132/><U61/><E61/><AGARI ba="0,3" hai="4,8,12,17,18,23,27,30,59,61,64,85,91,95" machi="61" ten="40,5200,0" yaku="1,1,8,1,52,1,53,0" doraHai="55" doraHaiUra="134" who="3" fromWho="1" sc="240,0,240,-52,250,0,240,82" /><INIT seed="1,0,0,0,2,40" ten="240,188,250,322" oya="1" hai0="25,135,133,15,121,90,83,56,16,29,84,60,34" hai1="85,59,24,20,76,3,18,19,110,2,114,0,97" hai2="112,61,113,129,13,126,88,131,86,41,111,30,21" hai3="124,109,57,100,42,17,50,128,26,63,31,108,66"/><U38/><E38/><V95/><F111/><W75/><G75/><T134/><D121/><U122/><E122/><V1/><F1/><W94/><G17/><T105/><D105/><U116/><E114/><N who="2" m="44139" /><F126/><W104/><G104/><T119/><D119/><U48/><E116/><V67/><F41/><W11/><G11/><T106/><D106/><U44/><E110/><V27/><F13/><W118/><G118/><T79/><D79/><U127/><E127/><V74/><F74/><W78/><G78/><T62/><REACH who="0" step="1"/><D56/><AGARI ba="0,0" hai="21,27,30,56,61,67,86,88,95,129,131" m="44139" machi="56" ten="30,2000,0" yaku="11,1,54,1" doraHai="40" who="2" fromWho="0" sc="240,-20,188,0,250,20,322,0" /><INIT seed="2,0,0,3,1,16" ten="220,188,270,322" oya="2" hai0="49,48,12,22,21,35,108,109,62,125,89,60,33" hai1="64,58,5,124,67,82,20,1,10,87,43,56,118" hai2="42,30,9,29,26,121,25,107,23,85,53,80,79" hai3="7,74,127,119,11,46,130,91,116,72,39,105,32"/><V55/><F121/><W69/><G69/><T104/><D104/><U77/><E118/><V90/><F107/><W112/><G32/><T61/><D89/><U31/><E124/><V111/><F111/><N who="0" m="42570" /><D12/><U135/><E135/><V45/><F9/><W86/><G105/><T129/><D129/><U18/><E31/><V24/><F90/><W0/><G127/><T132/><D132/><U128/><E43/><V36/><REACH who="2" step="1"/><F26/><REACH who="2" ten="220,188,260,322" step="2"/><W52/><G116/><T100/><D125/><U63/><E128/><V3/><F3/><W66/><G119/><T17/><D100/><U102/><E102/><V15/><F15/><W34/><G130/><T76/><D76/><U81/><E77/><V117/><F117/><W73/><G0/><T2/><D2/><U99/><E1/><V115/><F115/><W19/><G112/><T95/><D95/><U133/><E10/><V57/><F57/><W28/><G11/><T13/><D35/><AGARI ba="0,1" hai="23,24,25,29,30,35,36,42,45,53,55,79,80,85" machi="35" ten="30,5800,0" yaku="1,1,7,1,52,1,53,0" doraHai="16" doraHaiUra="106" who="2" fromWho="0" sc="220,-58,188,0,260,68,322,0" /><INIT seed="2,1,0,1,2,24" ten="162,188,328,322" oya="2" hai0="73,107,100,59,121,6,30,133,17,124,67,84,11" hai1="88,61,22,63,122,27,95,19,15,52,106,110,35" hai2="38,101,99,43,80,89,132,8,131,109,82,13,116" hai3="31,118,33,74,50,29,111,65,26,0,77,76,48"/><V36/><F116/><W130/><G118/><T25/><D121/><U47/><E106/><V57/><F131/><W49/><G0/><T102/><D124/><U127/><E110/><V1/><F1/><W23/><G111/><T123/><D133/><U55/><E127/><V90/><F109/><W12/><G130/><T91/><D73/><U37/><E122/><V68/><F68/><W94/><G65/><T96/><D17/><U112/><E112/><V117/><F117/><W53/><G53/><N who="1" m="20554" /><E37/><V120/><F132/><W18/><G74/><T40/><D40/><U9/><E35/><V105/><F57/><W34/><G94/><T71/><D102/><U75/><E47/><V16/><F120/><W87/><G87/><T115/><D115/><U4/><E75/><V41/><F38/><W10/><G10/><T113/><D113/><U60/><E63/><V28/><F36/><W72/><G72/><T64/><D123/><U3/><E3/><V126/><F126/><W104/><G104/><T69/><D69/><U83/><E83/><V85/><REACH who="2" step="1"/><F28/><REACH who="2" ten="162,188,318,322" step="2"/><W51/><N who="3" m="12288" /><DORA hai="42" /><W119/><G119/><T114/><D59/><U93/><E93/><V128/><F128/><W78/><G31/><T70/><D70/><U81/><E81/><V14/><F14/><W5/><G29/><T58/><D58/><U135/><E135/><V2/><F2/><W86/><G12/><N who="0" m="5239" /><D71/><U46/><E46/><V108/><F108/><W44/><G44/><T20/><D114/><U21/><E21/><V98/><F98/><AGARI ba="1,1" hai="4,9,15,19,22,27,60,61,88,95,98" m="20554" machi="98" ten="30,3900,0" yaku="8,1,54,2" doraHai="24,42" who="1" fromWho="2" sc="162,0,188,52,318,-42,322,0" /><INIT seed="3,0,0,2,5,32" ten="162,240,276,322" oya="3" hai0="87,20,47,123,46,73,127,88,37,28,13,14,29" hai1="23,52,68,85,43,108,70,31,59,30,134,65,132" hai2="131,36,69,76,8,16,62,33,4,91,81,21,45" hai3="96,66,102,92,89,110,118,95,48,53,83,115,109"/><W72/><G66/><T86/><D73/><U64/><E85/><V38/><F33/><W10/><G48/><T49/><D123/><U114/><E23/><V100/><F100/><W61/><G61/><T22/><D127/><U3/><E3/><V112/><F112/><W82/><G53/><T25/><D49/><N who="1" m="31119" /><E30/><V98/><F131/><W94/><G10/><T130/><D130/><U133/><E31/><V27/><F45/><W2/><G2/><T44/><D37/><U51/><E108/><N who="3" m="41578" /><G115/><T119/><D119/><U106/><E106/><V1/><F62/><W0/><G0/><T124/><D124/><U126/><E126/><V80/><F69/><N who="1" m="26729" /><E114/><V120/><F120/><W101/><G118/><T19/><D86/><U24/><E24/><V40/><F40/><W11/><G11/><T121/><D121/><U84/><E84/><V50/><F50/><W39/><G39/><T54/><D13/><U67/><E51/><V111/><F111/><W122/><G122/><T9/><D9/><U128/><E43/><V103/><F38/><W125/><G125/><T116/><D116/><U42/><E42/><V99/><F36/><W15/><G15/><T18/><REACH who="0" step="1"/><D54/><REACH who="0" ten="152,240,276,322" step="2"/><U34/><E34/><V60/><F1/><W78/><G96/><T75/><D75/><U41/><E41/><V129/><F98/><W57/><G72/><T105/><D105/><U63/><E128/><V117/><F99/><W7/><G57/><AGARI ba="0,1" hai="57,63,64,65,67,132,133,134" m="26729,31119" machi="57" ten="40,8000,1" yaku="20,1,34,2,54,1" doraHai="32" who="1" fromWho="3" sc="152,0,240,90,276,0,322,-80" /><INIT seed="4,0,0,1,4,84" ten="152,330,276,242" oya="0" hai0="91,51,123,109,67,42,57,31,79,132,126,50,11" hai1="124,2,49,102,43,83,119,20,23,87,68,5,90" hai2="122,45,27,77,36,106,130,39,129,73,29,41,133" hai3="48,46,105,114,40,3,9,117,4,66,16,131,116"/><T112/><D123/><U25/><E119/><V99/><F122/><W55/><G105/><T80/><D112/><U22/><E124/><V127/><F127/><W64/><G114/><T75/><D126/><U54/><E68/><V38/><F133/><W103/><G103/><T120/><D120/><U15/><E2/><V19/><F19/><W24/><G131/><N who="2" m="50185" /><F77/><W26/><G26/><T33/><D132/><U104/><E43/><V121/><F73/><W111/><G111/><T108/><D42/><U93/><E104/><V30/><F121/><W134/><G134/><T96/><D11/><N who="1" m="4591" /><E102/><N who="2" m="62815" /><F30/><W69/><G40/><T100/><D31/><N who="1" m="17831" /><E83/><V13/><F13/><W1/><G1/><T56/><D33/><AGARI ba="0,0" hai="27,29,33,36,38,39,41,45" m="62815,50185" machi="33" ten="30,2000,0" yaku="19,1,23,1" doraHai="84" who="2" fromWho="0" sc="152,-20,330,0,276,20,242,0" /><INIT seed="5,0,0,3,0,31" ten="132,330,296,242" oya="1" hai0="7,74,106,122,52,59,121,67,16,77,114,24,1" hai1="72,105,113,115,61,4,60,0,33,99,37,116,65" hai2="96,108,64,29,13,118,18,15,35,109,98,92,54" hai3="57,49,39,101,14,89,90,46,28,30,132,134,125"/><U40/><E116/><V42/><F118/><W124/><G101/><T75/><D106/><U135/><E135/><N who="3" m="51754" /><G57/><T127/><D67/><U87/><E87/><V86/><F42/><W20/><G39/><T47/><D47/><U107/><E72/><V6/><F64/><W82/><G14/><T79/><D114/><U104/><E99/><V128/><F54/><W76/><G20/><N who="0" m="13319" /><D1/><U112/><E33/><V25/><F128/><W44/><G76/><N who="0" m="29259" /><D7/><U119/><E119/><V81/><F81/><W78/><G78/><T110/><D110/><U41/><E37/><V91/><F108/><W102/><G102/><T131/><D131/><U8/><REACH who="1" step="1"/><E61/><REACH who="1" ten="132,320,296,242" step="2"/><V19/><F109/><W58/><G124/><T2/><D127/><U83/><E83/><V12/><F96/><W56/><G125/><T43/><D75/><U17/><E17/><V80/><REACH who="2" step="1"/><F6/><REACH who="2" ten="132,320,286,242" step="2"/><W103/><G82/><T111/><D111/><U36/><E36/><V63/><F63/><W133/><G133/><T48/><D74/><U100/><E100/><AGARI ba="0,2" hai="12,13,15,18,19,25,29,35,80,86,91,92,98,100" machi="100" ten="40,2600,0" yaku="1,1,52,1,53,0" doraHai="31" doraHaiUra="130" who="2" fromWho="1" sc="132,0,320,-26,286,46,242,0" /><INIT seed="6,0,0,1,3,60" ten="132,294,332,242" oya="2" hai0="118,19,71,134,29,86,80,75,58,42,117,67,10" hai1="103,84,61,2,115,48,97,28,95,26,123,63,54" hai2="40,76,53,107,46,6,14,56,51,83,100,104,135" hai3="106,122,16,113,119,3,105,108,87,49,39,127,36"/><V37/><F135/><W114/><G3/><T90/><D71/><U44/><E115/><N who="3" m="44042" /><G119/><T79/><D134/><U5/><E123/><V9/><REACH who="2" step="1"/><F100/><REACH who="2" ten="132,294,322,242" step="2"/><W17/><G122/><T45/><D118/><U65/><E103/><V41/><F41/><W133/><G133/><T121/><D117/><U27/><E27/><V124/><F124/><W98/><G127/><T110/><D121/><U0/><E26/><V111/><F111/><W78/><G108/><T101/><D110/><U34/><E0/><V102/><F102/><N who="3" m="62679" /><G106/><T73/><D101/><U32/><E2/><V66/><F66/><W120/><G120/><T131/><D67/><U99/><E65/><V52/><F52/><W24/><G24/><T82/><D42/><U70/><E54/><V126/><F126/><W15/><G15/><T25/><D25/><U89/><E34/><V7/><F7/><W132/><G132/><T30/><D30/><U96/><E5/><V85/><AGARI ba="0,1" hai="6,9,14,37,40,46,51,53,56,76,83,85,104,107" machi="85" ten="20,3900,0" yaku="1,1,0,1,7,1,53,0" doraHai="60" doraHaiUra="64" who="2" fromWho="2" sc="132,-13,294,-13,322,49,242,-13" /><INIT seed="6,1,0,5,2,36" ten="119,281,371,229" oya="2" hai0="51,39,38,8,11,70,92,44,90,107,132,52,24" hai1="7,42,89,47,29,111,116,3,57,119,76,20,129" hai2="118,2,71,4,25,61,104,73,97,10,30,100,125" hai3="108,23,50,53,98,27,113,81,17,43,35,62,126"/><V122/><F118/><W96/><G126/><T135/><D107/><U13/><E111/><V84/><F84/><W106/><G108/><T121/><D121/><U88/><E129/><V54/><F54/><W45/><G113/><T128/><D70/><U120/><E120/><V75/><F125/><W83/><G35/><T63/><D128/><U40/><E3/><V15/><F15/><W37/><G62/><T79/><D79/><U112/><E112/><V0/><F0/><W14/><G106/><T6/><D24/><N who="1" m="16519" /><E116/><V9/><F9/><W72/><G27/><T101/><D101/><U28/><E28/><V114/><F114/><W127/><G127/><T95/><D63/><U74/><E74/><V65/><F122/><W68/><G68/><T48/><D90/><N who="1" m="34923" /><E47/><V58/><F58/><W78/><REACH who="3" step="1"/><G81/><REACH who="3" ten="119,281,371,219" step="2"/><T105/><D105/><U32/><E119/><V115/><F115/><W22/><G22/><AGARI ba="1,1" hai="2,4,10,22,25,30,61,65,71,73,75,97,100,104" machi="22" ten="30,1500,0" yaku="7,1" doraHai="36" who="2" fromWho="3" sc="119,0,281,0,371,28,219,-18" /><INIT seed="6,2,0,2,5,128" ten="119,281,399,201" oya="2" hai0="9,107,123,79,111,129,5,10,44,109,13,83,132" hai1="14,20,0,47,73,98,62,127,103,42,101,31,118" hai2="112,51,58,39,81,16,23,105,71,116,8,53,55" hai3="54,92,100,72,45,2,91,94,60,41,4,76,67"/><V38/><F116/><W97/><G2/><T18/><D107/><U85/><E0/><V49/><F112/><W64/><G4/><T115/><D123/><U52/><E73/><V130/><F130/><W26/><G72/><T6/><D129/><U24/><E118/><V135/><F71/><W40/><G76/><T102/><D102/><U11/><E127/><V28/><F105/><W69/><G67/><T36/><D115/><U87/><E103/><V104/><F104/><W65/><G65/><T133/><D18/><U119/><E119/><V122/><F81/><W89/><G100/><T124/><D124/><U74/><E74/><V59/><F135/><N who="0" m="51786" /><D44/><U34/><E47/><V131/><F131/><W61/><G26/><T1/><D36/><U93/><E24/><V48/><F48/><W66/><G45/><T57/><D57/><U50/><E50/><V25/><F122/><W32/><G69/><T37/><D37/><U68/><E68/><V84/><F84/><AGARI ba="2,0" hai="1,5,6,9,10,13,79,83,84,109,111" m="51786" machi="84" ten="30,7700,0" yaku="20,1,52,3" doraHai="128" who="0" fromWho="2" sc="119,83,281,0,399,-83,201,0" /><INIT seed="7,0,0,5,1,71" ten="202,281,316,201" oya="3" hai0="23,38,103,65,131,42,94,66,104,99,37,133,43" hai1="64,56,53,40,125,82,57,34,120,0,31,50,105" hai2="89,32,116,21,30,76,24,88,51,110,130,101,67" hai3="4,9,91,60,68,22,36,123,17,93,121,20,111"/><W114/><G114/><T135/><D23/><U59/><E120/><V27/><F110/><W45/><G111/><T46/><D104/><U80/><E105/><V15/><F116/><W87/><G22/><T5/><D5/><U18/><E125/><V97/><F130/><W134/><G134/><N who="0" m="51211" /><D131/><U109/><E0/><V12/><F76/><W115/><G115/><T62/><D62/><U106/><E106/><V19/><F51/><W78/><G78/><T26/><D26/><U25/><E109/><V129/><F129/><W117/><G117/><T70/><D70/><U58/><E64/><N who="0" m="24681" /><D46/><U6/><E6/><V55/><F55/><W2/><G60/><T75/><D75/><U73/><E73/><V16/><F67/><W52/><G68/><T1/><D1/><U7/><E7/><V107/><F27/><W96/><G87/><T54/><D54/><U8/><E40/><AGARI ba="0,0" hai="37,38,40,42,43,94,99,103" m="24681,51211" machi="40" ten="30,3900,0" yaku="20,1,52,2" doraHai="71" who="0" fromWho="1" sc="202,39,281,-39,316,0,201,0" owari="241,-16.0,242,4.0,316,42.0,201,-30.0" /></mjloggm>