<mjloggm ver="2.3"><GO type="169" lobby="0"/><UN n0="%2D%E8%B1%8A%E5%8F%A3%E3%82%81%E3%81%90%E3%81%BF%2D" n1="%E3%83%A1%E3%82%BF%E3%83%93%E3%83%BC%E3%83%88" n2="%E3%81%97%E3%82%89%E3%81%84%E3%81%97%E3%81%BE%E3%81%84" n3="%E6%84%9A%E5%BD%A2%E3%81%AE%E6%84%9A%E5%85%84" dan="17,18,17,16" rate="2230.07,2293.19,2286.95,2098.41" sx="F,M,M,M"/><TAIKYOKU oya="0"/><INIT seed="0,0,0,0,0,79" ten="250,250,250,250" oya="0" hai0="128,8,9,55,35,57,103,100,93,68,72,109,86" hai1="13,17,99,123,83,21,77,65,74,59,14,114,26" hai2="27,42,31,121,96,84,33,107,7,101,116,102,76" hai3="16,129,28,67,4,97,20,115,22,112,90,40,1"/><T94/><D68/><U36/><E123/><V30/><F121/><W53/><G40/><T15/><D72/><U10/><E36/><V24/><F116/><W50/><G67/><T19/><D35/><U78/><E114/><V126/><F126/><W120/><G129/><T98/><D128/><U130/><E130/><V48/><F7/><W46/><G1/><T49/><D109/><U29/><E78/><V82/><F101/><W61/><G4/><T70/><D70/><U81/><E99/><V127/><F127/><W51/><G51/><T32/><D32/><U95/><E95/><V91/><F48/><W92/><G61/><T43/><D43/><U134/><E134/><V64/><F64/><W60/><G60/><T73/><D73/><U131/><E131/><V5/><F5/><W44/><G44/><T80/><D9/><U124/><E77/><V39/><F76/><W6/><G6/><T41/><D41/><U62/><E74/><V104/><F104/><W11/><G11/><T12/><D12/><N who="1" m="7319" /><E124/><V108/><F108/><W125/><G120/><T85/><REACH who="0" step="1"/><D80/><AGARI ba="0,0" hai="13,14,21,26,29,59,62,65,80,81,83" m="7319" machi="80" ten="30,7700,0" yaku="8,1,52,3" doraHai="79" who="1" fromWho="0" sc="250,-77,250,77,250,0,250,0" /><INIT seed="1,0,0,0,5,28" ten="173,327,250,250" oya="1" hai0="18,90,86,46,17,48,1,80,101,36,88,6,2" hai1="61,32,12,130,11,15,135,67,45,91,29,59,68" hai2="111,89,124,69,93,7,107,125,81,132,65,115,73" hai3="5,105,102,116,123,83,64,10,94,23,126,3,66"/><U16/><E130/><V8/><F107/><W112/><G123/><T104/><D36/><U27/><E135/><V13/><F111/><W117/><G112/><T51/><D104/><U85/><E45/><V79/><F132/><W75/><G105/><T22/><D101/><U30/><E30/><V114/><F65/><W84/><G23/><T47/><D6/><U113/><E15/><V38/><F38/><W72/><G126/><N who="2" m="48745" /><F69/><W92/><G75/><T109/><D109/><U42/><E42/><V4/><F4/><W77/><G94/><T31/><D31/><U95/><REACH who="1" step="1"/><E68/><REACH who="1" ten="173,317,250,250" step="2"/><V44/><F44/><W58/><G3/><T103/><D1/><U110/><E110/><V9/><F9/><W57/><G10/><T56/><D2/><U55/><E55/><V52/><F52/><W119/><G119/><T25/><D46/><U131/><E131/><V99/><AGARI ba="0,1" hai="7,8,13,73,79,81,89,93,99,114,115" m="48745" machi="99" ten="30,1100,0" yaku="18,1" doraHai="28" who="2" fromWho="2" sc="173,-3,317,-5,250,21,250,-3" /><INIT seed="2,0,0,2,0,29" ten="170,312,271,247" oya="2" hai0="94,84,62,65,89,42,98,121,8,83,126,115,122" hai1="128,47,33,80,22,78,50,92,21,130,41,72,91" hai2="87,9,57,11,106,45,0,93,131,90,66,18,108" hai3="30,2,133,46,55,58,16,102,117,119,107,25,103"/><V73/><F131/><N who="1" m="50217" /><E33/><V116/><F116/><W6/><G133/><T61/><D115/><U110/><E110/><V70/><F106/><W125/><G125/><T112/><D112/><U104/><E104/><V71/><F73/><W101/><G107/><T85/><D126/><U20/><E20/><V39/><F108/><W40/><G6/><T100/><D42/><U28/><E28/><V34/><F34/><W81/><G81/><T1/><D61/><U56/><E56/><V10/><F0/><W74/><G74/><T7/><REACH who="0" step="1"/><D85/><AGARI ba="0,0" hai="21,22,41,47,50,72,78,80,85,91,92" m="50217" machi="85" ten="30,1000,0" yaku="19,1" doraHai="29" who="1" fromWho="0" sc="170,-10,312,10,271,0,247,0" /><INIT seed="3,0,0,4,1,102" ten="160,322,271,247" oya="3" hai0="110,81,29,43,119,105,23,6,93,62,32,86,108" hai1="116,58,4,112,78,97,0,24,98,74,50,18,7" hai2="67,16,92,75,70,46,90,85,127,37,88,8,72" hai3="48,131,69,106,87,68,104,45,65,15,132,79,3"/><W14/><G3/><T130/><D119/><U49/><E112/><V38/><F127/><W56/><G56/><T115/><D32/><U54/><E116/><V135/><F135/><W73/><G73/><T12/><D115/><U82/><E0/><V20/><F75/><W36/><G36/><T91/><D130/><U122/><E122/><V124/><F124/><W96/><G96/><T84/><D43/><U47/><E4/><V133/><F133/><W83/><G132/><T59/><D105/><U53/><E7/><V19/><F72/><W118/><G118/><T113/><D113/><U60/><E18/><V95/><F46/><W109/><G131/><T10/><D23/><U5/><E5/><V28/><F28/><W13/><G109/><T101/><D29/><U22/><E24/><V57/><F70/><W9/><G9/><T89/><REACH who="0" step="1"/><D101/><REACH who="0" ten="150,322,271,247" step="2"/><U117/><E22/><V128/><F128/><W51/><G106/><T2/><D2/><U77/><E117/><V17/><F8/><W63/><G104/><T11/><D11/><U134/><E134/><V42/><F42/><W125/><G125/><T31/><D31/><U34/><E34/><V123/><F123/><W126/><G126/><T111/><D111/><U40/><E77/><V25/><F38/><W21/><G21/><T80/><D80/><U100/><E100/><V52/><F37/><W64/><REACH who="3" step="1"/><G45/><AGARI ba="0,1" hai="40,45,47,49,50,53,54,58,60,74,78,82,97,98" machi="45" ten="30,1000,0" yaku="7,1" doraHai="102" who="1" fromWho="3" sc="150,0,322,20,271,0,247,-10" /><INIT seed="4,0,0,3,5,124" ten="150,342,271,237" oya="0" hai0="103,59,14,16,45,51,23,69,68,76,65,28,27" hai1="75,19,93,33,125,117,66,106,42,18,77,4,80" hai2="2,121,5,35,38,12,30,78,52,22,32,64,6" hai3="92,105,7,122,11,63,70,104,116,62,73,113,111"/><T83/><D103/><U56/><E106/><V9/><F38/><W108/><G116/><T79/><D59/><U101/><E33/><V86/><F64/><W84/><G73/><T123/><D123/><U120/><E120/><V24/><F121/><W95/><G122/><T29/><D29/><U20/><E117/><V40/><F40/><W17/><G17/><T129/><D129/><U90/><E125/><V43/><F43/><W60/><G113/><T41/><D65/><U36/><E4/><V135/><F135/><W115/><G115/><T0/><D0/><U109/><E109/><V102/><F102/><W31/><G31/><T10/><REACH who="0" step="1"/><D79/><REACH who="0" ten="140,342,271,237" step="2"/><U128/><E101/><V54/><F2/><W26/><G70/><T99/><D99/><U81/><E128/><V119/><F119/><W61/><G111/><T71/><D71/><U112/><E112/><V131/><F131/><W82/><G108/><T47/><D47/><U48/><E66/><V50/><F78/><W3/><G3/><T15/><D15/><U37/><E56/><V126/><F12/><W87/><G105/><T132/><D132/><U91/><E77/><V85/><F30/><W57/><G57/><T98/><D98/><U127/><E127/><V88/><F126/><W58/><G58/><T25/><D25/><U110/><E110/><V96/><F24/><W21/><G26/><T114/><D114/><U49/><E90/><V72/><F88/><W13/><G104/><T89/><D89/><U8/><E91/><V97/><F97/><W130/><G130/><T53/><D53/><U94/><E93/><RYUUKYOKU ba="0,1" sc="140,30,342,-10,271,-10,237,-10" hai0="10,14,16,23,27,28,41,45,51,68,69,76,83" /><INIT seed="4,1,1,5,1,39" ten="170,332,261,227" oya="0" hai0="121,38,127,62,40,87,95,105,68,43,37,12,1" hai1="72,33,119,27,133,123,29,124,26,53,54,7,128" hai2="21,34,81,51,80,30,118,10,71,69,14,77,4" hai3="90,45,115,78,49,50,102,57,100,5,35,122,134"/><T75/><D1/><U11/><E72/><V86/><F118/><W112/><G35/><T6/><D75/><U103/><E119/><V97/><F80/><W94/><G78/><T22/><D105/><U56/><E123/><V61/><F34/><W111/><G111/><T8/><D121/><U131/><E124/><V104/><F61/><W98/><G5/><T0/><D127/><U101/><E133/><V130/><F130/><N who="1" m="49705" /><E26/><V25/><F104/><W116/><G134/><T110/><D110/><U84/><E84/><V19/><F97/><W88/><G102/><N who="1" m="38922" /><E56/><V17/><F71/><W99/><G99/><T91/><D37/><U20/><E20/><V59/><F69/><W114/><G116/><T83/><D38/><U65/><E65/><V135/><F135/><W73/><G73/><T67/><REACH who="0" step="1"/><D83/><REACH who="0" ten="160,332,261,227" step="2"/><U82/><E82/><V23/><F81/><W48/><G122/><T74/><D74/><U44/><E44/><V9/><F77/><W109/><G109/><T120/><D120/><U41/><E41/><V70/><F25/><W31/><G114/><T16/><AGARI ba="1,2" hai="0,6,8,12,16,22,40,43,62,67,68,87,91,95" machi="16" ten="30,18000,2" yaku="1,1,0,1,52,2,54,1,53,1" doraHai="39" doraHaiUra="58" who="0" fromWho="0" sc="160,203,332,-61,261,-61,227,-61" /><INIT seed="4,2,0,1,2,97" ten="363,271,200,166" oya="0" hai0="21,134,54,4,131,73,18,104,42,84,112,122,35" hai1="9,1,133,11,115,75,50,108,60,77,70,47,32" hai2="13,27,3,31,118,109,135,26,89,76,51,124,88" hai3="64,117,61,58,100,20,83,74,46,22,6,68,52"/><T37/><D4/><U56/><E32/><V5/><F109/><W90/><G117/><T30/><D84/><U23/><E108/><V116/><F124/><W129/><G129/><T107/><D54/><U81/><E70/><V24/><F135/><W120/><G120/><T96/><D42/><U8/><E133/><V114/><F76/><W92/><G6/><T67/><D67/><U94/><E115/><V59/><F3/><W71/><G71/><T126/><D107/><U130/><E130/><V80/><F31/><W15/><G15/><T125/><D125/><U43/><E23/><V72/><F72/><W49/><G68/><T132/><D132/><U41/><E41/><V98/><F98/><N who="3" m="59463" /><G74/><T55/><D55/><U99/><E1/><V36/><F36/><W48/><G49/><T87/><D87/><AGARI ba="2,0" hai="20,22,46,48,52,58,61,64,83,87,90" m="59463" machi="87" ten="30,3900,0" yaku="8,1,52,1,54,1" doraHai="97" who="3" fromWho="0" sc="363,-45,271,0,200,0,166,45" /><INIT seed="5,0,0,4,3,38" ten="318,271,200,211" oya="1" hai0="93,118,87,73,82,91,72,129,24,70,28,61,86" hai1="113,124,18,0,43,88,21,7,46,35,71,74,34" hai2="68,101,134,94,108,37,95,33,13,40,80,69,128" hai3="60,32,31,78,39,55,77,116,110,65,84,103,25"/><U64/><E74/><V17/><F108/><W120/><G110/><T27/><D118/><U99/><E113/><V58/><F33/><W130/><G130/><T123/><D129/><U29/><E124/><V132/><F128/><W100/><G120/><T48/><D123/><U9/><E71/><V62/><F80/><W111/><G111/><T50/><D70/><U63/><E29/><V125/><F125/><W115/><G115/><T6/><D6/><U42/><E63/><V11/><F101/><W5/><G5/><T10/><D10/><U15/><E64/><V51/><F37/><W121/><G116/><T4/><D4/><U56/><E56/><V1/><F1/><W117/><G117/><T98/><D61/><U19/><E19/><V81/><F81/><W45/><G78/><T83/><D98/><U3/><E3/><V122/><F122/><W106/><G55/><T105/><D93/><U112/><E112/><V109/><F109/><W26/><G26/><T47/><D47/><U90/><E99/><V97/><F97/><W85/><G77/><T30/><REACH who="0" step="1"/><D91/><REACH who="0" ten="308,271,200,211" step="2"/><U96/><E46/><N who="2" m="26055" /><F68/><W36/><G45/><T127/><D127/><U57/><BYE who="2" /><E57/><UN n2="%E3%81%97%E3%82%89%E3%81%84%E3%81%97%E3%81%BE%E3%81%84" /><V49/><F49/><W23/><BYE who="2" /><G60/><T59/><D59/><U75/><E96/><V12/><F12/><W76/><G103/><UN n2="%E3%81%97%E3%82%89%E3%81%84%E3%81%97%E3%81%BE%E3%81%84" /><T92/><D92/><N who="2" m="35370" /><F69/><W102/><G102/><T20/><D20/><U133/><E0/><V2/><F2/><W41/><G100/><T16/><D16/><U104/><E35/><V53/><F17/><W67/><G32/><T131/><D131/><U135/><E34/><RYUUKYOKU ba="0,1" sc="308,15,271,-15,200,15,211,-15" hai0="24,27,28,30,48,50,72,73,82,83,86,87,105" hai2="11,13,53,58,62,132,134" /><INIT seed="6,1,1,2,4,17" ten="323,256,215,196" oya="2" hai0="30,106,111,130,92,35,32,0,98,33,58,97,13" hai1="8,67,86,60,89,96,133,49,56,123,48,75,24" hai2="128,62,83,3,38,79,25,124,71,84,93,34,88" hai3="134,46,74,22,110,2,36,7,113,73,15,9,100"/><V68/><F38/><W41/><G110/><T103/><D0/><U118/><E75/><V37/><F37/><W125/><G125/><T129/><D111/><U52/><E118/><V14/><F124/><W53/><G134/><T80/><D80/><U61/><E133/><V66/><F3/><W119/><G119/><T57/><D30/><U127/><E127/><V109/><F109/><W85/><G100/><N who="0" m="60455" /><D13/><U116/><E116/><V108/><F108/><W117/><G117/><T95/><D106/><U105/><E123/><V81/><F128/><AGARI ba="1,1" hai="32,33,35,57,58,95,98,103,128,129,130" m="60455" machi="128" ten="40,1300,0" yaku="19,1" doraHai="17" who="0" fromWho="2" sc="323,26,256,0,215,-16,196,0" /><INIT seed="7,0,0,3,5,41" ten="349,256,199,196" oya="3" hai0="124,28,30,42,92,35,73,97,53,54,98,2,48" hai1="123,135,101,117,40,29,9,109,25,81,104,114,45" hai2="113,74,93,110,72,95,10,24,64,61,134,130,84" hai3="16,32,23,78,59,5,20,86,36,27,115,132,107"/><W120/><G120/><T44/><D73/><U127/><E114/><V7/><F110/><W129/><G107/><T63/><D2/><U85/><E109/><V12/><F113/><W133/><G115/><T13/><D35/><U58/><E123/><V121/><F121/><W11/><G129/><T0/><D0/><U52/><E101/><V8/><F130/><W79/><G32/><T75/><D75/><U43/><E104/><V128/><F128/><W15/><G36/><T99/><D124/><U37/><E40/><V26/><F134/><N who="3" m="51819" /><G86/><T100/><D13/><U119/><E127/><V39/><F39/><W76/><G23/><T21/><D21/><U3/><E135/><V14/><F84/><W22/><G22/><T89/><D100/><U112/><E25/><V94/><F74/><W70/><G59/><N who="0" m="35311" /><D42/><U38/><E38/><V102/><F72/><W62/><G62/><T90/><D90/><U111/><E112/><V67/><F102/><W87/><G87/><AGARI ba="0,0" hai="28,30,44,48,54,87,89,92,97,98,99" m="35311" machi="87" ten="30,2000,0" yaku="8,1,52,1" doraHai="41" who="0" fromWho="3" sc="349,20,256,0,199,0,196,-20" owari="369,46.0,256,6.0,199,-20.0,176,-32.0" /></mjloggm>