<mjloggm ver="2.3"><GO type="169" lobby="0"/><UN n0="%41%4F%54" n1="%E5%9C%A8%E5%8E%9F%E4%B8%83%E6%B5%B7%E5%A4%A7%E5%A5%BD%E3%81%8D" n2="%E8%91%B5%E3%81%A1%E3%82%83%E3%82%93" n3="%67%2D%65%6E%6B%69" dan="17,18,16,17" rate="2199.43,2225.70,2215.59,2203.80" sx="F,M,M,M"/><TAIKYOKU oya="0"/><INIT seed="0,0,0,5,5,93" ten="250,250,250,250" oya="0" hai0="88,104,117,8,110,135,96,30,84,25,83,43,46" hai1="16,21,97,47,35,122,80,20,94,73,42,26,31" hai2="12,72,132,81,6,79,98,33,54,5,99,49,37" hai3="17,61,59,128,18,48,119,91,57,58,115,52,7"/><T101/><D135/><U51/><E122/><V86/><F37/><W4/><G128/><T28/><D117/><U114/><E114/><V77/><F33/><W127/><G115/><T121/><D121/><U118/><E118/><V112/><F112/><W40/><G119/><T55/><D110/><U63/><E63/><V130/><F132/><W45/><G127/><T120/><D120/><U60/><E60/><V102/><F130/><W87/><G7/><T82/><D8/><U0/><E0/><V133/><F133/><W131/><G131/><T64/><D64/><U62/><E62/><V67/><F67/><W126/><G4/><T113/><D55/><U129/><E129/><V90/><F102/><W134/><G126/><T103/><D103/><U36/><E36/><V109/><F109/><W14/><G14/><T75/><D113/><U3/><E3/><V95/><F79/><W15/><G15/><T38/><REACH who="0" step="1"/><D25/><REACH who="0" ten="240,250,250,250" step="2"/><U11/><E11/><V78/><F54/><W13/><G134/><T92/><D92/><U108/><E26/><V22/><F6/><W123/><G13/><T27/><D27/><U24/><E24/><V66/><F66/><W39/><G123/><T111/><D111/><U74/><E94/><V44/><F5/><W10/><G10/><T116/><D116/><U34/><E108/><V23/><F12/><W41/><G41/><T70/><D70/><U53/><E42/><V71/><F71/><W9/><G9/><T19/><D19/><N who="3" m="7177" /><G39/><T89/><D89/><U107/><E34/><V65/><F90/><W124/><G124/><T85/><D85/><RYUUKYOKU ba="0,1" sc="240,15,250,-15,250,-15,250,15" hai0="28,30,38,43,46,75,82,83,84,88,96,101,104" hai3="40,45,48,52,57,58,59,61,87,91" /><INIT seed="0,1,1,3,1,53" ten="255,235,235,265" oya="0" hai0="64,66,115,86,43,81,87,72,36,80,125,79,5" hai1="82,0,126,25,76,21,121,40,10,45,1,70,74" hai2="120,119,95,108,48,59,38,117,4,57,55,89,75" hai3="17,44,65,133,7,97,132,130,3,83,39,118,77"/><T131/><D115/><U123/><E70/><V27/><F75/><W32/><G32/><T109/><D131/><U94/><E94/><V107/><F107/><W34/><G34/><T37/><D125/><U31/><E126/><V20/><F38/><W67/><G118/><N who="2" m="45065" /><F4/><W114/><G114/><T35/><D35/><U113/><E113/><V15/><F15/><W16/><G130/><T26/><D26/><U51/><REACH who="1" step="1"/><E10/><REACH who="1" ten="255,225,235,265" step="2"/><V46/><F120/><AGARI ba="1,2" hai="0,1,21,25,31,40,45,51,74,76,82,120,121,123" machi="120" ten="40,2600,0" yaku="1,1,2,1,53,0" doraHai="53" doraHaiUra="134" who="1" fromWho="2" sc="255,0,225,49,235,-29,265,0" /><INIT seed="1,0,0,5,4,43" ten="255,274,206,265" oya="1" hai0="6,123,132,21,74,104,107,30,59,20,9,57,68" hai1="81,93,64,47,84,129,17,120,117,83,88,124,69" hai2="8,111,122,76,62,32,86,19,37,41,2,29,33" hai3="113,52,135,87,12,50,3,63,45,125,26,55,103"/><U92/><E120/><V5/><F122/><W112/><G3/><T42/><D123/><U13/><E117/><V25/><F111/><W94/><G125/><T48/><D68/><U11/><E129/><V28/><F62/><W96/><G135/><T31/><D74/><U54/><E124/><V70/><F19/><W18/><G26/><T95/><D95/><U27/><E64/><V90/><F76/><W105/><G63/><T99/><D132/><U101/><E69/><V1/><F1/><W38/><G38/><T116/><D116/><U72/><E27/><V35/><F29/><W67/><G67/><T80/><D80/><U73/><E73/><V0/><F0/><W66/><G66/><T39/><D39/><U58/><E72/><V78/><F78/><W60/><G87/><T15/><D59/><U46/><E93/><V102/><F102/><W22/><REACH who="3" step="1"/><G105/><REACH who="3" ten="255,274,206,255" step="2"/><T118/><D107/><U98/><E83/><V100/><F86/><W128/><G128/><T10/><D104/><U16/><E17/><V53/><F70/><W14/><G14/><T36/><D15/><U49/><AGARI ba="0,1" hai="11,13,16,46,47,49,54,58,81,84,88,92,98,101" machi="49" ten="20,18000,2" yaku="0,1,7,1,8,1,52,2,54,2" doraHai="43" who="1" fromWho="1" sc="255,-60,274,190,206,-60,255,-60" /><INIT seed="1,1,0,2,3,129" ten="195,464,146,195" oya="1" hai0="103,132,97,38,105,45,4,26,17,86,134,9,29" hai1="83,43,117,87,76,110,84,72,89,135,108,85,13" hai2="20,46,90,27,54,44,53,133,68,66,12,109,114" hai3="41,88,11,40,78,1,119,61,75,8,67,95,80"/><U70/><E70/><V69/><F109/><N who="1" m="42089" /><E43/><V15/><F114/><W94/><G94/><T28/><D86/><N who="1" m="33387" /><E13/><V23/><F90/><W125/><G125/><T24/><D45/><U62/><E62/><V32/><F27/><W126/><G126/><T2/><D38/><U7/><E7/><V21/><F21/><W42/><G1/><T57/><D57/><U10/><E10/><V49/><F32/><W35/><G35/><N who="0" m="20871" /><D17/><U123/><E123/><V19/><F19/><W50/><G119/><T59/><D59/><U99/><E99/><V18/><F18/><W130/><G50/><T25/><D25/><U36/><E36/><V64/><F49/><W51/><G51/><T30/><D26/><U55/><E55/><V47/><F47/><W82/><G61/><T48/><D48/><U73/><E117/><V124/><F124/><W37/><G37/><T98/><D98/><U113/><E113/><V65/><F65/><W22/><G67/><T116/><D116/><U0/><E0/><V101/><F101/><W91/><G42/><T33/><D33/><U52/><E52/><V120/><F120/><W96/><G40/><T77/><D30/><U131/><E131/><V93/><F93/><W118/><G41/><T106/><D29/><U128/><E128/><V63/><F63/><W31/><G130/><T5/><D5/><U122/><E122/><V111/><F111/><W79/><G118/><T107/><D9/><U112/><E112/><V71/><F71/><W74/><G91/><T16/><D2/><U81/><E72/><V6/><F6/><W56/><G56/><RYUUKYOKU ba="1,0" sc="195,-30,464,10,146,10,195,10" hai1="73,76,81,83,87,89,135" hai2="12,15,20,23,44,46,53,54,64,66,68,69,133" hai3="8,11,22,31,74,75,78,79,80,82,88,95,96" /><INIT seed="1,2,0,5,2,73" ten="165,474,156,205" oya="1" hai0="44,51,55,77,115,45,68,72,31,119,78,1,61" hai1="85,63,116,103,95,57,111,29,129,82,93,38,120" hai2="58,109,0,102,43,66,108,75,131,23,60,39,47" hai3="48,52,27,100,122,24,104,121,91,62,97,36,101"/><U3/><E3/><V124/><F0/><W70/><G36/><T132/><D1/><U42/><E120/><V41/><F75/><W134/><G134/><T2/><D2/><U32/><E32/><V64/><F102/><W89/><G70/><T12/><D72/><U69/><E29/><V118/><F23/><W19/><G62/><T90/><D115/><U80/><E80/><V20/><F20/><W4/><G4/><T81/><D119/><U49/><E69/><V126/><F118/><W13/><G101/><T11/><D132/><U46/><E129/><V87/><F87/><W37/><G37/><T33/><D33/><U76/><E111/><N who="2" m="42571" /><F43/><W84/><G121/><T40/><D31/><U50/><E116/><V71/><F131/><W74/><G74/><T30/><D30/><U128/><E128/><V67/><F71/><W86/><G86/><N who="0" m="50511" /><D68/><U53/><E103/><V9/><F9/><W83/><G91/><T92/><D92/><U125/><E125/><AGARI ba="2,0" hai="39,41,47,58,60,64,66,67,124,125,126" m="42571" machi="125" ten="30,7700,0" yaku="18,1,14,1,34,2" doraHai="73" who="2" fromWho="1" sc="165,0,474,-83,156,83,205,0" /><INIT seed="2,0,0,1,2,58" ten="165,391,239,205" oya="2" hai0="94,130,59,131,4,46,105,74,81,118,36,68,84" hai1="99,55,38,129,116,104,12,98,54,16,63,121,83" hai2="65,132,52,133,106,101,40,23,6,117,60,113,89" hai3="73,43,14,96,122,76,127,45,48,92,0,95,93"/><V25/><F113/><W85/><G127/><T11/><D68/><U26/><E116/><V50/><F117/><W88/><G0/><T19/><D105/><U53/><E129/><V71/><F40/><W30/><G122/><T24/><D118/><U41/><E26/><V115/><F115/><W7/><G73/><T107/><D107/><U80/><E38/><V125/><F6/><W91/><G30/><T67/><D94/><U135/><E41/><V13/><F13/><W77/><REACH who="3" step="1"/><G95/><REACH who="3" ten="165,391,239,195" step="2"/><T119/><D74/><U17/><E121/><V10/><F125/><W20/><G20/><T87/><D119/><U21/><E104/><V128/><F106/><W44/><G44/><T108/><D46/><U111/><E21/><V35/><F23/><W5/><G5/><T8/><D4/><U15/><E111/><V72/><F72/><W109/><G109/><T79/><D108/><U27/><E135/><V102/><F133/><W2/><G2/><T78/><D131/><U34/><E34/><V75/><F132/><W86/><G86/><T124/><D87/><U64/><E99/><V47/><F75/><W22/><G22/><T97/><D84/><U126/><E98/><V9/><F128/><W66/><G66/><T51/><D97/><U70/><E126/><V28/><REACH who="2" step="1"/><F89/><REACH who="2" ten="165,391,229,195" step="2"/><W69/><G69/><T42/><D130/><U110/><E110/><V37/><F37/><W39/><G39/><T49/><D36/><U1/><E1/><V82/><F82/><N who="1" m="31273" /><E27/><V57/><F57/><W90/><G90/><T103/><D24/><U56/><E56/><V29/><F29/><RYUUKYOKU ba="0,2" sc="165,-30,391,10,229,10,195,10" hai1="12,15,16,17,53,54,55,63,64,70" hai2="9,10,25,28,35,47,50,52,60,65,71,101,102" hai3="7,14,43,45,48,76,77,85,88,91,92,93,96" /><INIT seed="2,1,2,1,3,12" ten="135,401,239,205" oya="2" hai0="129,60,81,91,69,122,37,102,7,82,135,94,15" hai1="133,88,42,131,6,17,33,59,92,95,43,45,119" hai2="68,50,24,47,38,98,100,96,93,5,14,132,73" hai3="71,111,11,78,0,30,124,25,77,65,99,41,104"/><V125/><F73/><W86/><G111/><T103/><D37/><U63/><E119/><V108/><F38/><W79/><G124/><T55/><D122/><U1/><E33/><V34/><F68/><W51/><G86/><T101/><D135/><U89/><E6/><V97/><F125/><W48/><G0/><T28/><D129/><U2/><E131/><V67/><F108/><W58/><G11/><N who="0" m="4607" /><D28/><U39/><E43/><V3/><F67/><W22/><G71/><T29/><D29/><U32/><E32/><V13/><F3/><W74/><G74/><T27/><D27/><U19/><E133/><V26/><F96/><W31/><G31/><T83/><D69/><U106/><E106/><V52/><F132/><W44/><G104/><T126/><D126/><U76/><E76/><V130/><F130/><W4/><G4/><T16/><D16/><N who="1" m="6219" /><E39/><V64/><F34/><W118/><G118/><T90/><D94/><N who="1" m="35883" /><E2/><V56/><F5/><W23/><G23/><T66/><D66/><N who="1" m="39295" /><E1/><V116/><F116/><W115/><G115/><T8/><D8/><U54/><E42/><V21/><F98/><W80/><G99/><T61/><D55/><U18/><N who="1" m="6227" /><U10/><DORA hai="114" /><E10/><V49/><F52/><N who="3" m="32007" /><G65/><T105/><D105/><U134/><E134/><V112/><F64/><W53/><G53/><T120/><D120/><U72/><E72/><V127/><F112/><W110/><G110/><T87/><D87/><U36/><E36/><V123/><F127/><W40/><G40/><T62/><AGARI ba="1,2" hai="60,61,62,81,82,83,90,91,101,102,103" m="4607" machi="62" ten="40,5200,0" yaku="29,2,8,1" doraHai="12,114" who="0" fromWho="0" sc="135,75,401,-14,239,-27,205,-14" /><INIT seed="3,0,0,4,0,37" ten="210,387,212,191" oya="3" hai0="74,71,120,25,79,12,131,38,134,43,31,6,32" hai1="7,73,0,13,133,83,19,126,91,26,89,66,75" hai2="85,61,64,88,124,2,48,39,117,50,123,106,24" hai3="5,122,34,54,14,112,98,18,41,107,111,67,81"/><W103/><G112/><T127/><D120/><U97/><E0/><V62/><F117/><W82/><G122/><T51/><D38/><U118/><E7/><V30/><F123/><W104/><G34/><T10/><D71/><U93/><E66/><V129/><F2/><W58/><G67/><T119/><D119/><U20/><E133/><V16/><F39/><W77/><G107/><T105/><D105/><U102/><E126/><V84/><F106/><W22/><G111/><T121/><D121/><U52/><E75/><V100/><F100/><W116/><G116/><T46/><D134/><U60/><E73/><V87/><F129/><W63/><G77/><T15/><D131/><U29/><E83/><V47/><F50/><W72/><G72/><T36/><D51/><U69/><E69/><V40/><F124/><W8/><REACH who="3" step="1"/><G41/><REACH who="3" ten="210,387,212,181" step="2"/><T132/><D127/><U128/><E118/><V53/><F64/><W35/><G35/><T114/><D114/><U108/><E108/><V135/><F135/><W80/><G80/><N who="0" m="45175" /><D132/><U3/><E128/><V86/><F40/><W56/><G56/><T33/><D33/><U4/><E93/><N who="2" m="54407" /><F30/><W70/><G70/><T65/><D65/><U68/><E29/><V27/><F27/><AGARI ba="0,1" hai="5,8,14,18,22,27,54,58,63,81,82,98,103,104" machi="27" ten="30,2900,0" yaku="1,1,7,1,53,0" doraHai="37" doraHaiUra="90" who="3" fromWho="2" sc="210,0,387,0,212,-29,181,39" /><INIT seed="3,1,0,1,2,19" ten="210,387,183,220" oya="3" hai0="35,50,106,15,76,37,49,4,124,28,46,64,54" hai1="30,10,99,39,51,94,31,123,6,72,78,97,0" hai2="77,120,3,109,75,73,133,23,52,92,131,74,105" hai3="27,132,129,114,8,130,67,38,101,41,125,21,88"/><W84/><G114/><T5/><D106/><U11/><E39/><V69/><F69/><W100/><G67/><T1/><D124/><U53/><E78/><V42/><F105/><W12/><G41/><T7/><D64/><U80/><E72/><V70/><F70/><W47/><G47/><T55/><D37/><U60/><E80/><V58/><F3/><W110/><G38/><T59/><D1/><U68/><E60/><V95/><F42/><W13/><G125/><T90/><D76/><U121/><E97/><V65/><F65/><W63/><G63/><T34/><D28/><U45/><E11/><V116/><F116/><W2/><G2/><T22/><REACH who="0" step="1"/><D90/><REACH who="0" ten="200,387,183,220" step="2"/><U87/><E30/><V119/><F77/><W91/><G91/><T81/><D81/><U61/><E31/><V113/><F92/><N who="3" m="54279" /><G110/><T134/><D134/><U32/><E94/><V44/><F95/><W98/><G132/><T14/><D14/><U33/><E0/><V107/><F133/><W24/><G101/><T20/><D20/><U9/><E123/><V135/><F107/><N who="3" m="63895" /><G13/><T112/><D112/><U18/><E33/><V43/><F113/><W122/><G122/><T128/><D128/><N who="3" m="49257" /><G21/><T96/><D96/><U79/><E99/><V118/><F23/><W83/><G83/><T17/><AGARI ba="1,1" hai="4,5,7,15,17,22,34,35,46,49,50,54,55,59" machi="17" ten="30,4000,0" yaku="1,1,0,1,52,1,53,0" doraHai="19" doraHaiUra="126" who="0" fromWho="0" sc="200,53,387,-11,183,-11,220,-21" /><INIT seed="4,0,0,3,0,22" ten="253,376,172,199" oya="0" hai0="102,72,119,68,77,30,10,95,131,55,9,79,12" hai1="2,109,120,6,75,94,5,21,98,70,29,117,96" hai2="27,28,121,43,112,133,0,90,83,45,33,38,67" hai3="1,132,57,13,24,49,54,99,4,39,74,130,52"/><T110/><D119/><U31/><E109/><V115/><F133/><W82/><G1/><T126/><D68/><U17/><E75/><V78/><F121/><W86/><G39/><T118/><D72/><U85/><E70/><V125/><F125/><W80/><G130/><T26/><D110/><U37/><E37/><V97/><F67/><W62/><G99/><T47/><D118/><U32/><E32/><V65/><F65/><W11/><G132/><T123/><D9/><U50/><E98/><V64/><F64/><W81/><G24/><T108/><D123/><U8/><E6/><V116/><F0/><W89/><REACH who="3" step="1"/><G74/><REACH who="3" ten="253,376,172,189" step="2"/><T106/><D26/><U134/><E96/><V60/><F97/><W73/><G73/><T59/><D131/><U18/><E2/><V105/><F116/><W61/><G61/><T91/><D108/><U92/><E134/><V100/><F60/><W107/><G107/><T103/><D106/><U56/><E117/><V35/><F105/><W104/><G104/><T46/><D12/><U23/><E120/><V41/><F38/><W40/><G40/><T3/><D3/><U84/><E84/><V71/><F41/><W135/><G135/><T58/><D126/><U124/><E85/><V42/><F43/><W16/><G16/><T76/><D30/><N who="1" m="11275" /><E18/><V111/><F28/><W63/><G63/><T7/><D7/><U19/><E17/><V14/><F111/><W87/><G87/><T88/><D103/><U101/><E124/><V93/><F100/><W15/><G15/><T113/><D102/><U66/><E101/><V114/><F14/><RYUUKYOKU ba="0,1" sc="253,-10,376,-10,172,-10,189,30" hai3="4,11,13,49,52,54,57,62,80,81,82,86,89" /><INIT seed="5,1,1,4,1,15" ten="243,366,162,219" oya="1" hai0="131,19,124,122,87,113,110,43,100,66,125,85,34" hai1="57,11,50,116,49,114,101,107,126,78,89,77,117" hai2="98,16,119,59,120,83,112,33,134,109,135,115,46" hai3="5,40,104,68,129,31,108,8,18,53,23,30,80"/><U76/><E114/><N who="2" m="43563" /><F109/><W29/><G108/><T7/><D34/><U90/><E126/><V63/><F33/><W1/><G104/><T52/><D110/><U118/><E101/><V79/><F119/><W39/><G68/><T123/><D113/><U82/><E107/><V69/><F69/><W44/><G129/><T48/><D43/><U61/><E11/><V41/><F98/><W73/><G53/><T102/><D19/><U21/><E21/><V51/><F83/><W55/><G55/><T130/><D66/><U71/><E71/><V9/><F79/><W12/><G31/><T88/><D7/><U97/><E97/><V60/><F120/><N who="0" m="46122" /><D102/><U35/><E82/><V3/><F3/><W74/><G74/><T86/><D88/><U47/><E35/><V22/><F9/><W54/><REACH who="3" step="1"/><G54/><REACH who="3" ten="243,366,162,209" step="2"/><T10/><D52/><U93/><E118/><V36/><F36/><W24/><G24/><T111/><D131/><U121/><E117/><V96/><F59/><W99/><G99/><T65/><D130/><U128/><E57/><V42/><F96/><W56/><G56/><T4/><D111/><U72/><E128/><V81/><F41/><W26/><G26/><T32/><D125/><U127/><E127/><V14/><F81/><W28/><G28/><T91/><D124/><U92/><E121/><V64/><F64/><W95/><G95/><T27/><D65/><U133/><E93/><V13/><F13/><W105/><G105/><T132/><D27/><U84/><E116/><V2/><F2/><W67/><G67/><T37/><D37/><U17/><E92/><RYUUKYOKU ba="1,2" sc="243,-15,366,-15,162,15,209,15" hai2="14,16,22,42,46,51,60,63,134,135" hai3="1,5,8,12,18,23,29,30,39,40,44,73,80" /><INIT seed="6,2,2,2,4,20" ten="228,351,177,224" oya="2" hai0="15,10,107,63,80,51,94,34,44,113,56,18,3" hai1="127,126,4,53,77,29,46,45,112,130,24,47,83" hai2="103,9,124,58,6,19,109,0,50,89,25,128,43" hai3="74,84,27,32,48,26,125,41,75,55,36,5,73"/><V111/><F103/><W38/><G32/><T35/><D107/><U59/><E112/><V81/><F124/><N who="1" m="47657" /><E4/><V60/><F128/><W7/><G125/><T12/><D113/><U71/><E71/><V76/><F89/><W16/><G41/><T31/><D3/><U133/><E133/><V114/><F114/><W96/><G96/><T72/><D94/><U13/><E13/><V70/><F70/><W110/><G110/><N who="2" m="41993" /><F50/><W98/><G84/><T92/><D92/><U97/><E97/><V119/><F43/><W78/><G98/><T93/><D51/><N who="1" m="31167" /><E130/><V17/><F119/><W135/><G135/><T120/><D15/><U11/><E11/><V106/><F106/><W121/><G121/><T54/><D10/><U91/><E91/><V85/><F25/><W116/><G116/><T131/><D131/><U23/><E47/><V122/><F122/><W100/><G100/><T117/><D44/><U69/><E69/><V1/><F1/><W115/><G115/><T42/><D117/><U86/><AGARI ba="2,2" hai="23,24,29,45,46,77,83,86" m="31167,47657" machi="86" ten="30,2000,0" yaku="18,1,52,1" doraHai="20" who="1" fromWho="1" sc="228,-7,351,46,177,-12,224,-7" /><INIT seed="7,0,0,0,4,16" ten="221,397,165,217" oya="3" hai0="33,118,64,88,65,124,62,101,54,126,37,59,105" hai1="93,84,123,20,58,60,85,8,69,44,74,115,80" hai2="110,106,39,27,14,7,134,12,55,43,107,15,3" hai3="11,10,104,128,75,99,29,1,83,89,103,25,77"/><W42/><G128/><T19/><D33/><U66/><E123/><V114/><F110/><W79/><G79/><T70/><D37/><U13/><E74/><V92/><F114/><W67/><G42/><T51/><D65/><U63/><E44/><V56/><F134/><W76/><G76/><T5/><D5/><U36/><E36/><V71/><F71/><W53/><G67/><T28/><D28/><U68/><E20/><V100/><F7/><W129/><G129/><T32/><D32/><U23/><E23/><V102/><F3/><W122/><G122/><T127/><D118/><U72/><E72/><V30/><F43/><W117/><G117/><T61/><D19/><U95/><E85/><V116/><F39/><W18/><G18/><T132/><D88/><U94/><E63/><V2/><F2/><W34/><G1/><T125/><D125/><U38/><E38/><V50/><F116/><W109/><G109/><T57/><D132/><U130/><E115/><V91/><F107/><W31/><G53/><N who="0" m="31935" /><D105/><U52/><E130/><V49/><F49/><W40/><G40/><T133/><D133/><U96/><E96/><V9/><F9/><W41/><G41/><T112/><D112/><U24/><E66/><V111/><F106/><W98/><G31/><T21/><D21/><U121/><E121/><V120/><F111/><W86/><G99/><T135/><D135/><U47/><E69/><V90/><F120/><W6/><G6/><T108/><D108/><U87/><E68/><V82/><F30/><W78/><G78/><T0/><D0/><U46/><E52/><RYUUKYOKU ba="0,0" sc="221,15,397,-15,165,-15,217,15" hai0="54,59,61,62,64,70,101,124,126,127" hai3="10,11,25,29,34,75,77,83,86,89,98,103,104" /><INIT seed="7,1,0,2,5,93" ten="236,382,150,232" oya="3" hai0="2,30,23,9,70,98,37,105,5,124,89,11,42" hai1="0,102,14,99,79,104,91,35,112,13,53,67,38" hai2="95,126,129,18,72,19,12,100,10,48,122,82,132" hai3="21,134,3,114,55,16,22,92,1,69,116,31,57"/><W15/><G116/><T127/><D70/><U40/><E0/><V85/><F126/><N who="0" m="48170" /><D11/><U49/><E35/><V46/><F129/><W33/><G33/><T8/><D8/><U128/><E67/><V47/><F132/><W101/><G69/><T78/><D78/><U118/><E40/><V88/><F122/><W81/><G81/><T135/><D135/><U83/><E38/><V87/><F72/><W64/><G64/><T73/><D73/><U25/><E25/><V65/><F65/><W7/><G7/><T74/><D74/><U113/><E91/><V17/><F100/><W123/><G114/><N who="1" m="44138" /><E128/><V20/><F20/><W27/><G123/><T125/><D89/><U84/><E118/><V111/><F111/><W107/><G107/><T59/><D105/><U66/><E66/><V6/><REACH who="2" step="1"/><F48/><REACH who="2" ten="236,382,140,232" step="2"/><N who="3" m="30951" /><G134/><T77/><D125/><U58/><AGARI ba="1,1" hai="13,14,49,53,58,79,83,84,99,102,104" m="44138" machi="58" ten="30,2000,0" yaku="15,1,52,1" doraHai="93" who="1" fromWho="1" sc="236,-6,382,33,140,-6,232,-11" owari="230,3.0,415,52.0,134,-37.0,221,-18.0" /></mjloggm>