<mjloggm ver="2.3"><GO type="169" lobby="0"/><UN n0="%E3%81%95%E3%82%86" n1="%E3%83%93%E3%83%81%E3%83%A3%E5%B1%B1%E3%83%93%E3%83%81%E3%83%A3%E7%94%B7" n2="%E3%82%AC%E3%83%83%E3%83%84%E3%83%A1%E3%82%A4%E3%82%B7" n3="%78%78%62%6D%6D" dan="16,16,16,17" rate="2104.85,2041.58,2113.48,2160.60" sx="F,M,M,M"/><TAIKYOKU oya="0"/><INIT seed="0,0,0,2,2,11" ten="250,250,250,250" oya="0" hai0="36,82,46,26,43,15,80,22,2,101,28,128,107" hai1="123,112,124,88,105,17,10,75,60,61,7,108,111" hai2="103,49,93,70,94,45,114,67,52,37,42,131,120" hai3="106,34,104,122,30,54,12,119,66,3,69,19,118"/><T90/><D2/><U18/><E123/><V51/><F120/><W47/><G3/><T1/><D1/><U53/><E105/><V73/><F73/><W76/><G122/><T83/><D128/><U63/><E75/><V85/><F114/><W14/><G76/><T21/><D107/><U68/><E112/><V27/><F49/><W0/><G0/><T102/><D90/><U95/><E68/><V115/><F131/><W92/><G92/><T33/><REACH who="0" step="1"/><D33/><REACH who="0" ten="240,250,250,250" step="2"/><U65/><E65/><V74/><F67/><W127/><G34/><T100/><D100/><U59/><E124/><V58/><F103/><W91/><G91/><T62/><D62/><N who="1" m="36207" /><E108/><V135/><F115/><W39/><G127/><T44/><D44/><U126/><E111/><V50/><F45/><W8/><G47/><T32/><D32/><U110/><E110/><V6/><F135/><W116/><G104/><T99/><D99/><N who="1" m="57831" /><E126/><V134/><F134/><W48/><G106/><T4/><D4/><U29/><E61/><V96/><F6/><W71/><G118/><T72/><D72/><U132/><E132/><V23/><F74/><W133/><G116/><T121/><D121/><U109/><E109/><V35/><F35/><W24/><G119/><T125/><D125/><U16/><E60/><V78/><F96/><W9/><G133/><T40/><D40/><U86/><E63/><V84/><F42/><W55/><G66/><T64/><D64/><U97/><E97/><V5/><F5/><W98/><G98/><T56/><D56/><U38/><E7/><V117/><F117/><W25/><G69/><RYUUKYOKU ba="0,1" sc="240,30,250,-10,250,-10,250,-10" hai0="15,21,22,26,28,36,43,46,80,82,83,101,102" /><INIT seed="0,1,1,0,2,16" ten="270,240,240,240" oya="0" hai0="68,126,108,54,61,87,42,102,40,134,4,28,41" hai1="35,116,53,93,45,64,123,83,0,77,71,100,112" hai2="103,84,50,82,106,91,14,25,3,122,37,76,132" hai3="43,117,31,121,18,88,101,1,120,57,86,78,107"/><T133/><D126/><U58/><E116/><V114/><F114/><W97/><G117/><T8/><D102/><U13/><E0/><V66/><F37/><W109/><G109/><T38/><D108/><U118/><E35/><V98/><F3/><W21/><G1/><T79/><D28/><U46/><E123/><V119/><F66/><W10/><G78/><T11/><D38/><U80/><E80/><V32/><F14/><W56/><G10/><T49/><D4/><U52/><E53/><V69/><F50/><W27/><G43/><T51/><D87/><U111/><E118/><V30/><F122/><N who="3" m="47211" /><G31/><T72/><D79/><U113/><E111/><V96/><F119/><W73/><G73/><T104/><D72/><U74/><E13/><V7/><F7/><W92/><AGARI ba="1,1" hai="18,21,27,56,57,86,88,92,97,101,107" m="47211" machi="92" ten="30,4000,0" yaku="13,1,52,1,54,1" doraHai="16" who="3" fromWho="3" sc="270,-21,240,-11,240,-11,240,53" /><INIT seed="1,0,0,0,1,42" ten="249,229,229,293" oya="1" hai0="85,111,47,17,3,43,23,79,80,103,63,83,60" hai1="92,100,74,11,28,64,52,49,66,86,112,78,61" hai2="135,45,107,96,88,116,36,25,56,89,31,110,72" hai3="101,51,18,95,93,19,98,30,119,6,124,24,132"/><U48/><E112/><V71/><F110/><W1/><G124/><T41/><D3/><U26/><E74/><V104/><F72/><W81/><G132/><T108/><D43/><U125/><E125/><V123/><F123/><W87/><G119/><T118/><D118/><U59/><E11/><V131/><F71/><W97/><G6/><T55/><D103/><U115/><E115/><V58/><F131/><W54/><G1/><T38/><D83/><U32/><E78/><V133/><F116/><W128/><G128/><T33/><D33/><U113/><E113/><V44/><F25/><W109/><G109/><N who="0" m="42059" /><D55/><U4/><E4/><V68/><F68/><W67/><G67/><T46/><D46/><U35/><E35/><V84/><F84/><W76/><G30/><T134/><D134/><U62/><E66/><V0/><F0/><W130/><G24/><AGARI ba="0,0" hai="17,23,24,38,41,47,60,63,79,80,85" m="42059" machi="24" ten="30,2000,0" yaku="14,1,52,1" doraHai="42" who="0" fromWho="3" sc="249,20,229,0,229,0,293,-20" /><INIT seed="2,0,0,0,2,107" ten="269,229,229,273" oya="2" hai0="105,59,26,97,90,6,49,112,0,47,75,126,84" hai1="78,115,23,73,30,11,7,65,87,96,68,63,57" hai2="42,34,101,98,83,12,60,67,111,20,89,40,106" hai3="66,113,21,92,94,10,129,39,119,109,86,74,45"/><V82/><F34/><W55/><G119/><T43/><D112/><U38/><E115/><V123/><F123/><W81/><G109/><T4/><D126/><U85/><E38/><V50/><F111/><W135/><G66/><T134/><D134/><U28/><E96/><V100/><F100/><W102/><G129/><T17/><D75/><U25/><E30/><V93/><F50/><W27/><G135/><T58/><D105/><U37/><E37/><V103/><F103/><W133/><G102/><T91/><D97/><U31/><E31/><V99/><F42/><W80/><G10/><T13/><D26/><U122/><E68/><V29/><F40/><W64/><G64/><T77/><D77/><U8/><E8/><V110/><F110/><W69/><G69/><T35/><D35/><U3/><REACH who="1" step="1"/><E122/><REACH who="1" ten="269,219,229,273" step="2"/><V117/><F117/><W124/><G39/><T114/><D114/><U18/><E18/><V19/><REACH who="2" step="1"/><F29/><REACH who="2" ten="269,219,219,273" step="2"/><N who="3" m="17647" /><G113/><T132/><D132/><U14/><E14/><V53/><F53/><W130/><G55/><T108/><D108/><U71/><E71/><AGARI ba="0,2" hai="12,19,20,60,67,71,82,83,89,93,98,99,101,106" machi="71" ten="30,2900,0" yaku="1,1,7,1,53,0" doraHai="107" doraHaiUra="70" who="2" fromWho="1" sc="269,0,219,-29,219,49,273,0" /><INIT seed="2,1,0,4,5,49" ten="269,190,268,273" oya="2" hai0="15,113,91,90,3,110,65,96,30,41,66,11,107" hai1="80,79,108,2,54,127,69,46,75,82,133,7,55" hai2="12,16,4,119,50,130,37,74,77,78,25,120,47" hai3="67,105,72,87,58,70,0,98,6,1,131,24,126"/><V71/><F119/><W36/><G131/><T97/><D113/><U124/><E69/><V81/><F120/><W73/><G126/><N who="1" m="48170" /><E108/><V109/><F130/><W5/><G87/><T85/><D3/><U125/><E133/><V26/><F71/><W63/><G6/><T43/><D30/><U86/><N who="1" m="48178" /><U52/><DORA hai="53" /><E2/><V101/><F37/><W38/><G0/><T61/><D65/><U32/><E7/><V132/><F132/><W76/><G24/><T68/><D91/><N who="1" m="51671" /><E32/><V17/><F101/><W34/><G34/><T14/><D14/><U103/><E103/><V88/><F74/><W129/><G129/><T99/><D107/><U134/><E134/><V28/><F109/><W114/><G73/><T102/><D102/><U31/><E31/><V94/><F28/><W33/><G33/><T135/><D110/><U48/><AGARI ba="1,0" hai="46,48,52,54,55,75,79,80" m="51671,48178" machi="48" ten="40,8000,1" yaku="18,1,52,3,54,1" doraHai="49,53" who="1" fromWho="1" sc="269,-21,190,83,268,-41,273,-21" /><INIT seed="3,0,0,3,3,37" ten="248,273,227,252" oya="3" hai0="130,26,29,117,111,50,98,80,77,96,24,6,59" hai1="5,30,87,88,132,18,86,46,113,67,108,11,89" hai2="135,0,110,47,118,100,63,12,22,70,41,115,2" hai3="60,27,74,129,16,62,101,122,23,81,78,28,116"/><W36/><G116/><T17/><D117/><U4/><E113/><V125/><F115/><W72/><G122/><T84/><D111/><U1/><E132/><V7/><F110/><W40/><G129/><T106/><D130/><U71/><E108/><V13/><F135/><W94/><G74/><T90/><D6/><U45/><E30/><V9/><F125/><W103/><G28/><T73/><D17/><U64/><E18/><V49/><F118/><W82/><G82/><T104/><D24/><U43/><E71/><V120/><F120/><W99/><REACH who="3" step="1"/><G101/><REACH who="3" ten="248,273,227,242" step="2"/><T21/><D73/><U38/><E1/><V65/><F100/><W79/><G79/><T14/><D77/><U76/><E76/><V133/><F133/><W25/><G25/><T91/><D26/><U69/><E89/><V124/><F124/><W58/><G58/><T66/><D29/><U134/><E88/><V102/><F102/><W56/><G56/><T126/><D126/><U114/><E134/><V54/><F22/><W32/><G32/><T20/><D20/><U75/><E75/><V52/><REACH who="2" step="1"/><F13/><REACH who="2" ten="248,273,217,242" step="2"/><W57/><G57/><T93/><D14/><U34/><E114/><V42/><F42/><W19/><G19/><T61/><D21/><U123/><E123/><V127/><F127/><W85/><G85/><T39/><D98/><U35/><E43/><V95/><F95/><W107/><G107/><T121/><D121/><U97/><E97/><V10/><F10/><W92/><G92/><T119/><D119/><U128/><E11/><V55/><AGARI ba="0,2" hai="0,2,7,9,12,41,47,49,52,54,55,63,65,70" machi="55" ten="30,7900,0" yaku="1,1,0,1,52,1,54,1,53,0" doraHai="37" doraHaiUra="109" who="2" fromWho="2" sc="248,-20,273,-20,217,99,242,-39" /><INIT seed="4,0,0,4,5,90" ten="228,253,316,203" oya="0" hai0="19,26,0,37,102,118,25,128,135,100,120,86,16" hai1="7,69,111,38,92,10,28,65,112,101,6,29,1" hai2="106,124,57,53,46,63,23,94,36,50,126,24,42" hai3="35,123,12,15,55,104,82,79,117,131,73,59,115"/><T3/><D118/><U11/><E111/><V56/><F106/><W80/><G117/><T9/><D37/><U114/><E38/><V48/><F23/><W51/><G115/><N who="1" m="44074" /><E65/><N who="2" m="39143" /><F94/><W91/><G35/><T97/><D120/><U77/><E69/><V121/><F24/><W81/><G131/><T31/><D128/><U75/><E77/><V4/><F4/><W119/><G104/><T64/><D64/><U20/><E75/><V70/><F70/><W113/><G123/><T13/><D135/><U133/><E133/><V95/><F95/><W62/><G119/><T132/><D132/><U47/><E47/><N who="2" m="24007" /><F121/><W88/><G113/><T108/><D108/><U67/><E67/><V49/><F49/><W61/><G73/><T45/><D86/><U21/><E92/><V110/><F110/><W130/><G79/><T107/><D102/><U98/><E98/><V134/><F134/><W129/><G129/><T34/><D19/><U5/><E101/><V116/><F116/><W33/><G33/><T41/><D25/><N who="1" m="16423" /><E1/><V66/><F66/><W32/><G32/><T17/><D17/><U127/><E11/><V72/><F72/><W18/><G130/><T27/><D27/><N who="1" m="16623" /><E10/><V71/><F71/><W58/><G51/><T83/><D83/><U103/><E103/><V44/><F44/><W76/><G76/><T125/><D0/><U14/><E14/><N who="3" m="5162" /><G18/><T74/><D3/><U89/><E89/><V99/><F99/><W60/><G60/><T43/><D74/><U85/><E85/><V84/><F84/><N who="3" m="50183" /><G91/><T68/><D68/><U22/><E22/><V78/><F78/><RYUUKYOKU ba="0,0" sc="228,-30,253,10,316,10,203,10" hai1="5,6,7,127" hai2="46,48,50,53,57,124,126" hai3="55,58,59,61,62,81,82" /><INIT seed="5,1,0,0,0,41" ten="198,263,326,213" oya="1" hai0="115,12,106,75,2,131,24,11,103,46,17,85,14" hai1="118,74,21,10,135,0,18,23,40,55,53,87,122" hai2="84,110,6,54,127,13,61,76,86,30,88,38,51" hai3="121,16,69,126,111,36,133,4,68,45,8,48,90"/><U28/><E74/><V49/><F38/><W120/><G111/><T7/><D75/><U79/><E122/><V15/><F110/><W125/><G36/><T3/><D115/><U117/><E135/><V116/><F127/><N who="3" m="48651" /><G90/><T29/><D131/><U42/><E28/><V128/><F30/><W39/><G39/><T89/><D103/><U5/><E79/><V98/><F116/><W80/><G80/><T50/><D106/><U65/><E65/><V67/><F67/><W104/><G104/><T81/><D14/><U1/><E18/><V83/><F98/><W77/><G77/><T60/><D60/><U82/><E10/><N who="2" m="4311" /><F15/><N who="3" m="7271" /><G4/><T70/><D7/><U66/><E5/><V105/><F105/><W132/><G121/><T101/><D101/><U71/><E66/><V114/><F128/><W32/><G32/><T52/><D70/><N who="3" m="27241" /><G120/><T47/><D47/><U56/><E71/><V78/><F78/><W92/><G92/><T33/><AGARI ba="1,0" hai="2,3,11,12,17,24,29,33,46,50,52,81,85,89" machi="33" ten="20,12000,2" yaku="0,1,7,1,25,2,52,1,54,1" doraHai="41" who="0" fromWho="0" sc="198,123,263,-61,326,-31,213,-31" /><INIT seed="6,0,0,3,3,51" ten="321,202,295,182" oya="2" hai0="50,103,26,105,74,19,114,1,124,25,41,3,70" hai1="119,107,85,134,96,40,131,22,94,130,10,83,13" hai2="112,118,31,34,69,80,24,38,132,115,87,58,44" hai3="56,111,109,129,61,113,116,126,75,120,135,93,81"/><V11/><F118/><W133/><G93/><T8/><D74/><U110/><E119/><V30/><F69/><W127/><G81/><T54/><D70/><U123/><E110/><N who="3" m="41994" /><G75/><T5/><D41/><U23/><E134/><N who="3" m="51210" /><G116/><T64/><D64/><U77/><E123/><V16/><F132/><W2/><G2/><T32/><D114/><N who="2" m="43562" /><F34/><W99/><G99/><T125/><D103/><U121/><E121/><V92/><F92/><W49/><G113/><T29/><D105/><U0/><E0/><V18/><F58/><W84/><G84/><T48/><D48/><U4/><E107/><V37/><F44/><W20/><G20/><T72/><D72/><U45/><E130/><V55/><F55/><N who="3" m="33951" /><G120/><T15/><D1/><U39/><REACH who="1" step="1"/><E131/><REACH who="1" ten="321,192,295,182" step="2"/><V62/><F30/><W102/><G102/><AGARI ba="0,1" hai="4,10,13,22,23,39,40,45,77,83,85,94,96,102" machi="102" ten="30,7700,0" yaku="1,1,2,1,7,1,53,1" doraHai="51" doraHaiUra="88" who="1" fromWho="3" sc="321,0,192,87,295,0,182,-77" /><INIT seed="7,0,0,4,1,105" ten="321,279,295,105" oya="3" hai0="95,109,103,6,83,21,18,129,121,99,75,86,10" hai1="38,3,124,77,0,130,113,51,122,5,66,37,111" hai2="71,41,48,45,126,78,67,26,107,94,40,12,119" hai3="57,108,70,91,134,25,47,52,76,33,80,72,89"/><W104/><G70/><T56/><D121/><U90/><E122/><V44/><F119/><W49/><G134/><T58/><D109/><U120/><E120/><V68/><F107/><W92/><G104/><T110/><D75/><U39/><E111/><V88/><F78/><W74/><G108/><T106/><D129/><U36/><E5/><V61/><F126/><W133/><G133/><T81/><D81/><U115/><N who="1" m="9216" /><DORA hai="50" /><U46/><E66/><V19/><F26/><W14/><G74/><T73/><D73/><U60/><E60/><V64/><F45/><W43/><G14/><N who="0" m="5463" /><D106/><U102/><E102/><V35/><F35/><W87/><G91/><N who="0" m="51679" /><D110/><U23/><E77/><V24/><F24/><AGARI ba="0,0" hai="18,21,24,56,58,95,99,103" m="51679,5463" machi="24" ten="30,1000,0" yaku="8,1" doraHai="105,50" who="0" fromWho="2" sc="321,10,279,0,295,-10,105,0" owari="331,42.0,279,-12.0,285,9.0,105,-39.0" /></mjloggm>