<mjloggm ver="2.3"><GO type="169" lobby="0"/><UN n0="%E3%81%AE%E3%81%B3%E3%81%97%E3%82%8D%E2%99%82" n1="%E8%BC%9D%E6%B5%B7" n2="%E3%82%AB%E3%82%AD%E3%83%84%E3%83%90%E3%82%BF" n3="%46%45%41%54%48%45%52" dan="16,17,18,17" rate="2091.69,2165.62,2211.10,2196.03" sx="M,M,M,M"/><TAIKYOKU oya="0"/><INIT seed="0,0,0,5,1,17" ten="250,250,250,250" oya="0" hai0="18,92,33,9,21,57,101,105,76,8,80,52,98" hai1="94,73,51,43,84,74,20,122,85,106,81,26,27" hai2="99,0,65,131,48,102,12,37,78,115,88,11,1" hai3="42,109,117,46,100,107,15,70,7,4,62,45,128"/><T61/><D33/><U72/><E106/><V49/><F37/><W10/><G117/><T5/><D105/><U31/><E122/><V118/><F78/><W6/><G109/><T38/><D38/><U63/><E63/><V25/><F65/><W135/><G135/><T127/><D127/><U19/><E81/><V116/><F25/><W66/><G128/><T97/><D97/><U103/><E103/><V64/><F64/><W13/><G13/><T79/><D79/><U124/><E124/><V14/><F115/><W121/><G121/><T110/><D110/><U90/><E43/><V36/><F36/><W130/><G130/><T2/><D5/><U75/><E51/><V40/><F40/><W39/><REACH who="3" step="1"/><G45/><REACH who="3" ten="250,250,250,240" step="2"/><T24/><REACH who="0" step="1"/><D2/><REACH who="0" ten="240,250,250,240" step="2"/><U123/><E123/><V44/><F131/><W104/><G104/><T125/><D125/><U3/><E3/><V53/><F0/><W22/><G22/><T60/><D60/><U82/><N who="1" m="18432" /><DORA hai="134" /><U132/><E132/><V32/><F1/><W89/><G89/><T133/><D133/><U29/><REACH who="1" step="1"/><E27/><REACH who="1" ten="240,240,250,240" step="2"/><V30/><F102/><W87/><G87/><AGARI ba="0,3" hai="8,9,18,21,24,52,57,61,76,80,87,92,98,101" machi="87" ten="30,18000,2" yaku="1,1,7,1,8,1,52,1,54,1,53,1" doraHai="17,134" doraHaiUra="58,126" who="0" fromWho="3" sc="240,210,240,0,250,0,240,-180" /><INIT seed="0,1,0,2,1,88" ten="450,240,250,60" oya="0" hai0="117,47,39,45,93,75,126,113,110,31,11,134,0" hai1="62,42,24,125,30,36,111,85,100,19,18,95,108" hai2="90,16,83,135,89,28,12,44,50,48,43,3,58" hai3="52,34,130,87,25,77,40,122,65,4,38,1,101"/><T15/><D134/><U64/><E125/><V66/><F3/><W54/><G130/><T49/><D126/><U61/><E42/><V127/><F135/><W71/><G87/><T128/><D128/><U96/><E36/><V22/><F127/><W21/><G34/><T131/><D131/><U98/><E85/><V23/><F83/><W103/><G65/><T118/><D113/><U76/><E76/><V20/><F28/><W13/><G71/><T94/><D75/><U109/><E98/><V81/><F81/><W105/><G105/><T79/><D79/><U69/><REACH who="1" step="1"/><E62/><REACH who="1" ten="450,230,250,60" step="2"/><N who="2" m="38231" /><F48/><W60/><G38/><T82/><D39/><U80/><E80/><V35/><F35/><AGARI ba="1,1" hai="18,19,24,30,35,61,64,69,95,96,100,108,109,111" machi="35" ten="40,5200,0" yaku="1,1,14,1,52,1,53,0" doraHai="88" doraHaiUra="114" who="1" fromWho="2" sc="450,0,230,65,250,-55,60,0" /><INIT seed="1,0,0,1,5,59" ten="450,295,195,60" oya="1" hai0="134,96,35,131,15,0,40,8,65,24,55,61,16" hai1="4,97,123,110,46,36,99,88,32,71,118,104,11" hai2="92,1,128,10,127,82,90,45,26,3,109,95,49" hai3="85,89,86,132,38,98,103,67,115,129,34,114,33"/><U117/><E123/><V25/><F128/><W119/><G38/><T51/><D134/><U31/><E99/><V63/><F82/><W75/><G67/><T13/><D131/><U53/><E110/><V113/><F127/><W60/><G129/><T30/><D40/><U64/><E53/><V56/><F113/><W14/><G14/><T42/><D42/><U66/><E66/><V122/><F95/><W58/><G75/><T81/><D81/><U101/><E88/><V112/><F112/><W108/><G108/><T74/><D74/><U125/><E125/><V102/><F1/><W107/><G86/><T47/><D96/><U12/><E46/><V120/><F102/><W37/><G37/><T111/><D111/><U5/><E5/><V84/><F109/><W62/><G132/><T70/><REACH who="0" step="1"/><D13/><REACH who="0" ten="440,295,195,60" step="2"/><U19/><E36/><V68/><F120/><W126/><G115/><T73/><D73/><U116/><E4/><V91/><F84/><W54/><G114/><T133/><D133/><U50/><E118/><V43/><F43/><W44/><G126/><T124/><D124/><U83/><E83/><V106/><F122/><W76/><G119/><T39/><D39/><U9/><E117/><V18/><F3/><AGARI ba="0,1" hai="0,3,8,15,16,24,30,35,47,51,55,61,65,70" machi="3" ten="40,8000,1" yaku="1,1,52,1,54,1,53,1" doraHai="59" doraHaiUra="6" who="0" fromWho="2" sc="440,90,295,0,195,-80,60,0" /><INIT seed="2,0,0,0,4,113" ten="530,295,115,60" oya="2" hai0="123,71,20,66,65,33,50,94,45,19,130,59,116" hai1="86,27,58,53,97,23,63,13,48,77,4,135,5" hai2="117,109,57,81,54,46,31,41,120,69,30,85,105" hai3="22,78,129,82,28,89,37,44,122,47,80,36,133"/><V102/><F69/><W34/><G34/><T106/><D106/><U95/><E135/><V51/><F120/><W74/><G122/><T92/><D130/><U134/><E134/><V70/><F70/><W101/><G129/><T61/><D123/><U24/><E24/><V39/><F109/><W68/><G68/><T75/><D75/><U103/><E13/><V6/><F6/><W127/><G127/><T126/><D126/><U7/><E77/><V32/><F32/><W0/><G0/><T29/><D29/><U67/><E86/><V15/><F15/><W21/><G28/><T87/><D33/><U91/><E91/><V3/><F3/><W132/><G89/><T111/><D111/><U125/><E125/><V76/><F117/><W90/><G90/><T73/><D73/><U38/><E38/><V100/><REACH who="2" step="1"/><F102/><REACH who="2" ten="530,295,105,60" step="2"/><W43/><G101/><T88/><D116/><U131/><E131/><V12/><F12/><W110/><G110/><T84/><D71/><U79/><E5/><V26/><F26/><W96/><G133/><T56/><D19/><U99/><E7/><V107/><F107/><W98/><G132/><T11/><D11/><U35/><E4/><V62/><F62/><W16/><G21/><T25/><D20/><U55/><E35/><V93/><F93/><W2/><G2/><T9/><D9/><U52/><E23/><V72/><F72/><W18/><G22/><T17/><D17/><N who="3" m="6761" /><G82/><T83/><D25/><U42/><E27/><V49/><F49/><W124/><G124/><T60/><D84/><U128/><E128/><V119/><F119/><RYUUKYOKU ba="0,1" sc="530,10,295,-30,105,10,60,10" hai0="45,50,56,59,60,61,65,66,83,87,88,92,94" hai2="30,31,39,41,46,51,54,57,76,81,85,100,105" hai3="36,37,43,44,47,74,78,80,96,98" /><INIT seed="2,1,1,5,1,56" ten="540,265,115,70" oya="2" hai0="50,57,81,88,45,41,101,132,33,62,5,26,29" hai1="126,7,119,54,130,70,40,23,74,2,110,123,53" hai2="6,37,114,64,129,1,97,106,35,60,77,118,46" hai3="22,94,105,72,11,61,117,10,95,91,128,39,89"/><V79/><F114/><W86/><G72/><T121/><D132/><U14/><E14/><V18/><F118/><W71/><G117/><T67/><D121/><U93/><E93/><V108/><F18/><W104/><G39/><T19/><D101/><U98/><E23/><V38/><F35/><W9/><G128/><T69/><D5/><U113/><E98/><V125/><F129/><W124/><G124/><T15/><D69/><U135/><E54/><V78/><F108/><W82/><G22/><T28/><D26/><U58/><E53/><V52/><F125/><W103/><G82/><T84/><D33/><U134/><E58/><V49/><F106/><W13/><G13/><T109/><D109/><U43/><E43/><V131/><F97/><W83/><G103/><T51/><D50/><U111/><E40/><V85/><F85/><W115/><G115/><T32/><D32/><U80/><E80/><V68/><REACH who="2" step="1"/><F131/><REACH who="2" ten="540,265,105,70" step="2"/><W55/><G105/><T66/><D19/><U31/><E111/><V25/><F25/><W63/><G104/><T65/><D84/><U42/><E110/><V100/><F100/><W107/><G107/><T44/><D29/><U20/><E130/><V122/><F122/><W12/><G86/><T27/><D28/><U17/><E31/><V92/><F92/><W47/><G94/><T112/><D27/><U8/><E123/><V30/><F30/><W76/><G95/><T59/><D112/><U96/><E113/><V99/><F99/><W48/><G83/><T87/><D81/><U24/><E119/><V4/><F4/><W102/><G102/><RYUUKYOKU ba="1,2" sc="540,-10,265,-10,105,30,70,-10" hai2="1,6,37,38,46,49,52,60,64,68,77,78,79" /><INIT seed="2,2,2,2,2,120" ten="530,255,135,60" oya="2" hai0="119,56,109,88,2,67,49,31,69,73,57,52,30" hai1="114,108,81,34,78,112,130,7,53,125,5,11,115" hai2="71,66,92,65,79,41,37,103,97,86,22,90,124" hai3="33,83,19,102,107,25,36,50,77,45,126,118,26"/><V91/><F124/><W6/><G118/><T51/><D109/><U72/><E108/><V117/><F117/><W106/><G36/><T133/><D133/><U24/><E53/><V40/><F79/><W64/><G126/><T48/><D2/><U23/><E7/><V129/><F129/><W135/><G135/><T93/><D73/><U55/><E125/><V38/><F38/><W42/><G64/><T10/><D69/><U1/><E55/><V128/><F128/><W104/><G6/><T87/><D119/><U9/><E9/><V74/><F74/><W0/><G0/><T132/><D132/><U113/><E113/><V98/><F37/><W82/><G102/><T68/><D10/><U99/><E99/><V18/><F90/><W20/><REACH who="3" step="1"/><G77/><REACH who="3" ten="530,255,135,50" step="2"/><T80/><D67/><U85/><E130/><V116/><F116/><W16/><G16/><T59/><D30/><AGARI ba="2,3" hai="19,20,25,26,30,33,42,45,50,82,83,104,106,107" machi="30" ten="40,1300,0" yaku="1,1,53,0" doraHai="120" doraHaiUra="61" who="3" fromWho="0" sc="530,-19,255,0,135,0,50,49" /><INIT seed="3,0,0,0,1,50" ten="511,255,135,99" oya="3" hai0="44,7,15,78,120,23,27,131,58,93,111,57,96" hai1="95,75,69,112,81,24,25,83,70,22,71,21,63" hai2="54,64,129,26,105,85,62,42,65,121,31,94,2" hai3="89,46,103,1,109,72,33,3,60,30,99,77,74"/><W91/><G109/><T106/><D111/><U68/><E112/><V49/><F105/><W18/><G18/><T47/><D131/><U125/><E125/><V98/><F2/><W100/><G46/><T116/><D120/><U6/><E6/><V48/><F129/><W117/><G117/><T10/><D106/><U128/><E128/><V19/><F85/><W32/><G60/><T13/><D13/><U86/><E75/><V135/><F19/><W17/><G17/><T34/><D34/><U14/><E14/><V43/><F48/><W104/><G104/><T38/><D116/><U126/><E126/><V97/><F97/><W45/><G45/><T20/><D20/><U118/><E118/><V28/><F64/><W134/><G99/><T90/><D78/><U130/><E22/><V0/><F0/><W61/><G61/><T88/><D38/><U16/><E25/><V84/><F84/><W9/><G77/><T36/><D36/><U110/><E110/><V122/><F31/><W11/><REACH who="3" step="1"/><G134/><REACH who="3" ten="511,255,135,89" step="2"/><T52/><D47/><U40/><E130/><V4/><F135/><W37/><G37/><T29/><D90/><U115/><E63/><V132/><F132/><W53/><G53/><T80/><D44/><U41/><E16/><V39/><F39/><W76/><G76/><T8/><D52/><U119/><E119/><V101/><F62/><W87/><G87/><N who="0" m="50279" /><D8/><U55/><E71/><V114/><F54/><W108/><G108/><T51/><D51/><U82/><E70/><V12/><F49/><W66/><G66/><T56/><D96/><U92/><E69/><RYUUKYOKU ba="0,1" sc="511,15,255,-15,135,-15,89,15" hai0="7,10,15,23,27,29,56,57,58,93" hai3="1,3,9,11,30,32,33,72,74,89,91,100,103" /><INIT seed="3,1,1,4,4,56" ten="526,240,120,104" oya="3" hai0="81,91,109,123,87,86,112,133,72,65,1,12,101" hai1="3,104,77,40,84,130,35,43,73,57,119,98,79" hai2="44,114,106,107,124,29,61,55,122,111,13,41,117" hai3="21,105,46,7,134,108,25,54,68,97,39,128,64"/><W30/><G134/><T131/><D1/><U127/><E35/><V78/><F114/><W32/><G128/><T22/><D109/><U85/><E3/><V9/><F111/><W20/><G108/><T129/><D123/><U89/><E119/><V118/><F29/><W33/><G7/><T24/><D12/><U94/><E127/><V23/><F23/><W82/><G82/><T67/><D72/><U115/><E115/><V26/><F26/><W125/><G33/><T38/><D38/><U74/><E130/><N who="0" m="49673" /><D133/><U0/><E0/><V4/><F78/><W116/><G125/><T96/><D87/><U120/><E120/><V60/><F124/><W42/><G54/><T14/><D14/><U28/><E28/><V70/><F55/><W135/><G116/><T59/><D59/><U31/><E31/><V103/><F122/><W17/><G17/><N who="0" m="12367" /><D112/><U76/><E57/><V10/><F10/><W110/><G110/><T121/><D121/><U34/><E34/><V71/><F71/><W88/><G135/><T2/><D2/><U126/><E126/><V99/><F70/><W90/><G105/><AGARI ba="1,1" hai="65,67,81,86,91,96,101,105" m="12367,49673" machi="105" ten="30,1000,0" yaku="19,1" doraHai="56" who="0" fromWho="3" sc="526,23,240,0,120,0,104,-13" /><INIT seed="4,0,0,5,5,68" ten="549,240,120,91" oya="0" hai0="13,121,18,124,127,0,89,95,74,44,31,118,76" hai1="128,72,7,42,37,3,55,22,70,23,51,66,104" hai2="91,133,58,96,60,59,131,24,33,50,64,71,14" hai3="80,63,27,69,1,92,28,93,132,100,82,52,77"/><T57/><D121/><U120/><E104/><V117/><F117/><W34/><G1/><T25/><D118/><U106/><E106/><V98/><F133/><W90/><G132/><T75/><D0/><U62/><E72/><V43/><F131/><W9/><G9/><T12/><D44/><N who="1" m="23631" /><E120/><V73/><F73/><W36/><G36/><T47/><D12/><U78/><E78/><V108/><F108/><W2/><G2/><T83/><D75/><U8/><E128/><V107/><F91/><W19/><G19/><T122/><D122/><U65/><E65/><V48/><F96/><W105/><G90/><T130/><D130/><U56/><AGARI ba="0,0" hai="3,7,8,22,23,51,55,56,62,66,70" m="23631" machi="56" ten="30,2000,0" yaku="24,1,52,1" doraHai="68" who="1" fromWho="1" sc="549,-10,240,20,120,-5,91,-5" /><INIT seed="5,0,0,3,3,90" ten="539,260,115,86" oya="1" hai0="101,18,10,30,71,129,2,132,31,128,99,72,41" hai1="73,125,106,33,20,108,13,117,94,70,87,60,0" hai2="8,23,69,50,64,121,65,81,127,122,22,43,54" hai3="67,83,61,92,119,19,51,27,17,37,133,15,57"/><U52/><E0/><V1/><F127/><W34/><G37/><T135/><D72/><U79/><E33/><V55/><F43/><W3/><G3/><T78/><D78/><U116/><E106/><V100/><F100/><W86/><G133/><N who="0" m="51275" /><D71/><U26/><E73/><V68/><F1/><W104/><G104/><N who="0" m="63551" /><D41/><U107/><E107/><V111/><F81/><W130/><G130/><N who="0" m="50283" /><D18/><U39/><E39/><V126/><F50/><W131/><G131/><T36/><D36/><U44/><E79/><V98/><F68/><W40/><G40/><T58/><D58/><U105/><E70/><V32/><F69/><W49/><G51/><T62/><D62/><U85/><E60/><V97/><F32/><W7/><G49/><T134/><D134/><U89/><E44/><V84/><F65/><W118/><G34/><T59/><D59/><U95/><E52/><V113/><F64/><W5/><G19/><T75/><D75/><U29/><E29/><V25/><F54/><W66/><G67/><T24/><D24/><U114/><E26/><V48/><F25/><W74/><G27/><T56/><D56/><U82/><E20/><V80/><F55/><W63/><G61/><T77/><D77/><U12/><E105/><V16/><F22/><N who="3" m="11583" /><G74/><T76/><D76/><U9/><E9/><V42/><F8/><W123/><G66/><T11/><D11/><U14/><E14/><V28/><F23/><W112/><G63/><T102/><D102/><U6/><E13/><V45/><F48/><W47/><G57/><T35/><D35/><U120/><E12/><V115/><F45/><RYUUKYOKU ba="0,0" sc="539,30,260,-10,115,-10,86,-10" hai0="2,10,30,31" /><INIT seed="6,1,0,2,2,51" ten="569,250,105,76" oya="2" hai0="122,40,115,123,112,130,12,86,48,127,66,73,60" hai1="79,58,25,15,8,53,71,89,108,14,46,50,5" hai2="68,47,132,3,90,109,101,33,94,118,57,23,77" hai3="104,124,95,93,7,4,55,83,1,42,59,16,10"/><V131/><F68/><W126/><G104/><T21/><D73/><U6/><E71/><V41/><F33/><W80/><G42/><T13/><D86/><U70/><E70/><V78/><F3/><W88/><G93/><T72/><D72/><U27/><E108/><V84/><F118/><W129/><G129/><T49/><D130/><U103/><E79/><V117/><F117/><W113/><G113/><N who="0" m="43595" /><D127/><N who="3" m="48681" /><G7/><T63/><D63/><U74/><E74/><V44/><F41/><W39/><G39/><T128/><D128/><U107/><E107/><V98/><F109/><W61/><G16/><N who="0" m="10375" /><D13/><U120/><E103/><V9/><F101/><W28/><G28/><T54/><D40/><U18/><E120/><V85/><F94/><W82/><G82/><T22/><D22/><N who="1" m="11607" /><E5/><V75/><F23/><W31/><G31/><T125/><D125/><U111/><E111/><V99/><F131/><W0/><G1/><T135/><D135/><U121/><E121/><V67/><F132/><W43/><G43/><T17/><D17/><U56/><E89/><V45/><F90/><W105/><G105/><T91/><D91/><U76/><E76/><V29/><F78/><W32/><G32/><T38/><D38/><U52/><E46/><V92/><F29/><W119/><G119/><T81/><D81/><U96/><E96/><AGARI ba="1,0" hai="0,4,10,55,59,61,80,83,88,95,96" m="48681" machi="96" ten="30,3900,0" yaku="18,1,52,1,54,1" doraHai="51" who="3" fromWho="1" sc="569,0,250,-42,105,0,76,42" /><INIT seed="7,0,0,3,2,113" ten="569,208,105,118" oya="3" hai0="104,129,46,69,33,114,57,90,56,135,128,118,133" hai1="126,19,61,2,49,112,54,40,110,44,35,52,88" hai2="60,93,82,42,103,51,4,47,63,92,0,84,24" hai3="130,134,20,6,98,9,94,30,1,23,66,102,83"/><W120/><G120/><T121/><D118/><U62/><E35/><V107/><F107/><W95/><G134/><N who="0" m="51211" /><D121/><U74/><E74/><V28/><F0/><W91/><G83/><T15/><D114/><U59/><E2/><V70/><F4/><W8/><G8/><T81/><D69/><U39/><E110/><V97/><F92/><W101/><G130/><T109/><D109/><U27/><E126/><V13/><F13/><W76/><G76/><T12/><D33/><U119/><E119/><V89/><REACH who="2" step="1"/><F70/><REACH who="2" ten="569,208,95,118" step="2"/><W45/><G95/><T22/><D104/><U14/><E14/><V64/><F64/><W78/><G66/><T10/><D15/><U11/><E112/><V79/><F79/><W50/><G78/><T99/><D129/><U124/><E11/><V18/><F18/><W127/><G127/><T31/><D128/><U16/><E19/><V53/><F53/><W32/><G32/><AGARI ba="0,1" hai="24,28,32,42,47,51,60,63,82,84,89,93,97,103" machi="32" ten="30,3900,0" yaku="1,1,7,1,53,1" doraHai="113" doraHaiUra="26" who="2" fromWho="3" sc="569,0,208,0,95,49,118,-39" owari="569,67.0,208,1.0,144,-26.0,79,-42.0" /></mjloggm>