<mjloggm ver="2.3"><GO type="169" lobby="0"/><UN n0="%63%6C%75%74%63%68%37%33" n1="%E5%B1%B1%E6%9C%AC%E6%83%A3%E4%B8%80%E6%9C%97" n2="%66%53" n3="%E8%B1%86%E3%83%80%E3%83%9E%E8%AD%A6%E5%AF%9F" dan="17,17,18,16" rate="2202.69,2167.21,2236.31,2119.73" sx="M,M,M,M"/><TAIKYOKU oya="0"/><INIT seed="0,0,0,2,4,79" ten="250,250,250,250" oya="0" hai0="11,103,121,101,78,68,48,102,89,32,8,76,7" hai1="6,119,10,90,24,16,26,74,83,117,111,39,105" hai2="108,124,112,67,132,15,122,135,27,4,18,20,123" hai3="50,120,64,47,131,36,45,22,99,14,31,57,42"/><T114/><D32/><U30/><E111/><V0/><F67/><W128/><G120/><N who="2" m="46121" /><F108/><W51/><G99/><T25/><D121/><U84/><E105/><V70/><F70/><W28/><G14/><T126/><D114/><U93/><E39/><V85/><F85/><W52/><G22/><T17/><D68/><U19/><E119/><V41/><F41/><N who="3" m="22695" /><G28/><T35/><D48/><U3/><E117/><V97/><F97/><W65/><G31/><T44/><D44/><U72/><E26/><V49/><F49/><W56/><G56/><T87/><D35/><U33/><REACH who="1" step="1"/><E93/><REACH who="1" ten="250,240,250,250" step="2"/><V96/><F112/><W77/><G77/><T118/><D118/><U127/><E127/><V113/><F113/><W81/><G81/><N who="0" m="49391" /><D126/><U109/><E109/><V63/><F124/><W61/><G128/><T54/><D78/><U55/><E55/><V88/><F27/><W9/><G131/><T13/><D76/><U62/><E62/><V94/><F63/><W110/><G110/><T107/><D107/><U100/><E100/><V115/><F115/><W12/><G65/><T75/><D75/><AGARI ba="0,1" hai="3,6,10,16,19,24,30,33,72,74,75,83,84,90" machi="75" ten="40,8000,1" yaku="1,1,52,1,54,1,53,1" doraHai="79" doraHaiUra="1" who="1" fromWho="0" sc="250,-80,240,90,250,0,250,0" /><INIT seed="1,0,0,3,0,49" ten="170,330,250,250" oya="1" hai0="60,72,128,116,6,129,97,99,28,48,117,43,40" hai1="61,121,92,88,83,7,18,13,81,21,41,131,76" hai2="16,110,66,132,57,50,5,39,2,127,112,64,34" hai3="90,122,14,86,85,77,35,33,25,51,93,46,82"/><U134/><E131/><N who="0" m="50249" /><D72/><U54/><E134/><V73/><F73/><W9/><G122/><T80/><D28/><U52/><E121/><V91/><F132/><W133/><G133/><T123/><D123/><U69/><E41/><N who="0" m="15945" /><D6/><U135/><E135/><V62/><F39/><W115/><G115/><T104/><D80/><N who="1" m="30795" /><E76/><V22/><F34/><W10/><G25/><T45/><D60/><U98/><E69/><V125/><F110/><W96/><G9/><T70/><D70/><U0/><E0/><V109/><F109/><W84/><G35/><T100/><D99/><U106/><E106/><V101/><F112/><W27/><G27/><T74/><D74/><U42/><E42/><AGARI ba="0,0" hai="42,45,48,97,100,104,116,117" m="15945,50249" machi="42" ten="30,1000,0" yaku="19,1" doraHai="49" who="0" fromWho="1" sc="170,10,330,-10,250,0,250,0" /><INIT seed="2,0,0,1,3,56" ten="180,320,250,250" oya="2" hai0="76,98,61,106,97,94,9,75,19,28,67,83,93" hai1="126,115,103,59,105,2,127,62,12,49,41,123,109" hai2="36,72,13,86,89,42,51,21,58,15,95,90,99" hai3="100,82,60,47,14,85,128,64,22,116,5,74,6"/><V78/><F36/><W77/><G116/><T79/><D28/><U57/><E2/><V108/><F108/><W92/><G128/><T122/><D122/><U91/><E115/><V23/><F72/><W55/><G47/><T25/><D79/><U3/><E3/><V129/><F78/><W125/><G125/><N who="1" m="47626" /><E109/><V46/><F129/><W53/><G5/><T70/><D106/><U7/><E123/><V37/><F37/><W96/><G74/><T29/><D19/><U48/><E91/><V39/><F39/><W54/><G6/><T26/><D9/><N who="1" m="4159" /><E41/><V102/><F90/><W110/><G110/><T18/><D18/><U113/><E113/><V17/><F58/><W10/><G10/><T130/><D130/><U81/><E81/><V84/><F89/><W16/><REACH who="3" step="1"/><G64/><REACH who="3" ten="180,320,250,240" step="2"/><T35/><REACH who="0" step="1"/><D26/><REACH who="0" ten="170,320,250,240" step="2"/><U71/><E105/><V111/><F111/><W87/><G87/><T50/><D50/><U8/><E49/><V4/><F4/><W119/><G119/><T120/><D120/><U135/><E48/><V0/><F0/><W31/><G31/><T30/><D30/><U1/><E1/><V69/><F86/><W118/><G118/><T63/><D63/><AGARI ba="0,2" hai="14,16,22,53,54,55,60,63,77,82,85,92,96,100" machi="63" ten="40,8000,1" yaku="1,1,8,1,52,2,54,1,53,0" doraHai="56" doraHaiUra="132" who="3" fromWho="0" sc="170,-80,320,0,250,0,240,100" /><INIT seed="3,0,0,4,0,35" ten="90,320,250,340" oya="3" hai0="63,117,71,92,20,6,73,34,95,21,43,33,108" hai1="124,56,80,58,10,70,13,81,85,52,64,15,24" hai2="98,130,37,65,105,4,2,46,8,90,113,5,75" hai3="112,120,26,116,60,18,42,19,66,91,103,83,132"/><W78/><G112/><T111/><D73/><U16/><E124/><V22/><F113/><W23/><G116/><T1/><D43/><U107/><E107/><V28/><F130/><W51/><G120/><T104/><D104/><U97/><E70/><V77/><F65/><W84/><G132/><T17/><D63/><N who="1" m="37991" /><E97/><V69/><F69/><W82/><G103/><T126/><D71/><U41/><E41/><N who="2" m="22831" /><F5/><W55/><G42/><T88/><D126/><U94/><E24/><V114/><F114/><W125/><G125/><T102/><D102/><U59/><E59/><V30/><F22/><W50/><G66/><T101/><D101/><U131/><E131/><V123/><F123/><W14/><G60/><T32/><D117/><U38/><E38/><V7/><F7/><W74/><REACH who="3" step="1"/><G55/><REACH who="3" ten="90,320,250,330" step="2"/><T57/><D111/><U109/><E109/><V47/><F105/><W86/><G86/><T100/><D108/><U87/><E87/><V12/><F75/><W133/><G133/><T49/><D100/><U99/><E85/><V48/><F98/><W68/><G68/><T67/><D67/><U40/><E40/><V76/><F48/><W9/><AGARI ba="0,1" hai="9,14,18,19,23,26,50,51,74,78,82,83,84,91" machi="9" ten="20,3900,0" yaku="1,1,0,1,7,1,53,0" doraHai="35" doraHaiUra="62" who="3" fromWho="3" sc="90,-13,320,-13,250,-13,330,49" /><INIT seed="3,1,0,3,4,51" ten="77,307,237,379" oya="3" hai0="19,53,62,102,66,110,34,130,90,56,81,6,63" hai1="69,88,23,55,3,4,13,46,118,22,45,24,5" hai2="21,71,35,77,97,113,131,42,133,25,115,104,40" hai3="18,80,15,41,28,57,59,83,125,33,27,52,124"/><W85/><G41/><T2/><D110/><U132/><E118/><V123/><F71/><W17/><G59/><T119/><D119/><U82/><E69/><V16/><F131/><W10/><G18/><T31/><D130/><U116/><E132/><V89/><F133/><W73/><G73/><T93/><D81/><U60/><E3/><V117/><F117/><W96/><G96/><T54/><D102/><U95/><E82/><V126/><F126/><N who="3" m="48747" /><G85/><T106/><D106/><U9/><E4/><V64/><F64/><W99/><G99/><T108/><D108/><U47/><E24/><V38/><F123/><W30/><G30/><T84/><D19/><U128/><E128/><V12/><F42/><W49/><AGARI ba="1,0" hai="10,15,17,27,28,33,49,52,57,80,83" m="48747" machi="49" ten="30,6000,0" yaku="18,1,52,1,54,1" doraHai="51" who="3" fromWho="3" sc="77,-21,307,-21,237,-21,379,63" /><INIT seed="3,2,0,3,0,56" ten="56,286,216,442" oya="3" hai0="27,106,107,125,79,53,80,47,20,71,41,126,60" hai1="54,5,133,96,119,77,72,12,98,44,48,120,135" hai2="87,114,40,123,92,57,33,68,29,101,11,103,118" hai3="18,65,69,23,36,88,112,58,3,16,43,34,130"/><W70/><G112/><T26/><D106/><U45/><E120/><V14/><F118/><W52/><G34/><T63/><D107/><U121/><E121/><V64/><F114/><W42/><G3/><T4/><D4/><U2/><E2/><V21/><F68/><W95/><G130/><T83/><D53/><U111/><E111/><V128/><F33/><W124/><G124/><N who="0" m="47723" /><D71/><U132/><E119/><V117/><F128/><W86/><G70/><T8/><D8/><N who="1" m="4111" /><E45/><V50/><F117/><W0/><G0/><T85/><D83/><AGARI ba="2,0" hai="44,48,54,72,77,83,96,98,132,133,135" m="4111" machi="83" ten="30,1000,0" yaku="20,1" doraHai="56" who="1" fromWho="0" sc="56,-16,286,16,216,0,442,0" /><INIT seed="4,0,0,3,2,89" ten="40,302,216,442" oya="0" hai0="135,18,109,74,71,47,50,76,64,125,75,77,37" hai1="62,35,22,113,27,55,79,68,33,20,81,28,86" hai2="53,101,82,67,61,34,123,98,103,88,43,92,39" hai3="70,132,126,80,44,56,8,65,122,54,131,105,59"/><T83/><D135/><U3/><E3/><V91/><F34/><W16/><G105/><T99/><D125/><U118/><E118/><V78/><F123/><W73/><G131/><T1/><D37/><U128/><E128/><V15/><F39/><W112/><G112/><T9/><D109/><U97/><E113/><V69/><F43/><W84/><G132/><T63/><D99/><U57/><E68/><V133/><F133/><W4/><G73/><T121/><D121/><U10/><E10/><V102/><F15/><W25/><G44/><T114/><D114/><U12/><E12/><V46/><F46/><W6/><G6/><T60/><D60/><U95/><E35/><V100/><REACH who="2" step="1"/><F53/><REACH who="2" ten="40,302,206,442" step="2"/><W52/><G54/><T42/><D1/><U124/><REACH who="1" step="1"/><E124/><REACH who="1" ten="40,292,206,442" step="2"/><V19/><F19/><W38/><G16/><T66/><D66/><U30/><E30/><V14/><F14/><W119/><G65/><T29/><D29/><U13/><E13/><V2/><F2/><W94/><G126/><T36/><D18/><U7/><E7/><V11/><F11/><W41/><G8/><T90/><D9/><U129/><E129/><V104/><F104/><W110/><G4/><T72/><REACH who="0" step="1"/><D36/><REACH who="0" ten="30,292,206,442" step="2"/><U127/><E127/><V5/><F5/><W96/><G38/><T23/><D23/><U0/><E0/><V120/><F120/><W106/><G122/><T21/><D21/><U130/><E130/><V49/><F49/><W117/><G117/><T58/><D58/><U45/><E45/><V116/><F116/><W24/><G119/><T115/><D115/><U111/><E111/><RYUUKYOKU ba="0,3" sc="30,10,292,10,206,10,442,-30" hai0="42,47,50,63,64,71,72,74,75,76,77,83,90" hai1="20,22,27,28,33,55,57,62,79,81,86,95,97" hai2="61,67,69,78,82,88,91,92,98,100,101,102,103" /><INIT seed="4,1,3,0,5,112" ten="40,302,216,412" oya="0" hai0="130,125,99,1,13,29,8,102,10,25,123,67,86" hai1="66,82,93,80,94,4,23,127,121,92,44,84,76" hai2="74,71,95,89,18,129,134,31,52,135,87,12,24" hai3="73,32,77,117,81,19,53,55,105,37,124,70,133"/><T60/><D123/><U34/><E34/><V5/><F71/><W0/><RYUUKYOKU type="yao9" ba="1,3" sc="40,0,302,0,216,0,412,0" hai3="0,19,32,37,53,55,70,73,77,81,105,117,124,133" /><INIT seed="4,2,3,2,0,61" ten="40,302,216,412" oya="0" hai0="72,50,111,89,78,15,25,20,56,86,30,90,57" hai1="2,40,62,69,126,19,132,108,43,134,32,33,31" hai2="88,13,127,120,51,10,38,130,52,87,102,68,95" hai3="58,53,125,112,29,16,122,47,0,83,37,63,8"/><T101/><D111/><U4/><E108/><V26/><F120/><W54/><G112/><T135/><D72/><U99/><E126/><V80/><F127/><W21/><G125/><T106/><D135/><N who="1" m="51755" /><E19/><V133/><F133/><W121/><G29/><T5/><D106/><U35/><E31/><V73/><F130/><W97/><G83/><N who="0" m="47479" /><D101/><U42/><E99/><N who="2" m="59775" /><F68/><W11/><G97/><T23/><D23/><U3/><E4/><N who="2" m="3271" /><F38/><W94/><G94/><T84/><D50/><U24/><E24/><V117/><F117/><W14/><G0/><N who="1" m="42" /><E69/><V74/><F74/><W110/><G110/><T114/><D114/><U82/><E82/><V55/><F73/><W71/><G71/><T93/><D90/><U107/><E62/><V6/><F6/><W113/><G113/><T119/><D119/><U128/><E107/><V115/><F115/><W41/><G121/><T9/><AGARI ba="2,3" hai="5,9,15,20,25,30,56,57,84,89,93" m="47479" machi="9" ten="30,1500,0" yaku="8,1" doraHai="61" who="0" fromWho="0" sc="40,51,302,-7,216,-7,412,-7" /><INIT seed="4,3,0,5,0,61" ten="91,295,209,405" oya="0" hai0="54,44,43,131,26,21,80,17,7,123,31,49,51" hai1="66,116,126,132,63,38,9,36,127,56,46,57,111" hai2="114,91,121,79,89,48,41,71,108,3,22,93,84" hai3="5,88,117,18,96,16,37,100,106,8,73,85,104"/><T50/><D131/><U64/><E9/><V115/><F121/><W11/><G37/><N who="1" m="14442" /><E111/><V134/><F134/><W92/><G117/><T77/><D123/><U122/><E116/><V4/><F108/><W60/><G73/><T62/><D7/><U135/><E46/><V118/><F71/><W69/><G106/><T45/><D49/><U81/><E81/><V47/><F118/><W15/><G69/><T94/><D94/><U97/><E97/><V25/><F79/><W110/><G110/><T29/><REACH who="0" step="1"/><D62/><REACH who="0" ten="81,295,209,405" step="2"/><N who="1" m="37959" /><E122/><V86/><F4/><W87/><G60/><T40/><D40/><U112/><E112/><V74/><F114/><W27/><G104/><T72/><AGARI ba="3,1" hai="17,21,26,29,31,43,44,45,50,51,54,72,77,80" machi="72" ten="20,3900,0" yaku="1,1,0,1,7,1,53,0" doraHai="61" doraHaiUra="28" who="0" fromWho="0" sc="81,58,295,-16,209,-16,405,-16" /><INIT seed="4,4,0,0,4,87" ten="139,279,193,389" oya="0" hai0="48,6,129,127,135,18,57,124,102,49,66,96,90" hai1="82,38,12,95,117,43,113,67,30,74,23,19,55" hai2="46,28,108,24,130,132,16,20,17,105,39,103,63" hai3="72,101,68,75,32,69,29,79,123,47,78,92,65"/><T4/><D129/><U131/><E117/><V3/><F108/><W88/><G32/><T45/><D135/><U86/><E131/><V120/><F130/><W9/><G29/><T54/><D18/><U76/><E113/><V125/><F120/><W50/><G123/><T21/><D21/><U77/><E67/><V116/><F125/><N who="0" m="48202" /><D66/><U110/><E110/><V40/><F116/><W133/><G133/><T27/><D27/><U109/><E109/><V126/><F126/><W80/><G101/><T42/><D90/><U35/><E35/><V111/><F111/><W44/><G44/><T112/><D112/><U26/><E38/><V70/><F132/><W97/><G65/><T14/><D14/><U93/><E43/><V119/><F119/><W0/><G0/><T122/><D122/><U62/><E76/><V10/><F70/><W60/><G9/><T106/><AGARI ba="4,0" hai="4,6,42,45,48,49,54,57,96,102,106" m="48202" machi="106" ten="30,1500,0" yaku="18,1" doraHai="87" who="0" fromWho="0" sc="139,27,279,-9,193,-9,389,-9" /><INIT seed="4,5,0,3,4,59" ten="166,270,184,380" oya="0" hai0="134,37,89,74,51,126,92,131,11,20,7,8,39" hai1="2,30,56,123,87,133,105,67,77,129,29,58,121" hai2="95,127,84,15,101,10,106,69,48,128,5,9,47" hai3="26,38,68,132,124,108,125,66,45,99,13,86,83"/><T44/><D131/><U6/><E105/><V32/><F128/><W118/><G118/><T28/><D134/><U42/><E129/><V70/><F127/><W82/><G108/><T49/><D74/><U54/><E42/><V34/><F106/><W76/><G132/><T119/><D126/><U110/><E110/><V22/><F22/><W52/><G99/><T135/><D135/><U71/><E71/><V130/><F130/><W88/><G66/><T0/><D11/><U17/><E133/><V85/><F101/><W50/><G68/><T33/><D33/><U73/><E73/><V96/><F96/><W111/><G111/><T75/><D75/><U79/><E2/><V103/><F103/><W62/><G38/><T109/><D119/><U93/><E6/><V43/><F10/><W3/><G3/><T102/><D102/><U18/><E67/><V63/><F70/><W4/><G26/><T72/><D51/><U94/><E54/><V53/><F69/><W41/><G124/><T16/><D28/><U65/><E65/><V114/><F114/><W97/><G125/><T81/><D109/><U19/><E19/><V55/><F43/><W107/><G107/><T40/><D72/><U35/><REACH who="1" step="1"/><E87/><REACH who="1" ten="166,260,184,380" step="2"/><V104/><F104/><W60/><G41/><T122/><D122/><U91/><E91/><N who="2" m="53735" /><F85/><N who="3" m="48327" /><G97/><N who="0" m="57487" /><D81/><U23/><E23/><V27/><F34/><AGARI ba="5,1" hai="17,18,29,30,34,35,56,58,77,79,93,94,121,123" machi="34" ten="25,3200,0" yaku="1,1,22,2,53,0" doraHai="59" doraHaiUra="78" who="1" fromWho="2" sc="166,0,260,57,184,-47,380,0" /><INIT seed="5,0,0,1,0,120" ten="166,317,137,380" oya="1" hai0="115,12,96,70,62,14,6,111,53,58,15,17,126" hai1="39,25,1,43,65,26,9,100,67,20,46,90,42" hai2="97,27,23,22,134,127,49,132,7,50,33,74,124" hai3="51,93,21,55,60,84,131,117,41,0,40,30,13"/><U92/><E100/><V24/><F74/><W86/><G0/><T71/><D115/><U119/><E119/><V83/><F83/><W11/><G131/><T19/><D126/><N who="2" m="48170" /><F97/><W31/><G60/><T5/><D111/><U121/><E121/><V103/><F103/><W37/><G37/><T61/><D96/><U18/><E43/><N who="3" m="16458" /><G117/><T91/><D91/><U95/><E95/><V85/><F85/><N who="3" m="32875" /><G21/><N who="2" m="7689" /><F7/><N who="3" m="3327" /><G93/><T128/><D15/><U116/><E116/><V72/><F72/><W107/><G107/><T48/><D71/><U63/><E26/><N who="2" m="9771" /><F33/><W125/><G125/><T29/><D70/><U35/><E35/><V109/><F109/><W133/><G133/><AGARI ba="0,0" hai="49,50,132,133,134" m="9771,7689,48170" machi="133" ten="40,8000,1" yaku="28,2,20,1,18,1" doraHai="120" who="2" fromWho="3" sc="166,0,317,0,137,80,380,-80" /><INIT seed="6,0,0,2,4,109" ten="166,317,217,300" oya="2" hai0="24,123,51,48,106,99,41,119,117,121,35,114,59" hai1="25,19,22,116,62,75,77,66,84,108,88,72,131" hai2="33,7,130,87,5,42,127,3,34,120,118,67,126" hai3="9,92,74,60,89,103,54,129,23,6,57,52,21"/><V45/><F120/><W32/><G32/><T82/><D35/><N who="2" m="13322" /><F118/><N who="0" m="45066" /><D24/><U101/><E116/><V91/><F67/><W83/><G103/><N who="0" m="62847" /><D41/><U12/><E108/><V95/><F3/><W68/><G129/><T79/><D59/><U94/><E131/><V40/><F130/><W36/><G36/><T44/><D44/><U132/><E101/><V4/><F45/><W56/><G68/><T26/><D26/><U65/><E65/><V105/><F105/><W2/><G83/><T100/><D51/><U15/><E15/><V18/><F18/><W43/><G74/><N who="0" m="43383" /><D48/><U38/><E12/><V112/><F42/><W31/><G43/><T27/><D27/><U90/><E25/><V1/><F1/><W14/><G31/><T63/><D63/><U20/><E62/><V61/><F61/><N who="3" m="35991" /><G2/><T128/><D128/><U86/><E66/><V134/><F40/><W0/><G0/><T80/><D100/><U115/><E38/><V97/><F4/><W30/><G30/><T76/><D114/><U69/><E19/><V50/><F50/><W107/><G6/><N who="2" m="2057" /><F112/><W28/><G28/><T113/><D113/><U10/><E115/><V133/><F97/><N who="3" m="57487" /><G23/><T49/><D49/><U122/><E22/><V93/><F93/><W29/><G21/><T47/><D47/><U73/><E94/><V8/><F8/><W85/><G29/><T78/><D78/><U81/><E20/><V70/><F70/><W13/><G13/><T39/><D39/><U11/><E69/><V55/><F55/><W96/><G14/><T135/><D121/><U46/><E122/><V71/><F71/><RYUUKYOKU ba="0,0" sc="166,-10,317,-10,217,30,300,-10" hai2="87,91,95,126,127,133,134" /><INIT seed="6,1,0,3,5,129" ten="156,307,247,290" oya="2" hai0="84,70,2,11,89,9,67,72,54,85,0,118,37" hai1="102,128,130,46,121,90,120,29,25,97,77,5,24" hai2="96,34,30,45,132,19,32,101,112,131,116,27,8" hai3="100,135,64,14,43,87,68,123,117,119,38,49,110"/><V58/><F131/><N who="1" m="50217" /><E90/><V134/><F112/><W41/><G100/><T92/><D72/><U80/><E46/><V22/><F116/><N who="3" m="44619" /><G87/><T57/><D118/><U52/><E52/><V48/><F58/><W20/><G20/><T126/><D126/><U65/><E65/><V114/><F114/><W71/><G14/><T51/><D37/><U83/><E5/><V3/><F3/><W111/><G123/><N who="1" m="47178" /><E77/><V66/><F66/><W79/><G79/><T74/><D2/><U33/><E25/><V40/><F8/><W127/><G38/><T81/><D0/><U16/><E16/><V35/><REACH who="2" step="1"/><F19/><REACH who="2" ten="156,307,237,290" step="2"/><W69/><G64/><T17/><D17/><U124/><E124/><V44/><F44/><W28/><G127/><T4/><D11/><U55/><E55/><V21/><F21/><W6/><G6/><T99/><D9/><U104/><AGARI ba="1,1" hai="24,29,33,80,83,97,102,104" m="47178,50217" machi="104" ten="30,2000,0" yaku="19,1,13,1" doraHai="129" who="1" fromWho="1" sc="156,-6,307,33,237,-11,290,-6" /><INIT seed="7,0,0,0,1,100" ten="150,340,226,284" oya="3" hai0="59,66,89,40,110,115,108,16,126,9,99,70,81" hai1="46,37,65,82,76,29,91,33,96,128,120,127,15" hai2="103,17,116,122,38,121,35,94,23,39,21,8,77" hai3="79,4,49,134,13,114,109,107,12,112,87,47,50"/><W90/><G134/><T34/><D34/><U64/><E120/><N who="2" m="46187" /><F77/><W60/><G109/><T51/><D126/><U131/><E15/><N who="2" m="7399" /><F35/><W19/><G79/><T106/><D70/><U98/><E96/><N who="2" m="59799" /><F116/><W43/><G4/><T24/><D115/><U104/><E65/><V111/><F111/><W130/><G12/><T93/><D81/><U85/><E46/><V73/><F73/><W86/><G86/><T44/><D66/><U129/><E37/><AGARI ba="0,0" hai="21,23,37,38,39" m="59799,7399,46187" machi="37" ten="30,1000,0" yaku="13,1" doraHai="100" who="2" fromWho="1" sc="150,0,340,-10,226,10,284,0" owari="150,-35.0,330,43.0,236,-16.0,284,8.0" /></mjloggm>