<mjloggm ver="2.3"><GO type="169" lobby="0"/><UN n0="%E8%80%95%E3%81%99%E3%83%9E%E3%82%B7%E3%83%B3" n1="%E3%82%B5%E3%83%96%E3%82%A2%E3%83%A9%E3%83%89" n2="%E3%83%AC%E3%82%AA%E3%83%B3%E3%83%8F%E3%83%AB%E3%83%88" n3="%6D%69%6E%65%72%61%6C%32" dan="16,16,16,16" rate="2077.48,2072.61,2099.81,2184.60" sx="M,M,M,M"/><TAIKYOKU oya="0"/><INIT seed="0,0,0,1,5,76" ten="250,250,250,250" oya="0" hai0="27,25,5,135,115,71,134,18,132,106,121,125,129" hai1="70,119,108,3,130,53,127,45,90,107,12,24,120" hai2="113,87,21,65,73,117,68,4,20,16,51,57,116" hai3="80,63,28,97,40,99,38,61,123,11,36,92,64"/><T48/><D71/><U9/><E120/><V114/><F73/><W52/><G123/><T98/><D121/><U131/><E119/><N who="2" m="45643" /><F68/><W95/><G28/><T83/><D115/><U26/><E108/><V85/><F21/><W39/><G40/><T78/><D5/><U84/><E70/><V126/><F4/><W14/><G64/><T7/><D7/><U91/><E3/><V22/><F22/><W43/><G43/><T112/><D18/><U37/><E107/><V29/><F29/><W47/><G47/><T122/><D112/><U2/><E2/><V94/><F126/><W67/><G67/><T35/><D125/><U34/><E34/><V110/><F110/><W102/><G80/><T124/><D124/><U13/><E127/><V31/><F31/><W89/><REACH who="3" step="1"/><G52/><REACH who="3" ten="250,250,250,240" step="2"/><T105/><D122/><U86/><E53/><N who="2" m="31935" /><F65/><W23/><G23/><T72/><D35/><U62/><E45/><V30/><F30/><W10/><G10/><T54/><D129/><U1/><E9/><V69/><F69/><W103/><G103/><N who="0" m="62711" /><D106/><U88/><E1/><V0/><F0/><W96/><G96/><T15/><D15/><N who="1" m="5707" /><E37/><V74/><F114/><W118/><G118/><T77/><D78/><U19/><E62/><V59/><F113/><W93/><G93/><T82/><D82/><U6/><E6/><AGARI ba="0,1" hai="6,11,14,36,38,39,61,63,89,92,95,97,99,102" machi="6" ten="40,1300,0" yaku="1,1,53,0" doraHai="76" doraHaiUra="81" who="3" fromWho="1" sc="250,0,250,-13,250,0,240,23" /><INIT seed="1,0,0,5,5,51" ten="250,237,250,263" oya="1" hai0="23,70,133,10,135,48,91,78,2,42,74,60,49" hai1="82,26,63,132,27,85,113,53,44,111,76,66,122" hai2="73,30,29,46,112,19,89,35,121,107,123,120,1" hai3="108,61,75,32,11,105,103,45,22,114,130,56,65"/><U118/><E122/><V40/><F112/><W110/><G32/><T106/><D106/><U41/><E113/><V77/><F107/><W104/><G75/><T17/><D78/><U33/><E118/><V25/><F30/><W21/><G114/><T84/><D74/><U57/><E132/><V67/><F67/><W72/><G72/><T116/><D70/><U0/><E0/><V71/><F71/><W86/><G130/><T54/><D60/><U15/><E15/><V55/><F89/><W24/><G11/><T131/><D42/><U52/><E111/><V13/><F1/><W38/><G86/><T127/><D48/><N who="1" m="26639" /><E33/><V5/><F5/><W124/><G21/><T3/><D131/><U59/><E66/><V8/><F77/><W7/><G7/><T83/><D116/><U37/><E37/><V117/><F73/><W102/><G124/><T6/><D127/><U87/><E87/><V128/><F128/><W69/><G69/><T64/><D64/><U58/><E58/><V88/><F117/><W50/><G38/><T119/><D3/><U34/><E34/><V90/><REACH who="2" step="1"/><F55/><REACH who="2" ten="250,237,240,263" step="2"/><N who="3" m="30159" /><G104/><T31/><D119/><U18/><E18/><V16/><F16/><N who="3" m="12359" /><G105/><T36/><D31/><U92/><E92/><V115/><F115/><W97/><G97/><T98/><D98/><U4/><E4/><V9/><F9/><W96/><G96/><T79/><D135/><U109/><E109/><AGARI ba="0,1" hai="56,61,65,102,103,108,109,110" m="12359,30159" machi="109" ten="30,3900,0" yaku="14,1,52,1,54,1" doraHai="51" who="3" fromWho="1" sc="250,0,237,-39,240,0,263,49" /><INIT seed="2,0,0,2,2,103" ten="250,198,240,312" oya="2" hai0="123,102,86,112,7,134,94,73,67,133,127,110,122" hai1="130,106,13,25,117,126,92,47,1,45,27,125,118" hai2="129,79,37,55,33,109,20,68,26,104,91,39,120" hai3="101,54,36,57,114,96,115,22,34,52,50,80,53"/><V5/><F120/><W97/><G34/><T49/><D67/><U29/><E1/><V119/><F119/><N who="1" m="45577" /><E92/><V82/><F129/><W28/><G36/><T60/><D102/><U135/><E130/><V11/><F68/><W87/><G28/><T89/><D7/><U48/><E135/><V6/><F33/><W51/><G22/><T41/><D73/><U100/><E13/><V93/><F55/><W15/><G15/><T74/><D74/><U72/><E72/><V124/><F124/><N who="1" m="47721" /><E47/><V24/><F24/><W30/><G30/><T84/><D123/><U90/><E90/><V8/><F82/><W69/><G69/><T107/><D89/><U56/><E56/><V9/><F79/><W0/><G0/><T113/><D94/><U40/><E29/><V21/><F93/><W3/><G3/><T78/><D78/><U131/><E131/><V77/><F91/><W2/><G2/><T4/><D122/><U75/><E75/><V58/><F58/><W95/><G97/><AGARI ba="0,0" hai="25,27,40,45,48,97,100,106" m="47721,45577" machi="97" ten="30,2000,0" yaku="18,1,52,1" doraHai="103" who="1" fromWho="3" sc="250,0,198,20,240,0,312,-20" /><INIT seed="3,0,0,4,3,100" ten="250,218,240,292" oya="3" hai0="118,87,105,32,55,84,23,96,35,58,67,135,15" hai1="128,78,39,107,129,133,64,43,83,63,60,97,86" hai2="51,102,11,28,91,77,25,31,62,27,117,57,13" hai3="106,115,54,3,101,37,48,26,76,80,116,2,18"/><W114/><G37/><T99/><D118/><U0/><E0/><V12/><F117/><W24/><G116/><T75/><D75/><U44/><E133/><V85/><F77/><W69/><G69/><T131/><D131/><N who="1" m="50251" /><E64/><V109/><F102/><AGARI ba="0,0" hai="39,43,44,60,63,78,83,86,97,102,107" m="50251" machi="102" ten="30,2000,0" yaku="19,1,52,1" doraHai="100" who="1" fromWho="2" sc="250,0,218,20,240,-20,292,0" /><INIT seed="4,0,0,3,1,132" ten="250,238,220,292" oya="0" hai0="73,116,89,64,66,126,72,3,34,107,120,113,2" hai1="52,31,21,71,134,131,93,70,91,48,37,62,81" hai2="55,59,85,35,75,125,87,54,76,124,108,11,49" hai3="46,122,110,13,0,90,123,83,45,30,33,100,9"/><T77/><D113/><U117/><E117/><V14/><F108/><W53/><G0/><T38/><D116/><U39/><E134/><V115/><F35/><W47/><G100/><T63/><D34/><U19/><E81/><V88/><F115/><W26/><G110/><T114/><D114/><U4/><E4/><V121/><F121/><N who="3" m="46091" /><G90/><T41/><D89/><U27/><E31/><V29/><F29/><W128/><G83/><T104/><D41/><U56/><E131/><V24/><F24/><W10/><G128/><T135/><D38/><U12/><E12/><V25/><F25/><W82/><G82/><T6/><D120/><U94/><E94/><V44/><F75/><W5/><G10/><T57/><D77/><U133/><E133/><V74/><F74/><W92/><G92/><T98/><D98/><U106/><E106/><V80/><F85/><W78/><G78/><T99/><D99/><N who="1" m="57791" /><E48/><AGARI ba="0,0" hai="5,9,13,26,30,33,45,46,47,48,53" m="46091" machi="48" ten="30,1000,0" yaku="13,1" doraHai="132" who="3" fromWho="1" sc="250,0,238,-10,220,0,292,10" /><INIT seed="5,0,0,3,2,37" ten="250,228,220,302" oya="1" hai0="109,129,44,34,31,99,78,49,9,48,68,33,32" hai1="25,14,84,118,5,106,103,11,1,76,134,58,135" hai2="101,92,8,39,0,85,56,47,3,15,90,86,113" hai3="94,73,100,117,18,4,104,27,88,36,87,124,7"/><U23/><E118/><V79/><F113/><W59/><G117/><T24/><D109/><U69/><E69/><V46/><F101/><W70/><G70/><T121/><D129/><U62/><E103/><V102/><F102/><W22/><G124/><T26/><D99/><U82/><E106/><V116/><F116/><W63/><G36/><T41/><D68/><U126/><E126/><V71/><F71/><W98/><REACH who="3" step="1"/><G73/><REACH who="3" ten="250,228,220,292" step="2"/><T108/><D108/><U51/><E135/><V13/><F39/><W42/><G42/><T64/><D41/><U53/><E134/><V111/><F111/><W66/><AGARI ba="0,1" hai="4,7,18,22,27,59,63,66,87,88,94,98,100,104" machi="66" ten="20,8000,1" yaku="1,1,0,1,7,1,54,1,53,1" doraHai="37" doraHaiUra="19" who="3" fromWho="3" sc="250,-20,228,-40,220,-20,292,90" /><INIT seed="6,0,0,4,2,103" ten="230,188,200,382" oya="2" hai0="122,58,119,3,63,83,31,47,95,32,74,130,80" hai1="67,75,12,71,133,108,50,35,118,135,90,73,52" hai2="16,81,91,97,98,5,8,72,79,131,26,110,11" hai3="96,116,86,27,106,89,104,76,4,60,17,1,36"/><V51/><F131/><W22/><G36/><T9/><D122/><U68/><E108/><V99/><F110/><W124/><G116/><T40/><D130/><U105/><E35/><V82/><F51/><W87/><G4/><T125/><D31/><U123/><E118/><V48/><F48/><W128/><G1/><T134/><D32/><U93/><E12/><V62/><F62/><W34/><G128/><T117/><D117/><U15/><E15/><V84/><REACH who="2" step="1"/><F5/><REACH who="2" ten="230,188,190,382" step="2"/><W102/><G60/><T2/><D63/><U19/><E123/><V53/><F53/><W64/><G64/><T65/><D65/><U30/><E67/><V107/><F107/><W109/><G106/><T78/><D119/><U126/><E105/><V127/><F127/><W56/><G104/><T100/><D125/><U54/><E126/><V101/><F101/><W94/><G102/><T113/><D100/><U38/><E38/><V92/><F92/><W39/><G94/><T120/><D95/><U111/><E111/><V23/><AGARI ba="0,1" hai="8,11,16,23,26,72,79,81,82,84,91,97,98,99" machi="23" ten="30,6000,0" yaku="1,1,0,1,54,1,53,0" doraHai="103" doraHaiUra="46" who="2" fromWho="2" sc="230,-20,188,-20,190,70,382,-20" /><INIT seed="6,1,0,2,5,131" ten="210,168,260,362" oya="2" hai0="126,52,80,74,124,8,119,59,84,82,77,109,100" hai1="28,69,116,60,123,56,89,134,45,31,51,81,75" hai2="97,14,2,35,47,17,107,62,103,67,32,20,53" hai3="73,70,25,86,65,118,39,55,37,27,112,4,120"/><V106/><F2/><W104/><G73/><T83/><D109/><U61/><E116/><V34/><F47/><W95/><G104/><T108/><D108/><U10/><E123/><V54/><REACH who="2" step="1"/><F106/><REACH who="2" ten="210,168,250,362" step="2"/><W94/><G120/><T122/><D122/><U13/><E45/><V90/><F90/><W6/><G118/><T79/><D119/><U15/><E89/><V85/><F85/><W68/><G86/><T129/><D129/><U110/><E75/><V5/><F5/><W92/><G4/><T33/><D74/><U101/><E110/><V96/><F96/><W93/><G6/><T76/><D84/><U11/><E101/><V23/><F23/><W43/><G94/><T127/><D100/><U12/><E81/><V26/><F26/><W18/><G93/><T1/><D33/><U36/><E10/><V111/><F111/><W40/><G25/><T102/><D102/><U58/><E11/><V99/><F99/><W87/><G87/><T48/><D8/><U88/><E88/><V66/><F66/><W105/><G65/><T22/><D22/><U50/><E12/><V3/><F3/><AGARI ba="1,1" hai="1,3,48,52,59,76,77,79,80,82,83,124,126,127" machi="3" ten="50,8000,1" yaku="29,2,18,1,54,1" doraHai="131" who="0" fromWho="2" sc="210,93,168,0,250,-83,362,0" /><INIT seed="7,0,0,0,3,17" ten="303,168,167,362" oya="3" hai0="109,84,28,27,2,85,110,101,114,123,108,106,39" hai1="68,117,76,62,12,63,128,37,91,33,97,64,61" hai2="107,56,4,75,59,10,119,60,44,80,121,40,88" hai3="83,115,7,16,35,78,41,135,30,26,52,120,11"/><W93/><G120/><T0/><D123/><U126/><E117/><V31/><F121/><W122/><G122/><T25/><D39/><U104/><E37/><V103/><F119/><W43/><G115/><T72/><D72/><U5/><E33/><V19/><F31/><W74/><G135/><T36/><D36/><U111/><E111/><V45/><F19/><W127/><G127/><T113/><D106/><U21/><E126/><V48/><F45/><W50/><G93/><T112/><D101/><U99/><E76/><V79/><F60/><W65/><G65/><T67/><D67/><U3/><E3/><N who="0" m="1065" /><D28/><U131/><E68/><V130/><F130/><N who="1" m="49705" /><E64/><V82/><F103/><W90/><G90/><T96/><D96/><U124/><E124/><V6/><F107/><W38/><G38/><T42/><D42/><U92/><E104/><V98/><F4/><W125/><G125/><T94/><D94/><U9/><E99/><V105/><F105/><W71/><G71/><T102/><D102/><U129/><E129/><V73/><F73/><W89/><G89/><T57/><D57/><U77/><E77/><V132/><F132/><W8/><G43/><T46/><D46/><U22/><AGARI ba="0,0" hai="5,9,12,21,22,61,62,63,91,92,97" m="49705" machi="22" ten="40,5200,0" yaku="19,1,52,2" doraHai="17" who="1" fromWho="1" sc="303,-13,168,52,167,-13,362,-26" owari="290,9.0,220,-18.0,154,-35.0,336,44.0" /></mjloggm>