<mjloggm ver="2.3"><GO type="225" lobby="0"/><UN n0="%50%49%58%49" n1="%49%4D%41%49" n2="%E5%84%AA%40%41%42%43" n3="%E8%A8%88%E7%AE%97%E6%A9%9F%E8%87%AA%E7%84%B6" dan="17,16,17,17" rate="2172.42,2017.96,2208.27,2208.49" sx="F,M,M,M"/><TAIKYOKU oya="0"/><INIT seed="0,0,0,3,5,50" ten="250,250,250,250" oya="0" hai0="114,27,2,123,112,94,116,17,40,90,126,95,39" hai1="105,55,100,133,63,57,128,130,98,99,28,66,60" hai2="15,9,72,21,33,68,23,56,117,84,10,29,14" hai3="134,96,104,7,121,37,51,127,83,16,79,12,120"/><T5/><D116/><U86/><E133/><V52/><F72/><W92/><G37/><T108/><D123/><N who="3" m="47177" /><G127/><T18/><D126/><U88/><E28/><V69/><F117/><W110/><G110/><T48/><D39/><U3/><E98/><V1/><F1/><W53/><G7/><T132/><D132/><U41/><E41/><V85/><F29/><W54/><G104/><T6/><D108/><U46/><E3/><V131/><F33/><W24/><G24/><T67/><D67/><U122/><E122/><V106/><F106/><W113/><G51/><T129/><D27/><U118/><E118/><V11/><F131/><W78/><G113/><T135/><D135/><U107/><E107/><V81/><F69/><W61/><G61/><T71/><D2/><U30/><E30/><V70/><F70/><W102/><G134/><T26/><D71/><U89/><E89/><N who="2" m="51343" /><F85/><N who="3" m="48375" /><G79/><T76/><D76/><U32/><E32/><V124/><F68/><W20/><AGARI ba="0,0" hai="12,16,20,53,54,92,96,102" m="48375,47177" machi="20" ten="30,7900,0" yaku="13,1,52,2,54,1" doraHai="50" who="3" fromWho="3" sc="250,-39,250,-20,250,-20,250,79" /><INIT seed="1,0,0,2,3,85" ten="211,230,230,329" oya="1" hai0="67,101,80,58,29,38,73,121,103,108,21,118,107" hai1="122,125,90,69,40,49,100,92,12,112,15,84,74" hai2="1,94,104,3,124,83,88,96,131,129,95,44,60" hai3="16,47,93,57,26,123,18,5,102,135,32,63,97"/><U33/><E69/><V50/><F124/><W76/><G123/><T70/><D118/><U23/><E33/><V13/><F104/><W89/><G135/><T24/><D108/><U11/><E74/><V110/><F110/><W10/><G76/><T59/><D121/><U78/><E122/><V99/><F60/><W52/><G47/><T17/><D38/><U56/><E112/><V31/><F13/><N who="3" m="5327" /><G32/><T111/><D111/><U41/><E125/><V128/><F31/><W28/><G28/><T9/><D70/><U54/><E78/><V87/><F95/><N who="3" m="58687" /><G26/><T27/><D107/><U7/><E100/><N who="2" m="60439" /><F99/><AGARI ba="0,0" hai="16,18,52,57,63,89,93,99" m="58687,5327" machi="99" ten="30,7700,0" yaku="8,1,52,1,54,2" doraHai="85" who="3" fromWho="2" sc="211,0,230,0,230,-77,329,77" /><INIT seed="2,0,0,3,0,14" ten="211,230,153,406" oya="2" hai0="22,7,36,17,104,117,119,77,132,135,96,9,129" hai1="38,55,11,37,64,29,101,108,46,18,81,131,13" hai2="95,5,79,103,35,74,25,67,41,84,1,78,112" hai3="60,50,42,31,65,98,128,123,134,127,2,85,72"/><V111/><F112/><W106/><G72/><T125/><D36/><U115/><E115/><V80/><F111/><W133/><G2/><T26/><D77/><U3/><E108/><V33/><F67/><W27/><G123/><T39/><D39/><U44/><E131/><V73/><F41/><W86/><G127/><T105/><D129/><U56/><E29/><V8/><F25/><W47/><G128/><T15/><D125/><U10/><E101/><V122/><F122/><W34/><G98/><T62/><D62/><U107/><E107/><N who="0" m="41033" /><D96/><U57/><E81/><V110/><F110/><W97/><G97/><T63/><D63/><U40/><E64/><V71/><F71/><N who="3" m="42407" /><G106/><T16/><D7/><U43/><E55/><V114/><F114/><W59/><G59/><T6/><D6/><AGARI ba="0,0" hai="3,6,10,11,13,18,37,38,40,43,44,46,56,57" machi="6" ten="40,2600,0" yaku="9,1,52,1" doraHai="14" who="1" fromWho="0" sc="211,-26,230,26,153,0,406,0" /><INIT seed="3,0,0,2,1,125" ten="185,256,153,406" oya="3" hai0="110,11,38,107,97,31,53,42,3,20,93,123,39" hai1="78,89,84,87,109,7,85,108,29,67,96,92,70" hai2="72,86,41,28,81,18,62,46,112,134,80,40,6" hai3="116,113,102,94,115,8,128,135,68,23,83,2,1"/><W133/><G68/><T21/><D123/><U77/><E7/><V124/><F112/><W34/><G34/><T51/><D107/><U122/><E29/><V104/><F124/><W127/><G116/><T129/><D110/><N who="1" m="42603" /><E122/><V61/><F104/><W4/><G23/><T117/><D117/><U73/><E73/><V45/><F72/><W26/><G26/><T49/><D49/><U54/><E54/><V44/><F6/><W35/><G83/><N who="2" m="31817" /><F28/><W71/><G2/><T24/><D21/><U75/><E75/><V126/><F126/><W100/><G35/><T33/><D33/><U64/><E70/><V5/><F5/><W98/><G71/><T30/><D30/><U95/><E95/><V79/><F134/><W106/><G127/><T15/><D3/><U48/><E48/><V57/><F79/><AGARI ba="0,0" hai="64,67,77,78,79,84,85,87,89,92,96" m="42603" machi="79" ten="30,1000,0" yaku="14,1" doraHai="125" who="1" fromWho="2" sc="185,0,256,10,153,-10,406,0" owari="185,-21.0,266,7.0,143,-36.0,406,50.0" /></mjloggm>