<mjloggm ver="2.3"><GO type="169" lobby="0"/><UN n0="%E3%81%AE%E3%81%99%E3%81%AE%E3%81%99%E3%81%AE" n1="%E3%83%A9%E3%83%96%E3%83%AC%E3%83%BC" n2="%E3%81%91%E3%83%BC%E3%81%9E%E3%81%88" n3="%E7%89%8C%E6%B5%81%E7%8A%B6%E6%85%8B%E9%BA%BB%E9%9B%80" dan="16,17,16,17" rate="2095.85,2267.65,2128.77,2166.44" sx="M,M,F,M"/><TAIKYOKU oya="0"/><INIT seed="0,0,0,0,0,107" ten="250,250,250,250" oya="0" hai0="22,85,111,77,80,108,94,71,128,19,96,99,16" hai1="78,66,20,52,106,34,48,56,38,74,86,61,79" hai2="132,5,0,31,112,129,93,84,33,76,120,131,65" hai3="55,6,42,35,49,32,4,43,59,117,122,116,89"/><T2/><D2/><U125/><E106/><V134/><F65/><W67/><G122/><T98/><D71/><U15/><E34/><V50/><F50/><W27/><G67/><T14/><D128/><N who="2" m="49226" /><F93/><W75/><G27/><T30/><D30/><U63/><E125/><V45/><F45/><W13/><G13/><T62/><D62/><U9/><E38/><V58/><F84/><W64/><G64/><T124/><D124/><U51/><E86/><V25/><F76/><W24/><G24/><T1/><D1/><U73/><E20/><V8/><F58/><W47/><G89/><T39/><D39/><U36/><E36/><V10/><F112/><W18/><G18/><T95/><REACH who="0" step="1"/><D19/><REACH who="0" ten="240,250,250,250" step="2"/><U103/><E63/><V70/><F70/><W26/><G117/><T7/><D7/><U23/><E61/><V29/><F29/><W44/><G116/><T133/><D133/><N who="2" m="51306" /><F8/><W121/><G49/><T105/><D105/><U69/><E9/><V115/><F115/><W21/><G121/><AGARI ba="0,1" hai="0,5,10,25,31,33,120,121" m="51306,49226" machi="121" ten="30,8000,1" yaku="19,1,20,1,23,1,34,2" doraHai="107" who="2" fromWho="3" sc="240,0,250,0,250,90,250,-80" /><INIT seed="1,0,0,1,0,25" ten="240,250,340,170" oya="1" hai0="126,72,122,117,112,42,7,78,113,65,105,89,27" hai1="29,68,50,20,22,24,15,104,53,76,48,107,111" hai2="90,47,2,121,9,10,56,12,43,61,70,106,77" hai3="101,41,16,95,38,134,115,73,102,19,93,31,88"/><U116/><E68/><V59/><F106/><W87/><G115/><T18/><D117/><U123/><E116/><V74/><F121/><W118/><G73/><T55/><D105/><U85/><E123/><V1/><F70/><W92/><G118/><T4/><D122/><U3/><E3/><V34/><F34/><W49/><G38/><T71/><D42/><U97/><E107/><V37/><F90/><W125/><G125/><T83/><D126/><U46/><E111/><V5/><F61/><W54/><G41/><T109/><D109/><U30/><E97/><V57/><F57/><W62/><G62/><T108/><D108/><U100/><E100/><N who="3" m="38506" /><G134/><T6/><D55/><U84/><E104/><V129/><F129/><W81/><G31/><N who="1" m="11786" /><E24/><V63/><F63/><W120/><G120/><T60/><D27/><U21/><E50/><V36/><F36/><W23/><G23/><N who="1" m="8778" /><E76/><V80/><F1/><W114/><G114/><T86/><D112/><U82/><E82/><V58/><REACH who="2" step="1"/><F59/><AGARI ba="0,0" hai="16,19,49,54,59,81,87,88,92,93,95" m="38506" machi="59" ten="30,3900,0" yaku="8,1,54,2" doraHai="25" who="3" fromWho="2" sc="240,0,250,0,340,-39,170,39" /><INIT seed="2,0,0,1,1,134" ten="240,250,301,209" oya="2" hai0="91,57,38,128,98,84,58,46,80,45,74,116,33" hai1="69,3,34,103,71,104,115,35,125,7,29,110,0" hai2="2,36,85,113,14,15,96,99,20,56,100,18,87" hai3="119,23,31,83,1,32,124,9,79,112,72,68,97"/><V123/><F113/><W64/><G119/><T67/><D33/><U95/><E95/><V121/><F2/><W44/><G23/><T105/><D116/><U86/><E86/><V4/><F36/><W132/><G97/><T120/><D120/><U16/><E103/><V127/><F56/><W59/><G59/><T12/><D128/><U106/><E7/><V6/><F20/><W37/><G132/><T52/><D74/><U55/><E29/><V19/><F100/><W129/><G129/><T81/><D81/><U21/><E21/><V75/><F75/><W78/><G78/><T108/><D108/><U47/><E47/><V118/><REACH who="2" step="1"/><F118/><REACH who="2" ten="240,250,291,209" step="2"/><W92/><G37/><T39/><D39/><U30/><E0/><V101/><F101/><W54/><G1/><T107/><D38/><U53/><E3/><V117/><F117/><W8/><G112/><T135/><D58/><U5/><E115/><V10/><F10/><W60/><G8/><T66/><D57/><U109/><E109/><V25/><F25/><W89/><G9/><T88/><D107/><U24/><E24/><V49/><F49/><W122/><G72/><T70/><D105/><U94/><E106/><V63/><F63/><W43/><G60/><T22/><D22/><U102/><E102/><V77/><F77/><W40/><G79/><T65/><D70/><U11/><E104/><V50/><F50/><W130/><G68/><T41/><D91/><U73/><E71/><V26/><F26/><W82/><G89/><T126/><D88/><U13/><E73/><V111/><F111/><W27/><G27/><RYUUKYOKU ba="0,1" sc="240,-10,250,-10,291,30,209,-10" hai2="4,6,14,15,18,19,85,87,96,99,121,123,127" /><INIT seed="2,1,1,4,2,43" ten="230,240,321,199" oya="2" hai0="58,44,81,76,67,21,0,124,95,55,62,52,118" hai1="83,31,71,112,23,74,120,33,65,4,25,135,61" hai2="48,37,90,104,119,39,53,130,54,28,109,24,92" hai3="17,77,117,60,38,29,125,88,87,49,19,56,113"/><V115/><F115/><W40/><G117/><T68/><D118/><U34/><E112/><V16/><F119/><W94/><G38/><T134/><D0/><U7/><E135/><V99/><F130/><W64/><G113/><T50/><D134/><U13/><E120/><V114/><F114/><W79/><G29/><T69/><D124/><U85/><E74/><V116/><F54/><W108/><G108/><T6/><D6/><U66/><E65/><V30/><F109/><W27/><G125/><T41/><D95/><U80/><E80/><V122/><F30/><W129/><G129/><T105/><D105/><U123/><E123/><V51/><F48/><W96/><G27/><T111/><D111/><U22/><E4/><V3/><F3/><W103/><G77/><T14/><D69/><U100/><E100/><V8/><F104/><W107/><REACH who="3" step="1"/><G79/><REACH who="3" ten="230,240,321,189" step="2"/><T86/><D68/><U63/><E25/><V46/><F116/><W42/><G42/><T36/><D36/><U59/><E31/><V47/><F122/><W97/><G97/><T12/><D12/><U91/><E34/><V10/><F39/><W2/><G2/><T133/><D133/><U75/><E33/><V126/><F126/><W106/><G106/><T98/><D98/><U1/><E1/><V132/><F132/><W45/><AGARI ba="1,2" hai="17,19,40,45,49,56,60,64,87,88,94,96,103,107" machi="45" ten="30,7900,0" yaku="1,1,0,1,52,1,54,1,53,0" doraHai="43" doraHaiUra="78" who="3" fromWho="3" sc="230,-21,240,-21,321,-40,189,102" /><INIT seed="3,0,0,5,5,104" ten="209,219,281,291" oya="3" hai0="45,100,41,7,130,57,72,117,50,19,101,28,114" hai1="65,27,1,18,131,133,75,78,73,124,58,46,118" hai2="112,4,11,48,91,79,51,60,70,113,88,17,32" hai3="59,134,39,30,89,93,102,135,122,107,20,52,10"/><W74/><G39/><T64/><D117/><U87/><E1/><V69/><F32/><W24/><G122/><T54/><D72/><U115/><E115/><V128/><F17/><W92/><G74/><T96/><D130/><U111/><E118/><V99/><F79/><W97/><G10/><T116/><D116/><U125/><E131/><V40/><F128/><W121/><G121/><T22/><D114/><U71/><E71/><V47/><F70/><W21/><G21/><T86/><D7/><U5/><E5/><V63/><F51/><W61/><REACH who="3" step="1"/><G107/><REACH who="3" ten="209,219,281,281" step="2"/><T82/><D28/><U42/><E75/><V12/><F112/><W9/><G9/><T33/><D33/><U25/><E73/><V13/><F113/><W76/><G76/><T37/><D22/><U6/><E78/><V62/><F69/><W105/><G105/><T108/><D19/><U56/><E18/><V98/><REACH who="2" step="1"/><F12/><REACH who="2" ten="209,219,271,281" step="2"/><W84/><AGARI ba="0,2" hai="20,24,30,52,59,61,84,89,92,93,97,102,134,135" machi="84" ten="30,6000,0" yaku="1,1,0,1,54,1,53,0" doraHai="104" doraHaiUra="8" who="3" fromWho="3" sc="209,-20,219,-20,271,-20,281,80" /><INIT seed="3,1,0,1,2,122" ten="189,199,251,361" oya="3" hai0="41,23,8,128,91,13,135,37,25,93,60,20,65" hai1="107,102,124,21,6,24,118,127,45,32,71,72,27" hai2="78,42,76,73,30,108,5,81,80,99,61,47,103" hai3="38,43,22,115,129,62,3,10,57,52,18,26,79"/><W98/><G115/><T123/><D123/><U53/><E72/><V35/><F61/><W83/><G129/><T86/><D128/><U39/><E6/><V92/><F35/><W64/><G98/><T55/><D135/><U116/><E102/><V74/><F30/><W63/><G38/><T125/><D125/><N who="1" m="48203" /><E107/><V70/><F5/><W82/><G43/><T50/><D41/><N who="1" m="22719" /><E71/><V110/><REACH who="2" step="1"/><F70/><REACH who="2" ten="189,199,241,361" step="2"/><W9/><G3/><T58/><D37/><AGARI ba="1,1" hai="37,42,47,73,74,76,78,80,81,92,99,103,108,110" machi="37" ten="40,8000,1" yaku="1,1,2,1,9,1,52,2,53,0" doraHai="122" doraHaiUra="130" who="2" fromWho="0" sc="189,-83,199,0,241,93,361,0" /><INIT seed="4,0,0,5,4,125" ten="106,199,334,361" oya="0" hai0="98,58,20,62,110,48,99,52,88,3,26,84,101" hai1="56,66,61,116,86,31,121,21,97,57,38,11,85" hai2="82,102,120,39,4,94,114,104,129,109,132,27,32" hai3="6,53,49,54,51,25,28,35,74,33,122,117,96"/><T127/><D3/><U93/><E121/><V70/><RYUUKYOKU type="yao9" ba="0,0" sc="106,0,199,0,334,0,361,0" hai2="4,27,32,39,70,82,94,102,104,109,114,120,129,132" /><INIT seed="4,1,0,0,4,14" ten="106,199,334,361" oya="0" hai0="77,95,30,43,10,3,79,57,90,50,33,105,119" hai1="107,111,114,133,16,44,4,120,129,93,78,76,58" hai2="132,56,27,83,101,98,54,38,85,73,62,24,63" hai3="70,55,134,108,106,19,69,100,6,65,102,34,36"/><T41/><D119/><U66/><E107/><V47/><F73/><W5/><G108/><T104/><D33/><U125/><E111/><V130/><F130/><W18/><G34/><T80/><D30/><U75/><E120/><V35/><F132/><W89/><G36/><T8/><D57/><U118/><E118/><V0/><F0/><W31/><G31/><T60/><D60/><U13/><E75/><V26/><F38/><W135/><G89/><T88/><D50/><U20/><E20/><V9/><F47/><W15/><G15/><T97/><D95/><U92/><E129/><V37/><F37/><W128/><G128/><T42/><D97/><U59/><E133/><V61/><F9/><N who="0" m="3690" /><D80/><U115/><E4/><V68/><F68/><W32/><G32/><T29/><D29/><U71/><E71/><V46/><F46/><W17/><G70/><T23/><D23/><U40/><E93/><N who="2" m="58575" /><F35/><W109/><G69/><T67/><D67/><U72/><E92/><V53/><F56/><W124/><G109/><T28/><D28/><U11/><E72/><V86/><F86/><W82/><G135/><T94/><D3/><U48/><E59/><V25/><N who="2" m="6144" /><DORA hai="121" /><V74/><F74/><W123/><G134/><T81/><D94/><U51/><E66/><V103/><F103/><W52/><G100/><T117/><D117/><U64/><E64/><V7/><F7/><W126/><G102/><T96/><D96/><U113/><E51/><V91/><AGARI ba="1,0" hai="53,54,61,62,63,83,85,91" m="6144,58575" machi="91" ten="50,1600,0" yaku="8,1" doraHai="14,121" who="2" fromWho="2" sc="106,-9,199,-5,334,19,361,-5" /><INIT seed="5,0,0,2,4,116" ten="97,194,353,356" oya="1" hai0="67,15,124,32,109,7,24,79,28,72,66,36,100" hai1="2,13,112,125,93,37,133,96,87,61,39,102,92" hai2="129,97,60,98,78,52,40,53,3,38,35,111,84" hai3="64,30,25,71,9,132,91,70,94,27,128,114,122"/><U46/><E2/><V119/><F111/><W42/><G122/><T33/><D109/><U74/><E74/><V6/><F35/><W101/><G101/><T54/><D36/><U126/><E112/><V80/><F129/><W135/><G114/><T47/><D33/><U22/><E133/><N who="3" m="51274" /><G42/><T69/><D124/><N who="1" m="47723" /><E46/><V11/><F119/><W85/><G128/><T16/><D7/><U106/><E61/><V43/><F53/><W131/><G131/><T68/><D100/><U50/><E50/><V82/><F82/><W105/><G105/><T121/><D121/><U110/><E110/><V115/><F115/><W57/><G9/><T81/><D69/><N who="3" m="26121" /><G30/><T48/><REACH who="0" step="1"/><D68/><REACH who="0" ten="87,194,353,356" step="2"/><U20/><E39/><V104/><F38/><W12/><G12/><T41/><D41/><U108/><E108/><V19/><F43/><W86/><G25/><T75/><D75/><U49/><E37/><V59/><F40/><W127/><G27/><T51/><D51/><U123/><E123/><V31/><F6/><W5/><G5/><T113/><D113/><U134/><E134/><V10/><F3/><W1/><G1/><T56/><D56/><U99/><E49/><V77/><F59/><W23/><G127/><T34/><D34/><U130/><E130/><V90/><F60/><W18/><G57/><T63/><D63/><U29/><E13/><V0/><F0/><W83/><G64/><T120/><D120/><U4/><E4/><V65/><F65/><W89/><G23/><AGARI ba="0,1" hai="15,16,23,24,28,32,47,48,54,66,67,72,79,81" machi="23" ten="30,7700,0" yaku="1,1,7,1,54,1,53,1" doraHai="116" doraHaiUra="26" who="0" fromWho="3" sc="87,87,194,0,353,0,356,-77" /><INIT seed="6,0,0,3,1,84" ten="174,194,353,279" oya="2" hai0="25,50,104,59,0,46,3,10,22,78,47,70,68" hai1="20,124,42,80,65,61,60,24,45,111,94,33,28" hai2="31,27,16,109,122,87,57,101,71,112,14,132,44" hai3="13,133,5,1,56,76,34,88,39,120,17,135,41"/><V2/><F71/><W32/><G120/><T38/><D104/><U130/><E111/><V8/><F122/><W99/><G76/><T11/><D78/><U131/><E124/><V98/><F112/><W82/><G5/><T53/><D3/><U9/><E80/><V89/><F132/><N who="3" m="50763" /><G1/><T123/><D123/><U129/><E9/><V90/><F2/><W83/><G56/><T6/><D11/><U21/><E61/><V107/><F109/><W62/><G62/><T125/><D125/><U18/><E18/><V128/><F57/><W117/><G117/><T121/><D121/><U15/><E15/><V75/><F75/><W126/><G83/><T66/><D66/><U108/><E108/><V106/><F128/><W48/><G39/><T54/><D38/><U51/><REACH who="1" step="1"/><E94/><REACH who="1" ten="174,184,353,279" step="2"/><V115/><F107/><W116/><G82/><T77/><D77/><U127/><E127/><V102/><F106/><W37/><G13/><T134/><D134/><U85/><E85/><V73/><F73/><W113/><G17/><T118/><D118/><U114/><E114/><V49/><F115/><W119/><G113/><T26/><D26/><U12/><E12/><V55/><F27/><W74/><G126/><T103/><D25/><U29/><E29/><V67/><F31/><W91/><G74/><T69/><D10/><U58/><AGARI ba="0,1" hai="20,21,24,28,33,42,45,51,58,60,65,129,130,131" machi="58" ten="30,4000,0" yaku="1,1,0,1,19,1,53,0" doraHai="84" doraHaiUra="110" who="1" fromWho="1" sc="174,-10,184,50,353,-20,279,-10" /><INIT seed="7,0,0,1,0,22" ten="164,234,333,269" oya="3" hai0="42,78,119,41,31,18,11,83,12,34,125,101,128" hai1="35,135,63,122,30,111,98,71,93,82,40,59,88" hai2="67,60,86,66,49,61,23,20,94,109,43,73,7" hai3="103,104,47,106,92,57,112,97,48,120,74,91,81"/><W96/><G120/><T32/><D119/><U64/><E122/><V113/><F73/><W132/><G112/><T28/><D128/><U69/><E111/><V62/><F7/><W26/><G132/><T100/><D125/><U37/><E135/><V105/><F105/><W76/><G57/><T114/><D114/><U4/><E4/><V84/><F109/><W29/><G106/><T9/><D83/><U19/><E19/><V79/><F79/><W3/><G3/><T1/><D78/><U46/><REACH who="1" step="1"/><E82/><REACH who="1" ten="164,224,333,269" step="2"/><V10/><F113/><W124/><G124/><T116/><D18/><U0/><E0/><V27/><F67/><W54/><G29/><T21/><D1/><U38/><E38/><V131/><F66/><W95/><G104/><T58/><D21/><U8/><E8/><V134/><F10/><W80/><G80/><T50/><D12/><U16/><E16/><V55/><F20/><W75/><G75/><T107/><D107/><U24/><AGARI ba="0,1" hai="24,30,35,37,40,46,59,63,64,69,71,88,93,98" machi="24" ten="30,7900,0" yaku="1,1,0,1,52,1,54,1,53,0" doraHai="22" doraHaiUra="77" who="1" fromWho="1" sc="164,-20,224,89,333,-20,269,-39" owari="144,-36.0,313,42.0,313,11.0,230,-17.0" /></mjloggm>