<mjloggm ver="2.3"><GO type="169" lobby="0"/><UN n0="%E3%82%89%E3%81%8F%E3%81%8C%E3%82%93" n1="%E3%82%B9%E3%83%9E%E3%83%9B%E7%94%A8%E3%81%AE%E3%82%84%E3%81%A4" n2="%74%6F%69%74%6F%69%34" n3="%53%50%E3%81%95%E3%81%AF%E3%82%89" dan="17,16,16,16" rate="2144.66,2107.95,2131.09,2150.52" sx="M,M,F,M"/><TAIKYOKU oya="0"/><INIT seed="0,0,0,4,3,44" ten="250,250,250,250" oya="0" hai0="61,38,41,29,25,63,18,14,65,108,16,93,129" hai1="81,19,117,83,30,39,2,69,120,98,31,0,84" hai2="4,91,54,78,107,113,101,27,111,100,97,130,112" hai3="82,68,24,53,114,40,51,48,32,52,135,88,89"/><T122/><D122/><U60/><E39/><V94/><F4/><W33/><G68/><T13/><D129/><U66/><E120/><V15/><F130/><W45/><G114/><T123/><D123/><U59/><E117/><V47/><F111/><W128/><G128/><T67/><D108/><U86/><E19/><V58/><F78/><W28/><G135/><T133/><D133/><U57/><E98/><V50/><F15/><W72/><G33/><T79/><D79/><U95/><E95/><V22/><F101/><W109/><G109/><T76/><D76/><U90/><E69/><V73/><F73/><W134/><G134/><T74/><D74/><U131/><E131/><V124/><F124/><W125/><G125/><T8/><D41/><U118/><E118/><V12/><F12/><W102/><G72/><T26/><D93/><U46/><E46/><V119/><F47/><N who="3" m="27775" /><G102/><T43/><D43/><U71/><E71/><V7/><F7/><W110/><G110/><T115/><D38/><U96/><E96/><V121/><F121/><W21/><G32/><T42/><D42/><U37/><E37/><V132/><F132/><W70/><G70/><T64/><D115/><U35/><E35/><V62/><F119/><W3/><G3/><N who="1" m="1066" /><E59/><N who="2" m="33239" /><F100/><W92/><G40/><T85/><D85/><U36/><E36/><V11/><F107/><W9/><G9/><N who="0" m="6191" /><D29/><U80/><E86/><V1/><F1/><W126/><G126/><T104/><D104/><U10/><E10/><V20/><F11/><W75/><G92/><T105/><D105/><U106/><E106/><V49/><F112/><RYUUKYOKU ba="0,0" sc="250,10,250,10,250,-30,250,10" hai0="8,14,18,25,26,61,63,64,65,67" hai1="30,31,57,60,66,80,81,83,84,90" hai3="21,24,28,45,48,53,75,82,88,89" /><INIT seed="0,1,0,2,5,63" ten="260,260,220,260" oya="0" hai0="114,21,51,118,106,13,28,47,61,14,91,78,62" hai1="40,12,103,30,31,134,100,80,96,84,33,75,57" hai2="74,76,71,9,113,104,135,130,15,24,88,131,36" hai3="10,66,41,121,109,64,17,44,82,70,127,101,102"/><T20/><D118/><U43/><E134/><V90/><F113/><W49/><G109/><T19/><D114/><U26/><E75/><V53/><F104/><W97/><G127/><T125/><D125/><U99/><E12/><V2/><F2/><W110/><G110/><T107/><D78/><U93/><E57/><V55/><F135/><W34/><G34/><T86/><D107/><U1/><E31/><V39/><F71/><W65/><G121/><T48/><D106/><U119/><E1/><V79/><F24/><W126/><G126/><T95/><D51/><U56/><E119/><V7/><F74/><W72/><G70/><T81/><D81/><U129/><E129/><V132/><F132/><W68/><G68/><T89/><D89/><N who="2" m="34410" /><F15/><N who="3" m="7415" /><G72/><T5/><D5/><U22/><E33/><V29/><F29/><W18/><G82/><T45/><D45/><U25/><E25/><V50/><F9/><W54/><G18/><N who="0" m="10319" /><D28/><U87/><E56/><V16/><F16/><W124/><G124/><T77/><D77/><N who="2" m="29770" /><F50/><N who="3" m="26895" /><G97/><T23/><D23/><U42/><E80/><V37/><F7/><W67/><N who="3" m="16384" /><DORA hai="83" /><W8/><G8/><T69/><D69/><U117/><REACH who="1" step="1"/><E117/><REACH who="1" ten="260,250,220,260" step="2"/><V105/><F105/><AGARI ba="1,1" hai="22,26,30,40,42,43,84,87,93,96,99,100,103,105" machi="105" ten="40,16000,3" yaku="1,1,2,1,52,2,53,4" doraHai="63,83" doraHaiUra="27,38" who="1" fromWho="2" sc="260,0,250,173,220,-163,260,0" /><INIT seed="1,0,0,1,4,72" ten="260,423,57,260" oya="1" hai0="49,29,79,18,4,122,35,73,46,10,69,48,36" hai1="57,1,128,107,97,125,99,51,87,133,105,38,43" hai2="91,39,101,30,98,65,121,120,7,12,81,84,131" hai3="104,47,116,54,13,130,75,114,27,63,28,16,119"/><U118/><E1/><V96/><F39/><W37/><G114/><T67/><D122/><U9/><E38/><V82/><F65/><W78/><G104/><T17/><D69/><U132/><E9/><V115/><F30/><W74/><G130/><T113/><D67/><U88/><E128/><V59/><F131/><W106/><G106/><N who="1" m="40458" /><E43/><V135/><F59/><W92/><G92/><T112/><D36/><U32/><E32/><V6/><F12/><W90/><G90/><T127/><D127/><U80/><E125/><V124/><F124/><W24/><G63/><T25/><D18/><U103/><E51/><V117/><F101/><W111/><G75/><T23/><D10/><U11/><E57/><V93/><F93/><W2/><G2/><T61/><D4/><U89/><E11/><V26/><F26/><W31/><G24/><T0/><D0/><U83/><E118/><V52/><F117/><W126/><G126/><T71/><D49/><U40/><E40/><V110/><F115/><W129/><G37/><T102/><D48/><U76/><E103/><V22/><F22/><N who="3" m="11535" /><G27/><T134/><D112/><U58/><E89/><V50/><F50/><N who="3" m="29023" /><G129/><T21/><D113/><U44/><E44/><V60/><F91/><W68/><G68/><T8/><D46/><U66/><E66/><V55/><F60/><W86/><G119/><T14/><D102/><U70/><E70/><V42/><F42/><W3/><G116/><T77/><D71/><U45/><E45/><V20/><F20/><W62/><G3/><T53/><D35/><U85/><E58/><V109/><F135/><AGARI ba="0,0" hai="76,80,83,85,87,88,97,99,132,133,135" m="40458" machi="135" ten="30,18000,2" yaku="6,1,20,1,34,2,52,1,54,1" doraHai="72" who="1" fromWho="2" sc="260,0,423,180,57,-180,260,0" owari="260,6.0,603,70.0,-123,-62.0,260,-14.0" /></mjloggm>