<mjloggm ver="2.3"><GO type="169" lobby="0"/><UN n0="%54%4F%4E%38%30" n1="%6D%61%74%74%75%61%6E" n2="%E3%83%94%E3%83%B3%E3%82%BA%E3%82%AB%E3%83%BC%E3%82%BF%E3%83%BC" n3="%E3%81%82%E3%81%9F%E3%81%8B%E3%81%AA" dan="16,16,16,17" rate="2057.85,2193.21,2147.46,2143.76" sx="M,M,M,M"/><TAIKYOKU oya="0"/><INIT seed="0,0,0,4,2,50" ten="250,250,250,250" oya="0" hai0="130,60,87,38,114,84,126,117,34,67,89,131,11" hai1="88,48,115,120,116,118,32,64,54,72,128,44,86" hai2="66,30,14,62,135,76,3,5,77,110,102,92,108" hai3="119,10,51,73,18,103,24,42,91,7,85,107,105"/><T59/><D114/><U70/><E120/><V53/><F3/><W122/><G73/><T37/><D117/><U0/><E72/><V36/><F36/><W16/><G119/><T101/><D34/><U4/><E115/><V100/><F30/><W81/><G122/><T31/><D31/><U80/><E32/><V40/><F40/><W97/><G105/><T13/><D101/><U43/><E128/><N who="0" m="49193" /><D87/><U19/><E4/><V113/><F14/><W98/><G98/><T95/><D126/><U39/><E0/><V106/><F66/><W69/><G69/><T71/><D71/><U65/><E65/><V8/><F8/><W79/><G91/><T29/><D29/><U132/><E132/><V45/><F45/><N who="3" m="26039" /><G24/><T6/><AGARI ba="0,0" hai="6,11,13,37,38,59,60,67,84,89,95" m="49193" machi="6" ten="30,1500,0" yaku="19,1" doraHai="50" who="0" fromWho="0" sc="250,15,250,-5,250,-5,250,-5" /><INIT seed="0,1,0,1,1,28" ten="265,245,245,245" oya="0" hai0="17,9,43,90,33,66,0,110,129,10,101,68,50" hai1="29,67,134,76,45,107,133,57,35,116,79,108,38" hai2="73,34,105,104,6,47,93,5,21,30,58,25,120" hai3="16,95,40,102,111,55,119,63,100,121,13,12,99"/><T71/><D129/><U132/><E116/><V60/><F120/><W77/><G119/><T109/><D101/><U18/><E107/><V46/><F73/><W98/><G111/><N who="0" m="42507" /><D66/><U115/><E108/><V82/><F82/><W87/><G121/><T94/><D43/><N who="1" m="22775" /><E18/><V49/><F105/><W86/><G40/><T83/><D83/><U78/><E115/><V19/><F93/><W59/><G77/><T24/><D50/><U96/><E96/><V53/><F47/><W106/><REACH who="3" step="1"/><G12/><REACH who="3" ten="265,245,245,235" step="2"/><T36/><D0/><U125/><E125/><V27/><REACH who="2" step="1"/><F104/><REACH who="2" ten="265,245,235,235" step="2"/><W80/><G80/><T41/><D36/><U64/><E79/><V126/><F126/><W84/><G84/><T22/><D94/><U8/><E78/><V74/><F74/><W39/><G39/><T7/><D41/><AGARI ba="1,2" hai="5,6,19,21,25,27,30,34,41,46,49,53,58,60" machi="41" ten="30,7700,0" yaku="1,1,7,1,52,1,53,1" doraHai="28" doraHaiUra="44" who="2" fromWho="0" sc="265,-80,245,0,235,100,235,0" /><INIT seed="1,0,0,1,1,9" ten="185,245,335,235" oya="1" hai0="127,55,66,85,38,73,112,29,132,21,8,48,32" hai1="23,4,19,84,107,124,106,119,96,122,86,27,70" hai2="101,30,10,57,103,41,53,51,116,89,58,1,100" hai3="110,50,5,105,87,56,74,37,76,39,7,81,91"/><U11/><E122/><V67/><F116/><W111/><G105/><T6/><D73/><U80/><E119/><V40/><F30/><W88/><G37/><T131/><D38/><U68/><E124/><V33/><F33/><W82/><G39/><T43/><D127/><U133/><E133/><V108/><F108/><N who="3" m="41515" /><G91/><T102/><D43/><U54/><E86/><V120/><F89/><W17/><G17/><T31/><D112/><U75/><E75/><V123/><F123/><W15/><G15/><T16/><D102/><U98/><E54/><AGARI ba="0,0" hai="5,7,50,54,56,74,76,81,82,87,88" m="41515" machi="54" ten="30,2000,0" yaku="14,1,54,1" doraHai="9" who="3" fromWho="1" sc="185,0,245,-20,335,0,235,20" /><INIT seed="2,0,0,3,0,83" ten="185,225,335,255" oya="2" hai0="57,34,66,93,110,65,116,134,26,76,97,111,118" hai1="68,20,132,32,72,31,37,88,86,87,130,89,22" hai2="43,120,108,7,80,55,1,109,2,60,128,105,114" hai3="4,5,112,63,126,67,51,6,30,64,38,131,78"/><V133/><F120/><W24/><G38/><T91/><D76/><U122/><E72/><V127/><F114/><W42/><G112/><T77/><D77/><U36/><E122/><V29/><F105/><W107/><G107/><T33/><D134/><U47/><E68/><V90/><F133/><W135/><G135/><T123/><D123/><U94/><E132/><V61/><F43/><W129/><G126/><T18/><D18/><U41/><E37/><V117/><F29/><W58/><G78/><T79/><D79/><U40/><E40/><V35/><F35/><N who="0" m="13322" /><D26/><U113/><E113/><V0/><F127/><W103/><G103/><T84/><D97/><U23/><E130/><N who="3" m="49674" /><G64/><N who="0" m="24683" /><D57/><U75/><E75/><V85/><F128/><W3/><G3/><T71/><D71/><U121/><E121/><V104/><F7/><W69/><G69/><T12/><D12/><U9/><E9/><V16/><F0/><W101/><G101/><T115/><D115/><U10/><E10/><V98/><F2/><W49/><G42/><T99/><D99/><U45/><E45/><V82/><F98/><W25/><G25/><T125/><D125/><U21/><E32/><AGARI ba="0,0" hai="4,5,6,24,30,32,49,51,58,63,67" m="49674" machi="32" ten="30,1000,0" yaku="19,1" doraHai="83" who="3" fromWho="1" sc="185,0,225,-10,335,0,255,10" /><INIT seed="3,0,0,2,2,117" ten="185,215,335,265" oya="3" hai0="119,21,79,54,40,43,115,81,51,3,127,72,32" hai1="15,9,131,25,30,94,36,8,75,62,64,55,28" hai2="53,95,59,133,118,92,112,85,109,134,44,61,47" hai3="125,37,108,24,71,111,105,14,106,60,4,33,35"/><W0/><G14/><T57/><D119/><U31/><E75/><V48/><F118/><W68/><G37/><T89/><D32/><N who="3" m="12361" /><G24/><T74/><D74/><U120/><E36/><V116/><F109/><N who="3" m="42059" /><G125/><T132/><D3/><U129/><E25/><V65/><F112/><W82/><G82/><T52/><D127/><U29/><N who="1" m="7168" /><DORA hai="98" /><U124/><E124/><V11/><F11/><N who="3" m="2439" /><G60/><T20/><D115/><U90/><E9/><V5/><F116/><W58/><G58/><T7/><D7/><U70/><E15/><V121/><F5/><W84/><G84/><T23/><D132/><U97/><E8/><V83/><F47/><W19/><G19/><T12/><D12/><U66/><E70/><AGARI ba="0,0" hai="68,70,71,105,106" m="2439,42059,12361" machi="70" ten="40,7700,0" yaku="14,1,10,1,23,1" doraHai="117,98" who="3" fromWho="1" sc="185,0,215,-77,335,0,265,77" /><INIT seed="3,1,0,2,0,53" ten="185,138,335,342" oya="3" hai0="27,84,56,88,83,64,92,77,51,130,106,87,42" hai1="114,119,69,8,115,19,16,1,38,28,101,128,58" hai2="126,81,93,96,26,2,123,59,102,18,30,79,107" hai3="25,10,13,65,48,75,118,6,90,105,0,135,70"/><W22/><G118/><T98/><D130/><U91/><E69/><V34/><F126/><W124/><G124/><T15/><D106/><U78/><E119/><V109/><F109/><W72/><G135/><T82/><D27/><U41/><E128/><V67/><F2/><W9/><G105/><T31/><D31/><U12/><E28/><V63/><F18/><W131/><G131/><T50/><D15/><U36/><E101/><V4/><F4/><W94/><G70/><T3/><D3/><U52/><E78/><V117/><F117/><W73/><G65/><T76/><D42/><U49/><E1/><V21/><F123/><W86/><G48/><T112/><D112/><U44/><E38/><V60/><F60/><AGARI ba="1,0" hai="50,51,56,60,64,76,77,82,83,84,87,88,92,98" machi="60" ten="40,8000,1" yaku="9,1,8,1,52,1,54,1" doraHai="53" who="0" fromWho="2" sc="185,83,138,0,335,-83,342,0" /><INIT seed="4,0,0,5,2,17" ten="268,138,252,342" oya="0" hai0="93,118,113,101,57,42,31,11,16,79,103,67,46" hai1="23,50,2,102,126,77,38,115,5,89,72,122,39" hai2="26,106,45,56,37,131,120,127,125,41,84,111,91" hai3="4,22,116,85,110,0,52,121,53,104,99,88,25"/><T12/><D118/><U61/><E122/><V134/><F120/><W76/><G121/><T124/><D124/><N who="2" m="47690" /><F111/><W36/><G36/><T123/><D123/><U64/><E126/><V86/><F131/><W100/><G110/><T33/><D79/><U55/><E102/><V78/><F134/><W98/><G116/><T107/><D107/><U68/><E115/><V54/><F106/><W117/><G117/><T15/><D113/><U35/><E35/><V63/><F78/><W10/><G98/><T71/><D71/><U114/><E114/><V70/><F70/><W32/><G32/><T97/><D31/><U128/><E128/><V44/><F44/><W19/><G76/><T90/><D15/><U135/><E77/><V9/><F91/><W92/><AGARI ba="0,0" hai="0,4,10,19,22,25,52,53,85,88,92,99,100,104" machi="92" ten="20,8000,1" yaku="0,1,7,1,52,1,54,2" doraHai="17" who="3" fromWho="3" sc="268,-40,138,-20,252,-20,342,80" /><INIT seed="5,0,0,5,0,106" ten="228,118,232,422" oya="1" hai0="84,91,14,120,41,38,35,99,70,97,67,65,40" hai1="112,33,49,17,5,128,87,51,22,93,62,54,16" hai2="63,127,134,90,45,30,52,83,126,76,61,78,129" hai3="100,36,110,103,43,7,113,28,32,13,105,94,135"/><U57/><E112/><V47/><F129/><W121/><G94/><T124/><D35/><U95/><E128/><V72/><F134/><W114/><G13/><T131/><D120/><U15/><E33/><V132/><F132/><W58/><G58/><T96/><D124/><N who="2" m="47658" /><F30/><W98/><G7/><T108/><D108/><U56/><E5/><V48/><F47/><W4/><G98/><T46/><D70/><U115/><E115/><V1/><F1/><W118/><G100/><T80/><D131/><U59/><E49/><V10/><F10/><W20/><G103/><T27/><D41/><U104/><E104/><V89/><F78/><W23/><G105/><T101/><D101/><U18/><E59/><N who="2" m="35047" /><F63/><W60/><G28/><T77/><D27/><U82/><E18/><V75/><F75/><W92/><G4/><T86/><REACH who="0" step="1"/><D14/><REACH who="0" ten="218,118,232,422" step="2"/><U2/><E2/><V64/><F64/><W71/><G32/><T26/><D26/><U111/><E111/><V8/><F8/><W24/><G110/><T55/><D55/><AGARI ba="0,1" hai="45,48,55,72,76,83,89,90" m="35047,47658" machi="55" ten="30,3900,0" yaku="18,1,52,1,54,1" doraHai="106" who="2" fromWho="0" sc="218,-39,118,0,232,49,422,0" /><INIT seed="6,0,0,5,2,43" ten="179,118,281,422" oya="2" hai0="104,22,37,99,20,56,13,35,117,49,135,125,63" hai1="128,60,3,18,52,103,121,131,129,96,6,126,95" hai2="15,53,7,102,28,116,34,73,42,101,4,27,38" hai3="26,106,130,107,45,94,97,85,65,58,88,108,100"/><V92/><F116/><W59/><G108/><T114/><D117/><U119/><E119/><V44/><F73/><W61/><G130/><T0/><D37/><U127/><E6/><V41/><F41/><W39/><G39/><T21/><D35/><U55/><E3/><V120/><F120/><W115/><G115/><T66/><D0/><U123/><E18/><V2/><F2/><W76/><G76/><T12/><D114/><U46/><E60/><V54/><F7/><W81/><G45/><T51/><D135/><U86/><E86/><V25/><F25/><W134/><G134/><T47/><D51/><N who="1" m="28791" /><E55/><V62/><F62/><W93/><G59/><T5/><D125/><AGARI ba="0,0" hai="95,96,103,121,123,125,126,127,128,129,131" m="28791" machi="125" ten="40,8000,1" yaku="18,1,19,1,52,1,54,1" doraHai="43" who="1" fromWho="0" sc="179,-80,118,80,281,0,422,0" /><INIT seed="7,0,0,3,3,126" ten="99,198,281,422" oya="3" hai0="70,127,53,40,89,4,33,57,62,122,119,77,68" hai1="60,106,54,56,16,120,83,80,66,109,27,128,31" hai2="42,87,99,135,29,107,74,11,58,118,13,19,21" hai3="65,37,96,112,22,3,15,35,133,111,92,130,110"/><W55/><G130/><T121/><D119/><U69/><E109/><V98/><F74/><W51/><G35/><T20/><D33/><U129/><E106/><V78/><F42/><W97/><G3/><T82/><D127/><U43/><E120/><V134/><F58/><W131/><G131/><N who="1" m="50250" /><E43/><V52/><F118/><W91/><G65/><T93/><D40/><U8/><E16/><N who="2" m="8255" /><F107/><W41/><G15/><T125/><D20/><N who="1" m="15847" /><E8/><V114/><F114/><W115/><G22/><T100/><D4/><U39/><E39/><V113/><F113/><W101/><G41/><T36/><D125/><U7/><E7/><V76/><F135/><W79/><G133/><T95/><D36/><U103/><E103/><V132/><F134/><W12/><G101/><T34/><D34/><U73/><E73/><V59/><F132/><W45/><G37/><T61/><D61/><U26/><E26/><N who="2" m="14655" /><F29/><W117/><G117/><T75/><D122/><U90/><E90/><V50/><F76/><W48/><G79/><T18/><D121/><U6/><E6/><V10/><F10/><W5/><G5/><T124/><D124/><U25/><E25/><V71/><F71/><W72/><G91/><T67/><D18/><U123/><E123/><V81/><AGARI ba="0,0" hai="50,52,59,78,81,87,98,99" m="14655,8255" machi="81" ten="30,4000,0" yaku="8,1,54,2" doraHai="126" who="2" fromWho="2" sc="99,-10,198,-10,281,40,422,-20" owari="89,-41.0,188,-21.0,321,12.0,402,50.0" /></mjloggm>