<mjloggm ver="2.3"><GO type="169" lobby="0"/><UN n0="%53%65%72%69%61" n1="%44%27%73%2D%E3%82%B9%E3%82%BF%E3%82%B8%E3%82%AA" n2="%E3%83%8E%E3%82%AA%E3%83%81%E3%83%A3%E3%83%99%E3%82%B9" n3="%74%61%6B%65%33" dan="17,16,17,16" rate="2182.51,2062.82,2164.00,2182.26" sx="M,M,M,M"/><TAIKYOKU oya="0"/><INIT seed="0,0,0,4,1,82" ten="250,250,250,250" oya="0" hai0="58,4,132,62,115,52,112,86,13,116,47,126,14" hai1="42,28,93,27,60,32,131,130,48,84,63,20,81" hai2="113,23,15,125,3,29,72,68,9,71,79,36,95" hai3="33,25,56,88,50,117,57,10,91,65,51,124,66"/><T92/><D116/><U78/><E32/><V100/><F36/><W41/><G117/><T97/><D132/><U110/><E110/><V43/><F43/><W16/><G124/><T85/><D126/><U133/><E133/><V67/><F3/><W114/><G114/><T24/><D115/><U123/><E123/><V118/><F113/><W105/><G105/><T38/><D112/><U77/><E77/><V129/><F125/><W108/><G108/><T6/><D24/><U74/><E42/><V128/><F67/><W94/><G33/><T35/><D35/><U39/><E39/><V69/><F79/><W134/><G91/><N who="0" m="55455" /><D38/><U45/><E93/><V80/><F80/><W101/><G101/><T111/><D111/><U34/><E34/><V96/><F72/><W12/><G134/><T55/><D14/><U44/><E74/><V49/><F49/><N who="3" m="18443" /><G25/><T8/><D6/><U21/><E21/><V11/><F118/><W98/><G41/><T7/><D7/><U64/><E48/><AGARI ba="0,0" hai="4,8,13,47,48,52,55,58,62,85,86" m="55455" machi="48" ten="30,11600,0" yaku="8,1,52,2,54,1" doraHai="82" who="0" fromWho="1" sc="250,116,250,-116,250,0,250,0" /><INIT seed="0,1,0,3,0,119" ten="366,134,250,250" oya="0" hai0="65,57,46,117,59,8,13,135,3,52,123,89,76" hai1="93,1,44,68,101,110,11,49,14,19,95,125,127" hai2="10,45,20,91,100,24,90,126,54,129,4,84,102" hai3="105,73,60,132,74,81,63,112,124,120,40,39,43"/><T131/><D117/><U115/><E68/><V133/><F126/><W53/><G112/><T55/><D123/><U66/><E1/><V116/><F129/><W18/><G105/><T41/><D131/><U79/><E110/><V30/><F133/><W103/><G103/><T82/><D135/><U111/><E111/><V130/><F116/><W58/><G132/><T27/><D3/><U77/><E115/><V96/><F130/><W15/><G124/><T56/><D89/><U97/><E66/><V7/><F91/><W113/><G39/><T71/><D27/><U94/><E127/><V29/><F29/><W134/><G113/><T62/><D13/><U48/><E125/><V26/><F26/><W31/><G31/><T64/><D8/><U34/><E34/><V6/><F10/><W22/><G74/><T108/><D108/><U118/><E118/><V88/><F90/><W16/><G63/><N who="0" m="40383" /><D82/><U122/><E122/><V5/><N who="2" m="1024" /><DORA hai="23" /><V61/><F96/><W25/><G120/><T83/><D83/><U107/><REACH who="1" step="1"/><E49/><REACH who="1" ten="366,124,250,250" step="2"/><N who="2" m="28975" /><F61/><W28/><G134/><T99/><D76/><U85/><E85/><V87/><F84/><W32/><REACH who="3" step="1"/><G18/><REACH who="3" ten="366,124,250,240" step="2"/><T80/><D99/><U78/><E78/><AGARI ba="1,2" hai="15,16,22,25,28,32,40,43,53,58,60,73,78,81" machi="78" ten="40,8000,1" yaku="1,1,2,1,52,1,54,1,53,1" doraHai="119,23" doraHaiUra="2,9" who="3" fromWho="1" sc="366,0,124,-83,250,0,240,103" /><INIT seed="1,0,0,0,4,25" ten="366,41,250,343" oya="1" hai0="30,133,5,104,34,94,124,15,20,101,57,69,33" hai1="44,10,73,71,59,26,68,7,93,107,97,102,63" hai2="16,87,127,21,47,111,54,114,22,66,31,19,60" hai3="105,36,129,67,24,134,103,12,53,6,51,128,41"/><U56/><E73/><V1/><F1/><W42/><G67/><T92/><D69/><U84/><E59/><V117/><F117/><W76/><G76/><T95/><D133/><U77/><E44/><V65/><F111/><W35/><G36/><T64/><D124/><U83/><E26/><N who="2" m="16847" /><F127/><W121/><G121/><T4/><D104/><U27/><E27/><N who="2" m="14791" /><F114/><W99/><G134/><T86/><D101/><U126/><E126/><V90/><F19/><W118/><G118/><T49/><D86/><U18/><E18/><V46/><F46/><W122/><G122/><T17/><D30/><U40/><E40/><V123/><F123/><W106/><G105/><T50/><D34/><U130/><E107/><V81/><F47/><W135/><G135/><T82/><D82/><U75/><E75/><V58/><AGARI ba="0,0" hai="54,58,60,65,66,81,87,90" m="14791,16847" machi="58" ten="30,4000,0" yaku="8,1,52,1,54,1" doraHai="25" who="2" fromWho="2" sc="366,-10,41,-20,250,40,343,-10" /><INIT seed="2,0,0,3,4,33" ten="356,21,290,333" oya="2" hai0="85,43,8,91,65,12,58,83,10,128,11,5,61" hai1="126,45,24,107,63,74,71,92,46,122,39,103,121" hai2="19,97,89,106,117,35,102,55,48,93,135,28,101" hai3="75,109,87,110,40,111,104,42,37,17,60,88,23"/><V7/><F117/><W9/><G75/><T2/><D128/><U30/><E74/><V69/><F69/><W27/><G104/><T53/><D43/><U50/><E39/><V29/><F135/><W118/><G118/><T51/><REACH who="0" step="1"/><D12/><REACH who="0" ten="346,21,290,333" step="2"/><U6/><E121/><V36/><F36/><W38/><G37/><T114/><D114/><U95/><E122/><V34/><F34/><W59/><G38/><T133/><D133/><U70/><E126/><V125/><F125/><W130/><G130/><T99/><D99/><U13/><E13/><V44/><F35/><W22/><G23/><T76/><D76/><U56/><E24/><V57/><F102/><W15/><G15/><T4/><D4/><U115/><E6/><V1/><F19/><W32/><G32/><T120/><D120/><U49/><E103/><V20/><F20/><W90/><G9/><T80/><D80/><U18/><E18/><V82/><F82/><W52/><G90/><T123/><D123/><U73/><E115/><V105/><F105/><W41/><G42/><T134/><D134/><U124/><E107/><V64/><F101/><W96/><G96/><T3/><D3/><U66/><E124/><V116/><F106/><W100/><G100/><T113/><D113/><U94/><E30/><V86/><F97/><W72/><G72/><T21/><D21/><U112/><E73/><V0/><F116/><W16/><G17/><T131/><D131/><U81/><E81/><AGARI ba="0,1" hai="16,22,27,40,41,52,59,60,81,87,88,109,110,111" machi="81" ten="40,8000,1" yaku="14,1,54,3" doraHai="33" who="3" fromWho="1" sc="346,0,21,-80,290,0,333,90" owari="346,15.0,-59,-56.0,290,-11.0,423,52.0" /></mjloggm>