<mjloggm ver="2.3"><GO type="169" lobby="0"/><UN n0="%6F%73%72%67" n1="%E7%AD%89%E3%80%85%E5%8A%9B%E5%8A%87%E5%A0%B4" n2="%EF%BC%81%E2%80%9D%EF%BC%83%EF%BC%84%EF%BC%85%EF%BC%86%E2%80%99%EF%BC%88" n3="%4D%4C%5A%4E%55%2D%53%4B" dan="17,17,17,16" rate="2209.56,2160.80,2124.33,2104.79" sx="M,M,M,M"/><TAIKYOKU oya="0"/><INIT seed="0,0,0,4,0,116" ten="250,250,250,250" oya="0" hai0="48,106,15,57,65,69,74,96,107,86,121,101,76" hai1="90,14,123,10,99,9,38,36,30,132,117,104,51" hai2="94,125,60,29,77,72,105,40,27,130,115,2,62" hai3="4,8,64,91,39,100,95,6,111,129,31,103,28"/><T3/><D3/><U133/><E117/><V16/><F115/><W46/><G111/><T114/><D114/><U1/><E30/><V59/><F105/><W92/><G64/><T97/><D69/><U23/><E23/><V44/><F2/><W110/><G110/><T79/><D65/><U134/><E1/><V52/><F125/><W109/><G109/><T124/><D57/><U18/><E9/><V83/><F130/><W119/><G39/><N who="1" m="14890" /><E51/><V127/><F127/><W21/><G119/><T126/><D48/><U37/><E37/><V54/><F94/><W82/><G82/><T58/><D58/><U41/><E41/><V13/><F40/><W33/><G33/><T66/><D66/><U26/><E26/><V85/><F72/><W5/><G129/><T11/><D15/><U61/><E61/><V22/><F44/><W98/><G8/><T63/><D11/><U42/><E42/><V81/><F81/><W73/><G73/><T34/><D63/><N who="2" m="24106" /><F59/><W43/><G21/><AGARI ba="0,0" hai="13,16,21,22,27,29,52,54,77,83,85" m="24106" machi="21" ten="30,3900,0" yaku="8,1,54,2" doraHai="116" who="2" fromWho="3" sc="250,0,250,0,250,39,250,-39" /><INIT seed="1,0,0,2,1,11" ten="250,250,289,211" oya="1" hai0="129,128,51,34,89,57,86,135,67,5,7,77,95" hai1="104,72,16,69,119,36,118,44,39,33,109,0,71" hai2="84,49,4,130,18,79,121,46,53,10,45,131,133" hai3="43,110,26,30,134,66,68,125,38,80,132,1,123"/><U90/><E104/><V2/><F121/><W24/><G123/><T73/><D34/><U27/><E72/><V62/><F133/><W83/><G1/><T116/><D116/><U96/><E0/><V87/><F62/><W74/><G110/><T20/><D135/><U42/><E109/><V64/><F64/><W25/><G125/><T9/><D73/><U127/><E127/><V52/><F18/><W93/><G93/><T40/><D77/><U6/><E39/><V99/><F99/><W111/><G111/><T81/><D67/><U94/><E33/><V108/><F108/><W113/><G113/><T82/><D7/><U23/><REACH who="1" step="1"/><E6/><REACH who="1" ten="250,240,289,211" step="2"/><V58/><F4/><W50/><G38/><T124/><D124/><U70/><AGARI ba="0,1" hai="16,23,27,36,42,44,69,70,71,90,94,96,118,119" machi="70" ten="30,11700,0" yaku="1,1,2,1,0,1,54,1,53,0" doraHai="11" doraHaiUra="97" who="1" fromWho="1" sc="250,-39,240,127,289,-39,211,-39" /><INIT seed="1,1,0,1,1,38" ten="211,367,250,172" oya="1" hai0="36,74,106,31,44,68,93,99,114,87,102,37,57" hai1="45,26,88,32,34,113,81,72,127,97,52,51,104" hai2="117,110,100,9,42,63,47,15,23,111,78,64,108" hai3="54,94,122,90,92,101,4,96,132,105,21,120,82"/><U70/><E113/><V20/><F100/><W30/><G4/><T80/><D68/><U67/><E127/><V125/><F78/><W50/><G132/><T2/><D2/><U55/><E72/><V89/><F89/><W95/><G30/><T24/><D114/><U13/><E104/><V85/><F85/><W75/><G21/><T7/><D7/><U49/><E26/><V119/><F125/><W107/><G107/><T76/><D57/><U123/><E123/><V130/><F130/><W58/><REACH who="3" step="1"/><G90/><REACH who="3" ten="211,367,250,162" step="2"/><N who="0" m="53471" /><D44/><U39/><E45/><V115/><F115/><W69/><G69/><T14/><D14/><U0/><E13/><V40/><F20/><AGARI ba="1,1" hai="20,24,31,36,37,74,76,80,99,102,106" m="53471" machi="20" ten="30,1000,0" yaku="24,1" doraHai="38" who="0" fromWho="2" sc="211,23,367,0,250,-13,162,0" /><INIT seed="2,0,0,3,4,46" ten="234,367,237,162" oya="2" hai0="103,101,84,58,123,25,35,122,133,43,95,112,71" hai1="67,32,51,116,76,8,23,98,54,99,37,53,28" hai2="14,42,70,26,89,90,69,106,34,31,24,56,124" hai3="44,17,9,0,126,128,40,125,38,92,93,33,115"/><V96/><F124/><N who="3" m="47723" /><G33/><T7/><D112/><U10/><E116/><V6/><F42/><W57/><G115/><T100/><D71/><U120/><E37/><V85/><F56/><W30/><G128/><T88/><D133/><U134/><E32/><V13/><F24/><W94/><G30/><T22/><D35/><U73/><E134/><V66/><F6/><N who="3" m="1223" /><G57/><T68/><D68/><U41/><E28/><V48/><F69/><W20/><G93/><T62/><D43/><U36/><E41/><V102/><F48/><W61/><G61/><T81/><D7/><U39/><E51/><V5/><F5/><W15/><AGARI ba="0,0" hai="15,17,20,38,40,44,92,94" m="1223,47723" machi="15" ten="30,1100,0" yaku="18,1" doraHai="46" who="3" fromWho="3" sc="234,-3,367,-3,237,-5,162,11" /><INIT seed="3,0,0,0,0,111" ten="231,364,232,173" oya="3" hai0="102,57,85,72,69,35,100,29,128,104,12,18,114" hai1="19,116,45,36,24,73,99,20,91,16,122,115,48" hai2="86,84,33,112,17,125,106,87,108,44,62,42,27" hai3="92,23,11,46,14,103,76,88,51,58,67,37,97"/><W68/><G76/><T98/><D72/><U13/><E122/><V41/><F108/><W3/><G3/><T26/><D102/><U38/><E73/><V74/><F106/><W53/><G23/><T1/><D1/><U109/><E109/><V52/><F125/><W82/><G68/><T61/><D128/><U83/><E116/><V119/><F119/><W59/><G37/><T9/><D85/><U39/><E115/><V64/><F112/><W129/><G129/><T34/><D114/><U55/><E99/><V70/><F74/><W101/><G67/><T80/><D80/><U77/><E77/><V2/><F2/><W118/><G118/><T132/><D132/><U47/><E83/><V60/><F17/><W10/><G10/><T40/><D40/><U4/><E4/><V71/><F71/><W133/><G133/><T30/><D30/><U6/><E6/><V124/><F124/><W31/><G31/><T66/><D57/><N who="3" m="21513" /><G82/><T79/><D79/><U81/><E81/><V43/><F62/><W0/><G0/><T105/><D105/><U8/><REACH who="1" step="1"/><E91/><REACH who="1" ten="231,354,232,173" step="2"/><V94/><F87/><W95/><G95/><T90/><D90/><U127/><E127/><V135/><F94/><W121/><G121/><T28/><D28/><U5/><E5/><AGARI ba="0,1" hai="5,11,14,46,51,53,88,92,97,101,103" m="21513" machi="5" ten="30,2900,0" yaku="8,1,54,1" doraHai="111" who="3" fromWho="1" sc="231,0,354,-29,232,0,173,39" /><INIT seed="3,1,0,2,3,59" ten="231,325,232,212" oya="3" hai0="11,104,1,64,19,23,132,81,13,91,27,133,75" hai1="98,95,76,92,46,21,122,50,88,69,116,45,128" hai2="130,135,3,5,89,32,67,48,124,58,121,117,107" hai3="99,129,127,105,78,61,35,126,106,65,7,14,100"/><W63/><G35/><T12/><D104/><U125/><E122/><V77/><F89/><W52/><G129/><T112/><D75/><U33/><E33/><V44/><F77/><W113/><G113/><T86/><D112/><U53/><E125/><N who="3" m="47626" /><G78/><T97/><D97/><U62/><E128/><V9/><F121/><W2/><G2/><T70/><D70/><U25/><E116/><V110/><F117/><W8/><G65/><T41/><D64/><U15/><E76/><V55/><F32/><W57/><G105/><T47/><D1/><U66/><E95/><V118/><F118/><W103/><G103/><T90/><D90/><U22/><E15/><V28/><F130/><W29/><G29/><T49/><REACH who="0" step="1"/><D13/><REACH who="0" ten="221,325,232,212" step="2"/><U68/><E68/><V119/><F119/><W102/><G102/><T18/><AGARI ba="1,1" hai="11,12,18,19,23,27,41,47,49,81,86,91,132,133" machi="18" ten="30,7900,0" yaku="1,1,2,1,0,1,53,1" doraHai="59" doraHaiUra="82" who="0" fromWho="0" sc="221,92,325,-21,232,-21,212,-40" /><INIT seed="4,0,0,2,3,127" ten="313,304,211,172" oya="0" hai0="124,129,74,11,21,26,112,82,20,123,119,6,4" hai1="36,49,57,55,32,16,116,98,75,60,13,58,110" hai2="91,43,56,52,102,9,18,62,69,99,68,64,132" hai3="8,96,83,86,117,46,93,61,25,111,126,28,15"/><T103/><D103/><U12/><E110/><V130/><F132/><W79/><G126/><T54/><D74/><U29/><E116/><V85/><F43/><W31/><G111/><T125/><D82/><U34/><E36/><V107/><F130/><W81/><G117/><T109/><D54/><U133/><E75/><V24/><F9/><W87/><G61/><T30/><D119/><U37/><E37/><V50/><F18/><W1/><G1/><T89/><D89/><U115/><E133/><V59/><REACH who="2" step="1"/><F24/><REACH who="2" ten="313,304,201,172" step="2"/><W77/><G25/><T65/><D109/><U27/><E115/><V71/><F71/><W39/><G39/><T84/><D112/><U97/><E13/><V0/><F0/><W14/><G46/><T48/><D26/><U128/><E128/><V94/><AGARI ba="0,1" hai="50,52,56,59,62,64,68,69,85,91,94,99,102,107" machi="94" ten="20,12000,2" yaku="1,1,0,1,7,1,54,1,53,2" doraHai="127" doraHaiUra="66" who="2" fromWho="2" sc="313,-60,304,-30,201,130,172,-30" /><INIT seed="5,0,0,5,1,24" ten="253,274,331,142" oya="1" hai0="63,72,131,92,126,26,19,48,29,103,124,123,5" hai1="109,17,94,18,7,125,84,80,2,40,114,62,15" hai2="35,77,79,75,127,88,67,135,117,106,11,66,6" hai3="129,128,46,82,132,9,59,54,55,111,60,23,21"/><U102/><E114/><V121/><F117/><W122/><G111/><T3/><D72/><U93/><E125/><N who="0" m="48233" /><D131/><N who="3" m="50249" /><G122/><T0/><D123/><U44/><E109/><V89/><F106/><W95/><G132/><T56/><D48/><N who="1" m="26631" /><E2/><V37/><F37/><W71/><G71/><T10/><D19/><N who="1" m="7179" /><E102/><V47/><F75/><W107/><G107/><T64/><D92/><U22/><E62/><V110/><F110/><W12/><G95/><T8/><D103/><U98/><E98/><V133/><F121/><W45/><G82/><T73/><D73/><U49/><E49/><V14/><F127/><W51/><G45/><T105/><D105/><U74/><E74/><V78/><F47/><W16/><AGARI ba="0,0" hai="9,12,16,21,23,46,51,54,55,59,60" m="50249" machi="16" ten="30,2000,0" yaku="19,1,54,1" doraHai="24" who="3" fromWho="3" sc="253,-5,274,-10,331,-5,142,20" /><INIT seed="6,0,0,5,3,38" ten="248,264,326,162" oya="2" hai0="82,67,5,9,88,84,45,74,29,39,20,56,80" hai1="110,108,24,54,10,48,47,43,53,107,36,117,120" hai2="130,33,100,79,41,1,83,101,71,69,17,90,92" hai3="73,104,118,27,32,122,0,66,105,102,49,42,6"/><V40/><F1/><W103/><G118/><T34/><D34/><U93/><E107/><V8/><F33/><W115/><G122/><T18/><D29/><U44/><E117/><V64/><F130/><W60/><G73/><T26/><D67/><U127/><E127/><V22/><F8/><W85/><G85/><T70/><D70/><U31/><E120/><V14/><F69/><W61/><G42/><N who="2" m="16489" /><F64/><W87/><G49/><T25/><D39/><U99/><E54/><V62/><F62/><W23/><G66/><T72/><D45/><U76/><E76/><V97/><F71/><W94/><G32/><T19/><D56/><U109/><E10/><V59/><F59/><W86/><G23/><T131/><D131/><U124/><E124/><V4/><F4/><W3/><G6/><T30/><D74/><U112/><E110/><V119/><F119/><W51/><G51/><T129/><D129/><U63/><E63/><V81/><F79/><W75/><G75/><T35/><D72/><U111/><E111/><V133/><F133/><W128/><G128/><T7/><D7/><U15/><E109/><V55/><F55/><W50/><G50/><T132/><D132/><U116/><E48/><V12/><F12/><W58/><G58/><T125/><D125/><U106/><E15/><V28/><F28/><W2/><G2/><T46/><D5/><U126/><E126/><V98/><F98/><W13/><G13/><N who="0" m="7471" /><D46/><U135/><E135/><V11/><F11/><W77/><G77/><T37/><D37/><U123/><E108/><V96/><F101/><W91/><G0/><RYUUKYOKU ba="0,0" sc="248,15,264,-15,326,15,162,-15" hai0="19,20,25,26,30,35,80,82,84,88" hai2="14,17,22,81,83,90,92,96,97,100" /><INIT seed="6,1,0,0,5,92" ten="263,249,341,147" oya="2" hai0="82,87,63,98,69,3,59,68,113,105,107,130,4" hai1="60,123,90,29,120,53,8,135,25,32,50,27,11" hai2="80,100,71,125,22,14,49,16,43,55,1,57,58" hai3="99,65,134,7,104,109,73,45,19,30,114,46,126"/><V9/><F71/><W41/><G109/><T10/><D113/><U21/><E60/><V17/><F125/><W0/><G46/><T62/><D130/><U24/><E24/><V15/><F1/><W72/><G19/><T78/><D63/><U37/><E37/><V122/><F122/><N who="1" m="46633" /><E135/><V66/><F100/><W133/><G65/><T35/><D35/><U6/><E6/><V81/><REACH who="2" step="1"/><F43/><REACH who="2" ten="263,249,331,147" step="2"/><W111/><G41/><T23/><D69/><U83/><E32/><V28/><F28/><W97/><G30/><T61/><D68/><U101/><E101/><V36/><F36/><W118/><G0/><T75/><D3/><U34/><E29/><V47/><F47/><W91/><G45/><T116/><D59/><U103/><E103/><V12/><F12/><W26/><G126/><T76/><D107/><U5/><E34/><V88/><F88/><W94/><G91/><T70/><D105/><U67/><E90/><V95/><F95/><W86/><G94/><T64/><D70/><U119/><E27/><V110/><F110/><W85/><G26/><T48/><D76/><U40/><E25/><V127/><F127/><W84/><G104/><T42/><D78/><U108/><E40/><V20/><F20/><W115/><G111/><T52/><D23/><U89/><E108/><V129/><F129/><W102/><G102/><T79/><D79/><U44/><E89/><V128/><F128/><W13/><G13/><T54/><D42/><U106/><E44/><V51/><F51/><W77/><G77/><T74/><D48/><U2/><E50/><V33/><F33/><RYUUKYOKU ba="1,1" sc="263,-10,249,-10,331,30,147,-10" hai2="9,14,15,16,17,22,49,55,57,58,66,80,81" /><INIT seed="6,2,1,2,2,68" ten="253,239,361,137" oya="2" hai0="111,80,89,102,96,47,86,85,25,0,75,99,81" hai1="1,45,98,106,66,16,115,55,107,97,44,126,122" hai2="114,87,71,57,120,59,117,132,62,100,53,19,73" hai3="104,17,135,130,5,72,34,63,46,43,95,112,33"/><V60/><F73/><W109/><G109/><T82/><D0/><U26/><E1/><V51/><F117/><W105/><G72/><T110/><D25/><U76/><E115/><V134/><F120/><W42/><G95/><N who="0" m="56431" /><D47/><U39/><E126/><V36/><F100/><W10/><G46/><T14/><D14/><U83/><E122/><V12/><F114/><W103/><G103/><T22/><D22/><U74/><E66/><V28/><F28/><W84/><G84/><N who="0" m="32363" /><D111/><U113/><E113/><V121/><F36/><W65/><G112/><T24/><D24/><U49/><E107/><V94/><F71/><W56/><G17/><T6/><D6/><U31/><E106/><V61/><F59/><W7/><G56/><T35/><D35/><U38/><E16/><V13/><F121/><W20/><G20/><T23/><D23/><U101/><E44/><V92/><F12/><W123/><G10/><T93/><D110/><U48/><E48/><V116/><F116/><W21/><G21/><T90/><D75/><U2/><E2/><V91/><F13/><W54/><G123/><T52/><D52/><U88/><E26/><V18/><F18/><W69/><G54/><T30/><D30/><U27/><E31/><V11/><F19/><W108/><G69/><T133/><D133/><N who="2" m="51306" /><F11/><W58/><G108/><T79/><D79/><U40/><E76/><V78/><F78/><W118/><G135/><T124/><D124/><U77/><E74/><V8/><F8/><W32/><G118/><T41/><D41/><U3/><E40/><V70/><F70/><W131/><G58/><RYUUKYOKU ba="2,1" sc="253,15,239,-15,361,15,137,-15" hai0="80,81,82,90,93,99,102" hai2="51,53,57,60,61,62,87,91,92,94" /><INIT seed="6,3,1,2,3,20" ten="268,224,376,122" oya="2" hai0="105,99,4,77,58,17,1,40,83,132,104,19,37" hai1="115,107,90,22,100,81,24,71,110,128,21,30,125" hai2="117,33,78,38,68,9,56,45,86,70,102,8,57" hai3="48,67,6,53,91,61,96,64,131,3,15,27,0"/><V42/><F117/><W123/><G123/><T72/><D132/><U133/><E110/><V49/><F33/><W50/><G131/><T130/><D130/><U118/><E128/><V44/><F102/><W113/><G113/><T93/><D58/><N who="2" m="22634" /><F86/><W63/><G15/><T14/><D104/><U80/><E125/><V92/><F92/><W35/><G6/><T18/><D14/><U12/><E118/><V65/><F78/><W26/><G53/><T29/><D105/><U51/><E133/><V47/><F8/><W114/><G114/><T134/><D29/><U109/><E109/><V88/><F88/><W82/><G35/><T2/><D1/><U129/><E71/><N who="2" m="27179" /><F9/><W124/><G82/><T31/><D31/><U69/><E69/><V32/><F32/><W126/><G91/><T74/><D134/><U120/><E115/><V34/><F34/><W89/><G89/><T23/><D74/><U46/><E129/><V5/><F5/><W76/><REACH who="3" step="1"/><G96/><REACH who="3" ten="268,224,376,112" step="2"/><T59/><D4/><U75/><E90/><V60/><F38/><W79/><AGARI ba="3,2" hai="0,3,26,27,48,50,61,63,64,67,76,79,124,126" machi="79" ten="25,12000,2" yaku="1,1,2,1,0,1,22,2,52,2,53,0" doraHai="20" doraHaiUra="66" who="3" fromWho="3" sc="268,-33,224,-33,376,-63,112,149" /><INIT seed="7,0,0,2,3,8" ten="235,191,313,261" oya="3" hai0="57,15,71,95,24,133,19,72,112,39,134,128,36" hai1="81,30,42,51,27,38,69,14,85,2,118,11,29" hai2="63,78,117,113,18,79,89,22,10,121,40,109,53" hai3="107,16,73,33,61,90,125,52,104,44,37,98,87"/><W92/><G33/><T9/><D71/><U6/><E69/><V35/><F117/><W50/><G73/><T62/><D72/><U111/><E111/><V110/><F35/><W46/><G125/><T115/><D24/><U130/><E38/><V123/><F40/><W93/><G61/><T54/><D128/><U1/><E130/><V65/><F53/><W64/><G64/><T55/><D55/><U60/><E118/><V116/><F116/><W56/><G37/><T126/><D126/><U47/><E60/><V97/><F113/><N who="0" m="43594" /><D95/><U132/><E132/><AGARI ba="0,0" hai="9,15,19,36,39,54,57,62,132,133,134" m="43594" machi="132" ten="30,7700,0" yaku="20,1,15,1,11,1,52,1" doraHai="8" who="0" fromWho="1" sc="235,77,191,-77,313,0,261,0" owari="312,11.0,114,-39.0,313,42.0,261,-14.0" /></mjloggm>