<mjloggm ver="2.3"><GO type="185" lobby="0"/><UN n0="%6E%69%63%61%2A%E3%82%9C" n1="%E5%B8%AB%E5%8C%A0%2F%E9%9B%80%E9%AC%BC" n2="%E3%83%9D%E3%82%B1%E3%83%83%E3%83%88" n3="" dan="18,16,18,0" rate="2293.20,2165.37,2379.82,1500.00" sx="M,M,M,C"/><TAIKYOKU oya="0"/><INIT seed="0,0,0,2,4,109" ten="350,350,350,0" oya="0" hai0="0,132,33,116,94,100,52,32,134,115,98,55,38" hai1="35,127,117,97,118,64,66,99,135,119,45,57,111" hai2="80,108,59,41,125,44,79,46,133,71,43,87,88" hai3=""/><T83/><D116/><U96/><E35/><V93/><F71/><T61/><D0/><U37/><E111/><V47/><F108/><T58/><D38/><U85/><E127/><V40/><F125/><T113/><D32/><U129/><E135/><N who="0" m="51753" /><D33/><U103/><E129/><V68/><F68/><T122/><N who="0" m="31264" /><T74/><D55/><U112/><E37/><V86/><F133/><T42/><D42/><U126/><E126/><V95/><F59/><T78/><AGARI ba="0,0" hai="52,58,61,74,78,83,94,98,100,113,115" m="31264,51753" machi="78" ten="30,8000,1" yaku="20,1,52,3,54,1" doraHai="109" who="0" fromWho="0" sc="350,80,350,-40,350,-40,0,0" /><INIT seed="0,1,0,4,0,36" ten="430,310,310,0" oya="0" hai0="134,110,131,76,124,112,52,119,0,113,78,49,122" hai1="109,74,118,86,120,128,50,80,87,43,101,89,93" hai2="121,103,57,51,53,77,71,81,104,96,92,116,99" hai3=""/><T1/><N who="0" m="31264" /><T48/><D119/><U56/><N who="1" m="30752" /><U73/><E118/><V58/><N who="2" m="31008" /><V3/><F116/><T46/><D131/><U70/><E109/><V102/><F71/><T108/><D134/><U40/><E128/><V91/><F3/><N who="0" m="1098" /><D124/><U85/><E70/><V123/><N who="2" m="31520" /><V114/><F114/><N who="0" m="44138" /><D49/><U133/><E133/><V41/><F41/><T33/><D33/><U37/><E37/><V63/><F63/><T135/><D135/><U126/><E126/><V61/><F61/><T62/><D62/><U117/><E117/><V90/><REACH who="2" step="1"/><F57/><REACH who="2" ten="430,310,300,0" step="2"/><T127/><D127/><U2/><E2/><V106/><F106/><T82/><D110/><U66/><E56/><V83/><F83/><T67/><D108/><U107/><E80/><V39/><F39/><T98/><D82/><U38/><E107/><V45/><F45/><T55/><D46/><U69/><E38/><V54/><F54/><N who="0" m="20522" /><D67/><U132/><E66/><V94/><F94/><T88/><D48/><U64/><E50/><V42/><F42/><T47/><D47/><U72/><E64/><V44/><F44/><T68/><D68/><U35/><E69/><V65/><F65/><T130/><D130/><U129/><E129/><V95/><F95/><AGARI ba="1,1" hai="76,78,88,95,98" m="20522,44138,1098,31264" machi="95" ten="40,12000,1" yaku="6,1,52,1,54,2" doraHai="36" who="0" fromWho="2" sc="430,132,310,0,300,-122,0,0" /><INIT seed="0,2,0,2,2,114" ten="562,310,178,0" oya="0" hai0="80,126,121,127,95,116,49,118,34,56,51,93,83" hai1="72,110,128,96,53,67,41,57,0,135,108,63,132" hai2="71,88,87,46,122,85,105,112,40,134,66,79,64" hai3=""/><T60/><N who="0" m="31008" /><T1/><D1/><U74/><E0/><V125/><N who="2" m="31264" /><V2/><F112/><T81/><D34/><U111/><E128/><V47/><F2/><T130/><D130/><U73/><E41/><V117/><F105/><T119/><D93/><U92/><REACH who="1" step="1"/><E67/><REACH who="1" ten="562,300,178,0" step="2"/><V106/><F40/><T48/><D95/><U70/><E70/><V109/><F71/><T90/><D90/><AGARI ba="2,1" hai="53,57,63,72,73,74,90,92,96,108,110,111,132,135" machi="90" ten="50,8000,1" yaku="1,1,14,1,53,3" doraHai="114" doraHaiUra="120" who="1" fromWho="0" sc="562,-84,300,94,178,0,0,0" /><INIT seed="1,0,0,2,2,2" ten="478,394,178,0" oya="1" hai0="78,99,134,71,132,106,89,58,32,56,57,84,69" hai1="54,72,131,48,92,95,116,135,87,83,117,3,85" hai2="113,68,52,118,77,39,51,90,74,44,0,35,110" hai3=""/><U129/><E3/><V34/><F0/><T122/><N who="0" m="31264" /><T82/><D32/><U102/><E72/><V103/><F118/><T100/><REACH who="0" step="1"/><D78/><REACH who="0" ten="468,394,178,0" step="2"/><U65/><E135/><AGARI ba="0,1" hai="56,57,58,69,71,82,84,89,99,100,106,132,134,135" m="31264" machi="135" ten="40,8000,1" yaku="1,1,2,1,20,1,52,1,53,0" doraHai="2" doraHaiUra="105" who="0" fromWho="1" sc="468,90,394,-80,178,0,0,0" /><INIT seed="2,0,0,4,5,110" ten="558,314,178,0" oya="2" hai0="71,46,109,44,41,48,131,100,57,86,69,34,129" hai1="49,113,111,122,96,84,85,1,105,82,126,90,40" hai2="101,54,87,35,73,80,45,97,108,62,52,102,120" hai3=""/><V123/><N who="2" m="30752" /><V79/><N who="2" m="31520" /><V81/><F35/><T115/><D34/><U68/><N who="1" m="31264" /><U33/><E1/><V88/><F108/><T124/><D109/><U50/><E33/><V67/><F45/><T36/><D124/><U65/><E111/><V51/><F51/><T91/><D100/><U63/><E126/><V127/><F127/><T107/><D107/><U133/><E133/><V42/><F42/><T76/><D76/><U64/><E64/><V89/><F89/><T135/><D57/><U74/><E74/><V94/><F102/><T61/><D135/><U53/><E40/><V114/><F114/><T95/><D115/><U104/><E113/><V75/><F75/><T66/><REACH who="0" step="1"/><D71/><AGARI ba="0,0" hai="52,54,62,67,71,73,79,80,81,87,88,94,97,101" m="31520,30752" machi="71" ten="30,12000,1" yaku="7,1,52,2,54,2" doraHai="110" who="2" fromWho="0" sc="558,-120,314,0,178,120,0,0" /><INIT seed="2,1,0,2,0,106" ten="438,314,298,0" oya="2" hai0="86,71,83,65,101,75,112,126,67,89,100,41,121" hai1="40,78,80,90,42,39,98,63,69,33,114,2,62" hai2="108,37,36,81,92,117,51,55,47,52,135,57,93" hai3=""/><V122/><N who="2" m="31264" /><V74/><F117/><T85/><N who="0" m="31008" /><T120/><N who="0" m="30752" /><T54/><D126/><U134/><E2/><V127/><F127/><T94/><D112/><U60/><E33/><V66/><F135/><T91/><D75/><U44/><E114/><V35/><F35/><T128/><D128/><U105/><E134/><V59/><F108/><T119/><D119/><U132/><E132/><V61/><F81/><T113/><D113/><U110/><E110/><V79/><F79/><T103/><D71/><U70/><E40/><V131/><F74/><T45/><REACH who="0" step="1"/><D54/><REACH who="0" ten="428,314,298,0" step="2"/><U32/><E32/><V3/><F131/><T38/><AGARI ba="1,1" hai="38,41,45,65,67,83,85,86,89,91,94,100,101,103" m="30752,31008" machi="38" ten="30,6000,1" yaku="1,1,2,1,0,1,52,2,53,0" doraHai="106" doraHaiUra="130" who="0" fromWho="0" sc="428,72,314,-21,298,-41,0,0" /><INIT seed="4,0,0,5,2,55" ten="500,293,257,0" oya="0" hai0="128,68,117,51,107,63,100,98,115,114,134,87,119" hai1="95,67,89,39,105,129,97,126,92,2,123,112,104" hai2="0,46,34,85,56,80,93,111,102,133,58,35,110" hai3=""/><T90/><D134/><U103/><N who="1" m="31520" /><U53/><E2/><V130/><F0/><T72/><D128/><U76/><E129/><V81/><F130/><T41/><D72/><U84/><E126/><V125/><F125/><T131/><D131/><U70/><E39/><V47/><F102/><T65/><D51/><U124/><E124/><V42/><F85/><T59/><D41/><U108/><E108/><V69/><F42/><T36/><D36/><U78/><E112/><N who="0" m="43049" /><D68/><U86/><E53/><V49/><F49/><T64/><D64/><U57/><E70/><V88/><F69/><T109/><D109/><U48/><E48/><V116/><F116/><T62/><D63/><U71/><E71/><V120/><N who="2" m="30752" /><V118/><F118/><T74/><D74/><U113/><E113/><V79/><F133/><T73/><D73/><U121/><N who="1" m="31008" /><U101/><E57/><V135/><F135/><T44/><D44/><U127/><E67/><V33/><F33/><T32/><D32/><U52/><E52/><V3/><F3/><T83/><AGARI ba="0,0" hai="59,62,65,83,87,90,98,100,107,117,119" m="43049" machi="83" ten="30,2000,0" yaku="15,1,52,1" doraHai="55" who="0" fromWho="0" sc="500,20,293,-10,257,-10,0,0" /><INIT seed="4,1,0,5,4,81" ten="520,283,247,0" oya="0" hai0="63,111,40,1,38,42,130,135,134,34,96,114,98" hai1="69,65,124,3,127,126,110,62,55,57,72,90,75" hai2="122,93,36,85,77,88,79,109,43,106,51,105,33" hai3=""/><T100/><D1/><U120/><N who="1" m="30752" /><U87/><E110/><V74/><N who="2" m="31264" /><V56/><F109/><T49/><D111/><U58/><E3/><V70/><F33/><T123/><N who="0" m="31520" /><T113/><D34/><U107/><E107/><V76/><F70/><T118/><D118/><U102/><E102/><V82/><F36/><T39/><D49/><U112/><E112/><V97/><F56/><N who="1" m="21609" /><E55/><V131/><F51/><T41/><D41/><U66/><E66/><V53/><F53/><T99/><D99/><U104/><E104/><N who="2" m="40043" /><F43/><T32/><D32/><U95/><AGARI ba="1,0" hai="62,65,69,72,75,87,90,95,124,126,127" m="21609,30752" machi="95" ten="40,3900,0" yaku="18,1,52,2" doraHai="81" who="1" fromWho="1" sc="520,-27,283,41,247,-14,0,0" /><INIT seed="5,0,0,4,4,2" ten="493,324,233,0" oya="1" hai0="102,123,3,94,105,0,56,59,109,122,116,90,84" hai1="88,79,39,68,63,135,43,97,78,45,33,66,47" hai2="129,106,76,37,32,73,85,117,40,62,93,35,77" hai3=""/><U118/><E33/><V49/><F106/><T80/><N who="0" m="31264" /><T81/><N who="0" m="31520" /><T42/><D109/><U108/><E135/><V86/><F37/><T89/><D105/><U51/><E118/><V48/><F73/><T98/><D116/><U55/><REACH who="1" step="1"/><E108/><REACH who="1" ten="493,314,233,0" step="2"/><V121/><N who="2" m="31008" /><V41/><F117/><T82/><D0/><U133/><E133/><V114/><F114/><T107/><D3/><U52/><E52/><V120/><N who="2" m="30752" /><V124/><F124/><T96/><REACH who="0" step="1"/><D42/><REACH who="0" ten="483,314,233,0" step="2"/><U113/><E113/><V34/><F32/><T60/><D60/><U1/><E1/><V53/><F62/><T119/><D119/><U87/><E87/><V65/><F53/><T67/><D67/><U104/><E104/><V74/><F65/><T110/><D110/><U95/><AGARI ba="0,2" hai="39,43,45,47,51,55,63,66,68,78,79,88,95,97" machi="95" ten="30,4000,0" yaku="1,1,0,1,54,1,53,0" doraHai="2" doraHaiUra="126" who="1" fromWho="1" sc="483,-20,314,60,233,-20,0,0" /><INIT seed="5,1,0,2,3,127" ten="463,374,213,0" oya="1" hai0="49,110,111,112,46,72,64,135,105,65,134,38,85" hai1="118,77,44,37,96,57,61,48,66,79,76,116,69" hai2="89,78,82,68,97,108,120,75,114,71,133,98,60" hai3=""/><U84/><E84/><V81/><N who="2" m="30752" /><V94/><F108/><N who="0" m="41514" /><D105/><U103/><E37/><V67/><F133/><N who="0" m="50698" /><D72/><U52/><REACH who="1" step="1"/><E69/><REACH who="1" ten="463,364,213,0" step="2"/><V36/><F36/><T102/><D85/><U41/><E41/><V80/><F71/><T62/><D38/><U130/><E130/><V113/><REACH who="2" step="1"/><F98/><REACH who="2" ten="463,364,203,0" step="2"/><T32/><D32/><U100/><E100/><V129/><F129/><T73/><D102/><U101/><E101/><V47/><F47/><T90/><D46/><U33/><E33/><V74/><F74/><T39/><D73/><U56/><E56/><V42/><F42/><T123/><D39/><U117/><E117/><V40/><F40/><T51/><D123/><U50/><E50/><V109/><F109/><T88/><D49/><U58/><E58/><V0/><F0/><T99/><D51/><U125/><E125/><V104/><F104/><AGARI ba="1,2" hai="44,48,52,57,61,66,76,77,79,96,103,104,116,118" machi="104" ten="40,12000,1" yaku="1,1,54,1,53,2" doraHai="127" doraHaiUra="115" who="1" fromWho="2" sc="463,0,364,142,203,-122,0,0" /><INIT seed="5,2,0,4,1,52" ten="463,506,81,0" oya="1" hai0="111,37,43,90,97,100,107,135,131,95,126,87,122" hai1="134,115,58,75,39,33,92,121,127,108,82,32,84" hai2="94,98,102,66,112,53,86,45,119,42,61,1,117" hai3=""/><U65/><N who="1" m="31008" /><U76/><E39/><V109/><F1/><T35/><N who="0" m="31264" /><T73/><D35/><U55/><E115/><V34/><F34/><T44/><D111/><U106/><E108/><V67/><F109/><T0/><D0/><U54/><E127/><V118/><F112/><T93/><D126/><U63/><E106/><V36/><REACH who="2" step="1"/><F86/><REACH who="2" ten="463,506,71,0" step="2"/><T48/><D73/><U60/><E134/><V69/><F69/><T57/><D135/><U99/><E84/><V79/><F79/><T46/><D131/><U88/><E54/><V59/><AGARI ba="2,1" hai="36,42,45,53,59,61,66,67,94,98,102,117,118,119" machi="59" ten="40,3900,0" yaku="1,1,0,1,52,1,53,0" doraHai="52" doraHaiUra="77" who="2" fromWho="2" sc="463,-15,506,-28,71,53,0,0" /><INIT seed="6,0,0,5,4,37" ten="448,478,124,0" oya="2" hai0="71,133,76,69,134,45,80,125,32,121,132,105,124" hai1="78,86,66,94,98,1,41,104,113,92,60,99,63" hai2="62,106,84,42,127,75,101,58,34,102,126,61,108" hai3=""/><V3/><F75/><T35/><N who="0" m="31008" /><T82/><D105/><U123/><N who="1" m="31520" /><U81/><E1/><V83/><F3/><T36/><D36/><U39/><E104/><V120/><N who="2" m="30752" /><V129/><F34/><N who="0" m="12842" /><D45/><U44/><E113/><V74/><F74/><T89/><D89/><U57/><REACH who="1" step="1"/><E60/><REACH who="1" ten="448,468,124,0" step="2"/><V73/><F106/><T72/><D82/><U103/><E103/><V56/><F73/><T96/><D96/><AGARI ba="0,1" hai="39,41,44,57,63,66,78,81,86,92,94,96,98,99" m="31520" machi="96" ten="40,5200,0" yaku="1,1,52,2,53,0" doraHai="37" doraHaiUra="111" who="1" fromWho="0" sc="448,-52,468,62,124,0,0,0" owari="396,0.0,530,48.0,124,-48.0,0,0.0" /></mjloggm>