<mjloggm ver="2.3"><GO type="185" lobby="0"/><UN n0="%E5%B7%A5%E8%97%A4%E3%81%95%E3%82%93" n1="%7A%61%30%30%30%34" n2="%E4%B9%9D%E8%93%AE%E5%9B%BD%E5%A3%AB%E4%B8%83%E5%AF%BE%E5%AD%90" n3="" dan="16,17,16,0" rate="2224.21,2263.32,2161.82,1500.00" sx="M,M,M,C"/><TAIKYOKU oya="0"/><INIT seed="0,0,0,2,1,127" ten="350,350,350,0" oya="0" hai0="48,86,74,98,114,93,120,85,58,104,132,90,61" hai1="43,55,46,95,70,87,101,69,49,77,45,65,40" hai2="99,64,83,59,66,88,81,119,84,39,94,60,36" hai3=""/><T107/><N who="0" m="30752" /><T0/><D0/><U56/><E56/><V2/><F2/><T112/><D132/><U1/><E1/><V103/><F119/><T57/><D74/><U106/><E55/><V41/><F41/><T54/><D114/><U51/><E65/><V75/><F64/><T67/><D112/><U123/><N who="1" m="31520" /><U96/><E77/><V32/><F32/><T71/><REACH who="0" step="1"/><D71/><REACH who="0" ten="340,350,350,0" step="2"/><U126/><E126/><V109/><F109/><T125/><D125/><U97/><REACH who="1" step="1"/><E87/><AGARI ba="0,1" hai="48,54,57,58,61,67,85,86,87,90,93,98,104,107" m="30752" machi="87" ten="40,3900,0" yaku="1,1,52,1,53,0" doraHai="127" doraHaiUra="73" who="0" fromWho="1" sc="340,49,350,-39,350,0,0,0" /><INIT seed="0,1,0,3,0,56" ten="389,311,350,0" oya="0" hai0="54,130,72,3,113,135,119,95,117,97,41,81,2" hai1="70,116,32,114,82,36,87,105,100,77,129,58,131" hai2="33,53,92,71,134,96,83,80,35,90,103,112,111" hai3=""/><T121/><N who="0" m="31008" /><T102/><D113/><U1/><E58/><V91/><F112/><T93/><D135/><U76/><E70/><V59/><F134/><T89/><D130/><N who="1" m="49675" /><E36/><V67/><F111/><T39/><D3/><U68/><E68/><V79/><F71/><T98/><D2/><U101/><E32/><V88/><F67/><T50/><D41/><U109/><E1/><V99/><F99/><T62/><D39/><U84/><E114/><V78/><F78/><N who="1" m="30313" /><E109/><V66/><F66/><T0/><D0/><U40/><E40/><V120/><N who="2" m="30752" /><V37/><F37/><T44/><D72/><U118/><E105/><V64/><F64/><T86/><REACH who="0" step="1"/><D62/><REACH who="0" ten="379,311,350,0" step="2"/><U63/><E63/><V61/><REACH who="2" step="1"/><F80/><REACH who="2" ten="379,311,340,0" step="2"/><T107/><D107/><U69/><E69/><V42/><F42/><T124/><D124/><U48/><E48/><V65/><F65/><T51/><D51/><U94/><E94/><V46/><F46/><T133/><D133/><U55/><E82/><V125/><F125/><T74/><D74/><AGARI ba="1,2" hai="33,35,53,59,61,74,79,83,88,90,91,92,96,103" m="30752" machi="74" ten="40,8000,1" yaku="1,1,52,2,54,1,53,0" doraHai="56" doraHaiUra="45" who="2" fromWho="0" sc="379,-82,311,0,340,102,0,0" /><INIT seed="1,0,0,3,3,96" ten="297,311,442,0" oya="1" hai0="76,63,112,91,43,105,103,32,52,48,53,36,102" hai1="117,120,108,99,59,86,55,68,70,133,130,80,83" hai2="65,126,92,41,122,3,85,118,113,54,98,64,95" hai3=""/><U100/><N who="1" m="30752" /><U56/><E117/><V135/><N who="2" m="31264" /><V116/><F3/><T110/><D32/><U2/><E2/><V39/><F113/><T81/><D112/><U89/><E133/><V38/><F135/><T49/><D36/><U124/><E130/><V46/><F126/><T94/><D43/><U35/><E35/><V84/><F54/><T62/><D105/><U106/><E124/><V82/><F39/><T104/><D104/><U88/><E108/><V115/><F115/><T34/><D34/><U75/><E59/><V1/><F1/><T90/><D94/><U93/><E83/><V42/><F42/><T50/><D81/><U127/><E127/><V123/><N who="2" m="31520" /><V37/><F41/><T125/><D125/><U128/><E128/><V58/><F82/><T60/><D76/><U97/><E75/><V134/><F134/><T73/><D73/><U119/><E119/><V131/><F58/><T69/><D69/><U57/><E57/><V109/><F131/><T47/><D110/><U51/><AGARI ba="0,0" hai="51,55,56,68,70,80,86,88,89,93,97,99,100,106" m="30752" machi="51" ten="20,8000,1" yaku="0,1,7,1,52,2,54,1" doraHai="96" who="1" fromWho="1" sc="297,-40,311,80,442,-40,0,0" /><INIT seed="1,1,0,1,1,54" ten="257,391,402,0" oya="1" hai0="97,41,95,37,111,74,115,65,78,106,67,116,0" hai1="43,129,49,69,82,105,110,61,121,84,71,50,55" hai2="60,1,85,51,99,104,107,42,80,133,127,36,91" hai3=""/><U32/><N who="1" m="31008" /><U35/><E105/><V92/><F1/><T88/><D115/><U94/><E129/><V52/><F133/><T46/><D0/><U72/><E72/><V58/><F127/><T47/><D111/><U53/><E94/><V68/><F36/><T125/><D125/><U38/><E110/><V112/><F112/><T123/><N who="0" m="31520" /><T114/><D114/><U108/><E108/><V87/><F87/><T76/><D116/><U75/><E75/><V93/><F93/><T48/><D106/><U33/><E38/><V98/><F98/><T63/><D74/><U3/><E3/><V81/><F81/><T109/><D109/><U70/><E61/><V113/><F113/><T89/><D89/><U132/><E132/><V2/><F2/><T40/><REACH who="0" step="1"/><D67/><REACH who="0" ten="247,391,402,0" step="2"/><U117/><E117/><V100/><REACH who="2" step="1"/><F68/><AGARI ba="1,1" hai="37,40,41,46,47,48,63,65,68,76,78,88,95,97" m="31520" machi="68" ten="30,8000,1" yaku="1,1,2,1,7,1,52,1,54,1,53,0" doraHai="54" doraHaiUra="102" who="0" fromWho="2" sc="247,92,391,0,402,-82,0,0" /><INIT seed="2,0,0,1,5,93" ten="339,391,320,0" oya="2" hai0="41,88,71,97,39,44,72,65,129,84,114,116,91" hai1="42,43,38,98,54,127,118,134,123,67,133,107,105" hai2="60,132,32,35,83,66,76,89,112,117,63,55,79" hai3=""/><V58/><F117/><T81/><D116/><U106/><N who="1" m="31520" /><U125/><E118/><V121/><N who="2" m="31008" /><V2/><F112/><T87/><D114/><U115/><E115/><V33/><F132/><N who="1" m="50793" /><E67/><V64/><F2/><T119/><D119/><U68/><E68/><V101/><F101/><T95/><D129/><U37/><E54/><V108/><F108/><T80/><D72/><U0/><E98/><V103/><F103/><T128/><D128/><U56/><E56/><V104/><F104/><T45/><D45/><U110/><E0/><V53/><F89/><T70/><REACH who="0" step="1"/><D65/><REACH who="0" ten="329,391,320,0" step="2"/><U69/><E110/><V34/><N who="2" m="8192" /><DORA hai="92" /><V109/><F109/><T111/><D111/><U1/><E1/><V59/><REACH who="2" step="1"/><F79/><AGARI ba="0,1" hai="39,41,44,70,71,79,80,81,84,87,88,91,95,97" machi="79" ten="30,12000,2" yaku="1,1,7,1,52,2,54,1,53,1" doraHai="93,92" doraHaiUra="74,47" who="0" fromWho="2" sc="329,130,391,0,320,-120,0,0" /><INIT seed="4,0,0,3,5,55" ten="459,391,200,0" oya="0" hai0="99,85,102,50,39,81,45,100,73,107,87,106,125" hai1="51,120,36,117,128,37,92,134,54,93,67,40,32" hai2="80,122,62,91,121,88,0,49,69,63,33,34,64" hai3=""/><T98/><D125/><U101/><N who="1" m="30752" /><U94/><E117/><V114/><N who="2" m="31008" /><V57/><N who="2" m="31264" /><V61/><F0/><T116/><D116/><U95/><E32/><V131/><F114/><T65/><D39/><U104/><E134/><V75/><F131/><T1/><D1/><U46/><E128/><V38/><F38/><T74/><D65/><U66/><E36/><V76/><F49/><T60/><D60/><U130/><E130/><V124/><F62/><T105/><D45/><U86/><E104/><V71/><F124/><T70/><D70/><U110/><E110/><V135/><F135/><T83/><D50/><U127/><E127/><V52/><REACH who="2" step="1"/><F69/><REACH who="2" ten="459,391,190,0" step="2"/><T68/><D68/><U108/><E108/><V97/><F97/><T82/><D107/><U132/><E132/><V79/><F79/><T58/><D58/><U78/><E37/><V84/><F84/><AGARI ba="0,1" hai="73,74,81,82,83,84,85,87,98,99,100,102,105,106" machi="84" ten="40,18000,2" yaku="9,1,35,6" doraHai="55" who="0" fromWho="2" sc="459,190,391,0,190,-180,0,0" /><INIT seed="4,1,0,5,5,53" ten="649,391,10,0" oya="0" hai0="76,72,113,117,81,128,105,89,78,124,47,94,60" hai1="86,71,120,90,75,134,37,38,119,63,114,73,106" hai2="135,108,132,54,70,82,52,95,50,107,45,65,44" hai3=""/><T46/><D117/><U64/><N who="1" m="30752" /><U56/><E106/><V57/><F107/><T101/><D113/><U111/><E119/><V80/><F108/><T35/><D35/><U43/><E111/><V32/><F32/><T51/><D128/><U100/><E100/><V92/><F70/><T36/><D78/><U2/><E114/><V110/><F110/><T104/><D124/><U1/><E134/><V99/><F65/><T42/><D60/><U85/><E71/><V34/><F34/><T96/><D101/><U66/><E43/><AGARI ba="1,0" hai="36,42,43,46,47,51,72,76,81,89,94,96,104,105" machi="43" ten="30,1500,0" yaku="7,1" doraHai="53" who="0" fromWho="1" sc="649,17,391,-17,10,0,0,0" /><INIT seed="4,2,0,1,0,90" ten="666,374,10,0" oya="0" hai0="35,125,127,44,114,64,101,47,60,103,36,134,102" hai1="132,40,77,105,3,116,83,104,34,51,81,2,94" hai2="0,59,74,93,130,88,46,126,32,50,107,49,121" hai3=""/><T122/><N who="0" m="31264" /><T73/><D35/><U67/><E116/><V1/><N who="2" m="31008" /><V53/><F32/><T100/><D73/><U85/><E34/><V69/><F69/><T43/><D114/><U89/><E67/><V98/><F74/><T115/><D115/><U84/><E132/><V76/><F76/><T86/><D134/><U129/><E51/><V62/><F130/><T41/><D86/><U113/><E40/><V78/><F78/><T92/><D92/><U106/><E2/><V75/><F75/><T80/><D80/><U33/><E3/><V39/><F126/><N who="0" m="48138" /><D103/><U111/><E33/><V61/><F107/><T82/><D82/><U118/><E129/><V52/><F1/><T37/><D102/><U42/><E113/><V133/><F0/><T110/><D110/><U71/><E111/><V66/><F133/><T70/><AGARI ba="2,0" hai="36,37,41,43,44,47,60,64,70,100,101" m="48138,31264" machi="70" ten="30,2000,0" yaku="18,1,52,1" doraHai="90" who="0" fromWho="0" sc="666,24,374,-12,10,-12,0,0" owari="690,64.0,362,-4.0,-2,-60.0,0,0.0" /></mjloggm>