<mjloggm ver="2.3"><GO type="169" lobby="0"/><UN n0="%E5%86%AC%E9%A6%AC%E6%98%A5%E5%B8%8C" n1="%E7%B4%AB%E3%81%AE%E9%8F%A1" n2="%43%68%69%63%61%67%6F" n3="%41%72%64%62%65%47" dan="17,18,17,16" rate="2177.82,2332.53,2171.57,2040.50" sx="M,M,M,M"/><TAIKYOKU oya="0"/><INIT seed="0,0,0,0,1,45" ten="250,250,250,250" oya="0" hai0="132,124,49,117,54,134,25,40,37,4,56,34,17" hai1="86,71,111,10,85,107,93,21,104,125,122,135,51" hai2="82,14,2,99,94,65,112,116,43,6,44,109,119" hai3="63,67,115,9,92,129,48,118,87,58,133,16,28"/><T81/><D117/><U8/><E122/><V72/><F112/><W46/><G115/><T77/><D124/><U80/><E71/><V91/><F109/><W33/><G118/><N who="2" m="45097" /><F65/><W95/><G133/><N who="0" m="51307" /><D4/><U102/><E111/><V70/><F70/><W128/><G33/><T110/><D110/><U97/><E125/><V47/><F2/><W126/><G28/><N who="0" m="19727" /><D17/><U3/><E3/><V130/><F130/><N who="3" m="50283" /><G126/><T50/><D37/><U7/><E135/><V75/><F47/><W1/><G1/><T29/><D29/><U57/><E7/><V53/><F53/><N who="3" m="29847" /><G87/><N who="0" m="48559" /><D40/><U120/><E120/><V66/><F66/><W31/><G31/><T38/><D38/><U19/><E19/><V113/><F82/><W11/><G11/><T103/><D103/><U79/><E8/><N who="2" m="4375" /><F113/><W36/><G36/><AGARI ba="0,0" hai="36,43,44,72,75,91,94,99" m="4375,45097" machi="36" ten="30,1000,0" yaku="12,1" doraHai="45" who="2" fromWho="3" sc="250,0,250,0,250,10,250,-10" /><INIT seed="1,0,0,4,3,51" ten="250,250,260,240" oya="1" hai0="69,74,71,65,96,48,106,78,133,35,53,15,26" hai1="58,116,10,19,55,92,128,1,102,50,21,115,84" hai2="85,129,132,82,126,117,36,30,61,12,9,103,17" hai3="75,72,33,83,7,113,44,32,28,66,94,79,90"/><U59/><E115/><V60/><F117/><W56/><G113/><T114/><D133/><U104/><E116/><V80/><F132/><W107/><G75/><T16/><D114/><U119/><E119/><V37/><F126/><W112/><G112/><T27/><D74/><U67/><E128/><V87/><F103/><W46/><G107/><T70/><D78/><U20/><E104/><V122/><F122/><W42/><G7/><T43/><D43/><U89/><E102/><V41/><F30/><W40/><G40/><T2/><D65/><U130/><E130/><V34/><F34/><W14/><G14/><T8/><D2/><U118/><E118/><V24/><F24/><W108/><G44/><T54/><D48/><U39/><E39/><V6/><F6/><W63/><G28/><T23/><D35/><U3/><E10/><V86/><F129/><W31/><G31/><T123/><D123/><U125/><E125/><V0/><F0/><W110/><G94/><T109/><D109/><N who="3" m="42089" /><G90/><T101/><REACH who="0" step="1"/><D27/><REACH who="0" ten="240,250,260,240" step="2"/><U77/><E77/><V88/><F41/><W93/><G93/><T57/><D57/><U76/><E76/><N who="2" m="46215" /><F37/><AGARI ba="0,1" hai="32,33,37,42,46,56,63,66,72,79,83" m="42089" machi="37" ten="30,1000,0" yaku="14,1" doraHai="51" who="3" fromWho="2" sc="240,0,250,0,260,-10,240,20" /><INIT seed="2,0,0,2,0,79" ten="240,250,250,260" oya="2" hai0="30,135,97,17,120,80,45,42,102,60,12,7,2" hai1="56,74,110,43,29,19,37,85,122,69,47,77,16" hai2="1,66,49,6,129,116,59,41,48,36,125,44,15" hai3="64,109,95,73,106,51,63,123,89,132,22,98,93"/><V11/><F116/><W105/><G123/><T53/><D120/><U112/><E112/><V31/><F129/><W115/><G115/><T26/><D135/><U78/><E122/><V101/><F125/><W127/><G127/><T50/><D2/><U119/><E119/><V71/><F101/><W39/><G39/><T91/><D7/><U134/><E69/><V94/><F94/><W99/><G73/><T100/><D60/><U8/><E74/><V67/><F31/><W34/><G34/><T61/><D61/><U33/><E134/><V14/><F49/><W83/><G51/><T103/><D42/><U114/><E114/><V104/><F104/><W113/><G113/><T126/><D126/><U72/><E72/><V88/><F88/><W23/><G105/><T52/><D53/><U111/><E56/><V76/><F76/><N who="1" m="29289" /><E8/><V118/><F118/><W130/><G106/><T20/><D97/><U82/><E29/><V24/><F24/><W107/><G107/><T21/><REACH who="0" step="1"/><D102/><REACH who="0" ten="230,250,250,260" step="2"/><U28/><E43/><V81/><F1/><W131/><G63/><T58/><D58/><U10/><E111/><V57/><F57/><W62/><G62/><T35/><D35/><U86/><E33/><V92/><F59/><W96/><G109/><T68/><D68/><U13/><E110/><V84/><F71/><W3/><G99/><T133/><D133/><U46/><E46/><V5/><F44/><W9/><G132/><T4/><D4/><U124/><E47/><V54/><F41/><W55/><G131/><T70/><D70/><U27/><E124/><V38/><F54/><RYUUKYOKU ba="0,1" sc="230,30,250,-10,250,-10,260,-10" hai0="12,17,20,21,26,30,45,50,52,80,91,100,103" /><INIT seed="3,1,1,4,4,117" ten="260,240,240,250" oya="3" hai0="9,4,124,91,50,55,32,63,5,68,46,104,128" hai1="103,16,52,125,70,83,0,37,116,126,84,112,114" hai2="78,122,26,41,120,31,105,60,30,106,38,101,49" hai3="98,134,54,58,76,107,22,87,113,72,90,28,89"/><W88/><G113/><T42/><D32/><U94/><E0/><V108/><F38/><W75/><G134/><T86/><D104/><U56/><E70/><V109/><F78/><W20/><G28/><N who="2" m="10793" /><F26/><W97/><G107/><N who="2" m="40969" /><F101/><W127/><G127/><N who="1" m="48650" /><E37/><V110/><F60/><W80/><G75/><T57/><D128/><U18/><E116/><V35/><F35/><W36/><G36/><T2/><D124/><U77/><E103/><V119/><F119/><W6/><G6/><T15/><D68/><U66/><E66/><V12/><F12/><W135/><G135/><T33/><D33/><U43/><E94/><V64/><F64/><W85/><G72/><T45/><D45/><AGARI ba="1,1" hai="41,45,49,108,109,110,120,122" m="40969,10793" machi="45" ten="40,5200,0" yaku="14,1,52,2" doraHai="117" who="2" fromWho="0" sc="260,-55,240,0,240,65,250,0" /><INIT seed="4,0,0,1,0,15" ten="205,240,305,250" oya="0" hai0="68,130,16,46,64,62,102,67,126,33,54,48,80" hai1="77,121,65,56,45,131,119,109,40,134,116,108,98" hai2="60,51,3,9,14,122,2,44,133,74,59,50,19" hai3="23,38,69,118,35,36,87,114,34,0,82,103,11"/><T113/><D33/><U22/><E77/><V7/><F122/><W43/><G118/><N who="1" m="45098" /><E98/><V112/><F112/><W110/><G114/><T47/><D113/><U85/><E85/><V71/><F133/><W52/><G110/><N who="1" m="42602" /><E22/><V24/><F71/><W32/><G69/><T115/><D126/><U57/><E121/><V70/><F70/><W41/><G41/><T30/><D130/><U20/><E20/><V129/><F129/><W96/><G43/><T106/><D30/><U86/><E86/><V99/><F74/><W26/><G11/><T58/><D115/><U39/><E131/><V97/><F51/><W10/><G10/><T17/><D80/><U78/><E78/><V107/><F107/><W105/><G0/><T55/><D67/><U88/><E88/><V53/><F3/><W5/><G52/><T79/><D79/><U29/><E29/><V4/><F24/><W63/><G5/><N who="2" m="2121" /><F2/><W6/><G6/><T127/><D127/><U94/><E134/><V101/><F101/><W42/><G82/><T84/><D84/><U89/><E65/><AGARI ba="0,0" hai="9,14,19,44,50,53,59,60,65,97,99" m="2121" machi="65" ten="30,2000,0" yaku="8,1,52,1" doraHai="15" who="2" fromWho="1" sc="205,0,240,-20,305,20,250,0" /><INIT seed="5,0,0,4,0,123" ten="205,220,325,250" oya="1" hai0="48,60,81,119,12,1,34,52,29,69,111,15,120" hai1="63,40,73,68,49,16,14,54,105,26,62,108,8" hai2="92,78,39,117,66,41,77,0,106,103,88,55,116" hai3="91,50,25,67,57,125,99,47,124,27,128,98,24"/><U65/><E73/><V56/><F0/><W58/><G128/><T110/><D119/><U133/><E105/><V28/><F28/><W118/><G118/><T86/><D1/><U113/><E133/><V59/><F106/><W37/><G37/><T53/><D120/><U80/><E113/><V79/><F103/><W107/><G91/><T101/><D101/><U18/><E108/><V64/><F41/><W129/><G129/><T127/><D127/><N who="3" m="48713" /><G58/><T13/><D29/><U32/><E80/><V131/><F39/><W19/><G19/><T132/><D34/><U90/><E90/><V36/><F36/><W89/><G89/><T130/><D130/><U93/><E93/><V109/><F109/><W45/><G45/><T104/><D104/><U46/><E32/><V23/><F131/><W76/><G76/><T126/><D126/><U95/><E95/><V135/><F23/><W7/><G7/><T17/><D17/><U6/><REACH who="1" step="1"/><E26/><REACH who="1" ten="205,210,325,250" step="2"/><V83/><F135/><W2/><G107/><T31/><D132/><U85/><E85/><N who="2" m="52239" /><F117/><W87/><G87/><T51/><D86/><U4/><E4/><V82/><F116/><W102/><G99/><T38/><D81/><U43/><E43/><V134/><F134/><W21/><G98/><T35/><D111/><U22/><E22/><V9/><F83/><W112/><G21/><T96/><D96/><U44/><E44/><V33/><F33/><W94/><G94/><T11/><D110/><U114/><E114/><V61/><F82/><W74/><G112/><T97/><D35/><U121/><E121/><V5/><F56/><AGARI ba="0,1" hai="6,8,14,16,18,40,46,49,54,56,62,63,65,68" machi="56" ten="40,7700,0" yaku="1,1,6,1,54,1,53,0" doraHai="123" doraHaiUra="20" who="1" fromWho="2" sc="205,0,210,87,325,-77,250,0" /><INIT seed="5,1,0,3,3,109" ten="205,297,248,250" oya="1" hai0="58,1,29,79,15,2,98,110,92,20,41,104,94" hai1="122,32,24,34,78,72,61,63,50,128,90,66,31" hai2="127,26,74,53,119,62,0,64,25,70,77,13,12" hai3="48,30,38,107,17,71,93,22,36,96,28,100,40"/><U6/><E122/><V86/><F119/><W134/><G71/><T60/><D110/><U108/><E108/><V65/><F0/><W135/><G30/><T113/><D104/><U69/><E128/><V4/><F127/><W54/><G28/><T111/><D111/><U120/><E120/><V123/><F123/><W16/><G17/><T87/><D41/><U118/><E118/><V75/><F4/><W44/><G107/><T37/><D37/><U106/><E106/><V39/><F39/><W10/><G10/><T55/><D1/><U82/><E6/><V7/><F7/><W18/><G18/><T11/><D2/><U116/><E116/><V33/><F33/><W99/><G96/><T46/><D46/><U52/><E63/><V95/><F70/><W47/><REACH who="3" step="1"/><G36/><REACH who="3" ten="205,297,248,240" step="2"/><T35/><D11/><U121/><E121/><V131/><F131/><W129/><G129/><T42/><D29/><U56/><E34/><V102/><F26/><AGARI ba="1,1" hai="16,22,26,38,40,44,47,48,54,93,99,100,134,135" machi="26" ten="40,5200,0" yaku="1,1,54,1,53,1" doraHai="109" doraHaiUra="19" who="3" fromWho="2" sc="205,0,297,0,248,-55,240,65" /><INIT seed="6,0,0,1,0,135" ten="205,297,193,305" oya="2" hai0="51,134,128,122,129,110,37,34,96,105,59,19,125" hai1="53,100,49,55,103,112,120,79,46,93,131,127,65" hai2="99,106,60,50,27,101,39,72,41,57,109,20,78" hai3="108,116,11,83,36,54,31,44,123,115,70,68,107"/><V4/><F109/><W58/><G116/><T0/><RYUUKYOKU type="yao9" ba="0,0" sc="205,0,297,0,193,0,305,0" hai0="0,19,34,37,51,59,96,105,110,122,125,128,129,134" /><INIT seed="6,1,0,2,0,69" ten="205,297,193,305" oya="2" hai0="123,122,90,108,103,66,18,93,5,38,34,60,109" hai1="75,58,85,45,11,91,56,15,95,116,89,97,17" hai2="4,68,126,12,10,59,22,49,29,0,16,133,74" hai3="96,124,46,64,50,54,31,37,24,44,100,62,40"/><V28/><F68/><W9/><G124/><T119/><D34/><U83/><E116/><V127/><F74/><W120/><G120/><T43/><D5/><U113/><E113/><V132/><F49/><W102/><G9/><T67/><D103/><U53/><E75/><V105/><F59/><W19/><G19/><T32/><D32/><U30/><E30/><N who="2" m="11883" /><F105/><W130/><G130/><T41/><D18/><U81/><E81/><V86/><F86/><W21/><G96/><T129/><D93/><U20/><E20/><V115/><F115/><W76/><G76/><T92/><D92/><U47/><E58/><AGARI ba="1,0" hai="21,24,31,37,40,44,46,50,54,58,62,64,100,102" machi="58" ten="30,2000,0" yaku="7,1,52,1" doraHai="69" who="3" fromWho="1" sc="205,0,297,-23,193,0,305,23" /><INIT seed="7,0,0,4,1,63" ten="205,274,193,328" oya="3" hai0="14,31,127,0,4,44,99,122,39,21,46,95,12" hai1="23,18,9,61,112,2,62,52,50,6,43,42,87" hai2="97,36,100,131,133,85,26,49,35,105,71,37,38" hai3="135,45,66,110,33,93,134,1,78,70,98,109,120"/><W24/><G120/><T75/><D75/><U15/><E112/><V57/><F133/><N who="3" m="50699" /><G1/><T91/><D122/><U128/><E128/><V65/><F131/><W60/><G78/><T51/><D39/><N who="2" m="9986" /><V113/><DORA hai="77" /><F113/><W40/><G33/><T5/><D46/><U81/><E42/><V118/><F57/><W82/><G82/><T79/><D127/><U76/><E43/><V132/><F49/><N who="3" m="26791" /><G24/><N who="0" m="16783" /><D79/><U101/><E101/><AGARI ba="0,0" hai="60,66,70,93,98,101,109,110" m="26791,50699" machi="101" ten="30,2900,0" yaku="20,1,52,1" doraHai="63,77" who="3" fromWho="1" sc="205,0,274,-29,193,0,328,29" owari="205,-19.0,245,5.0,193,-31.0,357,45.0" /></mjloggm>