<mjloggm ver="2.3"><GO type="185" lobby="0"/><UN n0="%E3%83%9E%E3%83%A4%E3%82%B7%E3%82%B3%E3%82%AC%E3%83%81%E5%8B%A2" n1="%6B%2D%70%6F%69%6E%74" n2="%E3%81%8A%E7%9F%A5%E3%82%89%E3%81%9B" n3="" dan="16,17,18,0" rate="2182.19,2295.36,2373.42,1500.00" sx="M,M,M,C"/><TAIKYOKU oya="0"/><INIT seed="0,0,0,0,3,129" ten="350,350,350,0" oya="0" hai0="104,97,91,118,95,52,37,105,119,54,69,78,79" hai1="63,45,41,83,40,121,81,109,98,66,99,130,132" hai2="47,85,67,34,124,131,60,122,96,32,134,113,3" hai3=""/><T38/><D91/><U87/><N who="1" m="31008" /><U0/><E0/><V75/><N who="2" m="31264" /><V123/><N who="2" m="31520" /><V133/><F75/><T58/><D58/><U64/><E130/><V61/><F3/><T92/><REACH who="0" step="1"/><D97/><REACH who="0" ten="340,350,350,0" step="2"/><U127/><E98/><V44/><F131/><T120/><N who="0" m="30752" /><T77/><D77/><U43/><E99/><V50/><F96/><T2/><D2/><U46/><E45/><V110/><F47/><T102/><D102/><U73/><E46/><V1/><F1/><T89/><D89/><U70/><E70/><AGARI ba="0,1" hai="37,38,52,54,69,70,78,79,92,95,104,105,118,119" m="30752" machi="70" ten="25,18000,2" yaku="1,1,22,2,52,1,54,1,53,2" doraHai="129" doraHaiUra="51" who="0" fromWho="1" sc="340,190,350,-180,350,0,0,0" /><INIT seed="0,1,0,5,0,50" ten="530,170,350,0" oya="0" hai0="37,47,94,114,54,72,46,75,98,99,119,123,55" hai1="62,111,39,135,51,117,73,63,91,81,126,89,101" hai2="132,80,58,61,52,127,100,41,115,104,71,35,53" hai3=""/><T49/><N who="0" m="31520" /><T48/><D114/><U122/><N who="1" m="31264" /><U40/><E117/><V2/><F115/><T1/><D119/><U3/><E3/><V97/><F2/><T83/><D1/><U118/><E118/><V87/><F35/><T56/><D83/><U124/><E39/><V74/><F132/><T45/><D99/><U95/><E135/><V67/><F127/><T128/><D128/><U85/><E101/><V125/><F125/><N who="1" m="48233" /><E111/><V107/><F74/><T79/><D79/><U96/><E73/><V90/><F41/><T77/><D77/><U133/><E133/><V84/><F107/><T60/><D37/><U88/><E91/><V120/><N who="2" m="30752" /><V78/><F71/><T93/><D93/><AGARI ba="1,0" hai="52,53,58,61,67,78,80,84,87,90,93,97,100,104" m="30752" machi="93" ten="30,8000,1" yaku="7,1,52,3,54,1" doraHai="50" who="2" fromWho="0" sc="530,-82,170,0,350,82,0,0" /><INIT seed="1,0,0,3,1,32" ten="448,170,432,0" oya="1" hai0="50,89,75,116,41,63,93,99,73,61,105,91,134" hai1="122,129,125,67,96,86,69,133,51,117,68,56,66" hai2="111,57,48,3,109,98,92,54,80,40,107,85,120" hai3=""/><U82/><N who="1" m="31264" /><U44/><E117/><V38/><N who="2" m="30752" /><V77/><F107/><T123/><N who="0" m="31520" /><T43/><D134/><U101/><E133/><V121/><N who="2" m="31008" /><V127/><F127/><T34/><D34/><U55/><E125/><V83/><F3/><T72/><D105/><U126/><E126/><V95/><F83/><T132/><D132/><U58/><E129/><V65/><F65/><T79/><D79/><U52/><E44/><V110/><F38/><T131/><D131/><U94/><E69/><V90/><F95/><T36/><D36/><U70/><E70/><V64/><F64/><T97/><D116/><U112/><E68/><V45/><F57/><T74/><D74/><U81/><E81/><V84/><REACH who="2" step="1"/><F40/><REACH who="2" ten="448,170,422,0" step="2"/><T0/><D0/><U1/><E1/><V87/><AGARI ba="0,1" hai="45,48,54,77,80,84,85,87,90,92,98,109,110,111" m="31008,30752" machi="87" ten="40,9000,2" yaku="1,1,2,1,0,1,14,1,52,2,53,0" doraHai="32" doraHaiUra="35" who="2" fromWho="2" sc="448,-30,170,-60,422,100,0,0" /><INIT seed="2,0,0,0,2,35" ten="418,110,522,0" oya="2" hai0="93,107,119,54,65,48,71,3,100,79,2,89,77" hai1="60,132,37,94,92,123,85,86,78,52,102,108,129" hai2="106,75,80,127,40,67,59,72,45,64,134,70,42" hai3=""/><V74/><F127/><T117/><D107/><U126/><N who="1" m="31520" /><U118/><E37/><V63/><F106/><T114/><D100/><U36/><E36/><V110/><F134/><T105/><D105/><U121/><N who="1" m="31008" /><U55/><E126/><V128/><F128/><T115/><D65/><U49/><E129/><V122/><N who="2" m="31264" /><V34/><F34/><T82/><D71/><U51/><E132/><V53/><F110/><T95/><D82/><U68/><E108/><V38/><F40/><T113/><D79/><U87/><E118/><N who="0" m="45065" /><D77/><U44/><E78/><V133/><F133/><T33/><D33/><U57/><REACH who="1" step="1"/><E102/><REACH who="1" ten="418,100,522,0" step="2"/><V61/><REACH who="2" step="1"/><F80/><REACH who="2" ten="418,100,512,0" step="2"/><T96/><D93/><U103/><E103/><V125/><F125/><T76/><D76/><U124/><E124/><V1/><F1/><N who="0" m="10" /><D95/><U84/><N who="1" m="21504" /><DORA hai="66" /><U41/><E41/><V98/><F98/><T97/><D96/><U90/><E90/><V43/><F43/><T0/><D0/><U50/><E50/><V56/><F56/><T109/><D109/><U46/><E46/><V130/><F130/><T83/><D97/><U62/><E62/><V58/><F58/><T135/><D135/><U99/><E99/><V120/><N who="2" m="30752" /><V131/><F131/><T116/><D89/><RYUUKYOKU ba="0,2" sc="418,-20,100,10,512,10,0,0" hai1="44,49,51,52,55,57,60,68,92,94" hai2="38,42,45,53,59,61,63,64,67,70,72,74,75" /><INIT seed="2,1,2,5,2,51" ten="398,110,522,0" oya="2" hai0="86,104,50,84,85,118,109,68,66,38,74,89,61" hai1="82,92,69,59,119,128,1,73,123,102,60,110,83" hai2="94,81,90,107,45,114,113,58,47,33,75,125,93" hai3=""/><V91/><F107/><T34/><D118/><U53/><N who="1" m="31520" /><U135/><E1/><V64/><F125/><T71/><D34/><U70/><E119/><V42/><F75/><T57/><D109/><U105/><E110/><V132/><F81/><T79/><D104/><U106/><E135/><V2/><F2/><T65/><D38/><U130/><E106/><V98/><F132/><T77/><D89/><U131/><E105/><V49/><F33/><T54/><D74/><U63/><E63/><AGARI ba="1,2" hai="50,54,57,61,63,65,66,68,71,77,79,84,85,86" machi="63" ten="40,2600,0" yaku="9,1,52,1" doraHai="51" who="0" fromWho="1" sc="398,48,110,-28,522,0,0,0" /><INIT seed="4,0,0,2,2,84" ten="446,82,522,0" oya="0" hai0="65,91,90,46,93,87,74,120,135,86,100,108,122" hai1="125,45,35,107,67,37,88,68,85,56,79,3,126" hai2="52,0,81,102,43,97,32,70,60,51,61,92,83" hai3=""/><T96/><N who="0" m="30752" /><T34/><N who="0" m="31264" /><T57/><D34/><U33/><E3/><V40/><F0/><T103/><D135/><U59/><E107/><V54/><F32/><T110/><D74/><U94/><E33/><V124/><F124/><N who="1" m="47721" /><E35/><V77/><F70/><T42/><D65/><U117/><E117/><V48/><F77/><T130/><D57/><U62/><E79/><V128/><F128/><T95/><D130/><U69/><E69/><V121/><N who="2" m="31008" /><V63/><F48/><T41/><D41/><AGARI ba="0,0" hai="37,41,45,56,59,62,67,68,85,88,94" m="47721" machi="41" ten="30,3900,0" yaku="18,1,52,1,54,1" doraHai="84" who="1" fromWho="0" sc="446,-39,82,39,522,0,0,0" /><INIT seed="5,0,0,4,5,55" ten="407,121,522,0" oya="1" hai0="70,107,84,89,60,99,128,121,3,97,76,105,109" hai1="88,124,40,127,34,45,98,36,92,113,86,134,32" hai2="61,131,78,47,2,126,96,43,53,38,114,108,46" hai3=""/><U80/><E113/><V42/><F108/><T66/><N who="0" m="31008" /><T83/><D109/><U100/><REACH who="1" step="1"/><E134/><REACH who="1" ten="407,111,522,0" step="2"/><V49/><F114/><T104/><D3/><U79/><E79/><V81/><F2/><T101/><D128/><U85/><E85/><V37/><F131/><T35/><D35/><AGARI ba="0,1" hai="32,34,35,36,40,45,80,86,88,92,98,100,124,127" machi="35" ten="40,7700,0" yaku="1,1,54,1,53,1" doraHai="55" doraHaiUra="94" who="1" fromWho="0" sc="407,-77,111,87,522,0,0,0" /><INIT seed="5,1,0,3,5,36" ten="330,198,522,0" oya="1" hai0="47,121,53,72,122,92,80,83,46,89,74,32,65" hai1="123,134,73,116,58,125,45,55,50,66,119,1,99" hai2="120,106,84,54,90,41,34,110,2,118,62,93,49" hai3=""/><U78/><N who="1" m="31520" /><U42/><E1/><V70/><N who="2" m="30752" /><V61/><F118/><T3/><N who="0" m="31008" /><T71/><N who="0" m="31264" /><T130/><D32/><U131/><E125/><V97/><F110/><T105/><D3/><U79/><E131/><V127/><F2/><T33/><D33/><U68/><E134/><V51/><F34/><T40/><D105/><U63/><E99/><V57/><F127/><T60/><D130/><U59/><E79/><V52/><F41/><T117/><D53/><U98/><E98/><V109/><F109/><T96/><D47/><U111/><E111/><V67/><F54/><T76/><D117/><N who="1" m="45131" /><E78/><V77/><F77/><T100/><D83/><U94/><E94/><V129/><F129/><T85/><REACH who="0" step="1"/><D100/><REACH who="0" ten="320,198,522,0" step="2"/><U75/><E75/><V56/><F106/><T38/><AGARI ba="1,1" hai="38,40,46,60,65,71,72,74,76,80,85,89,92,96" m="31264,31008" machi="38" ten="20,9000,2" yaku="1,1,2,1,0,1,7,1,52,3,53,0" doraHai="36" doraHaiUra="102" who="0" fromWho="0" sc="320,102,198,-61,522,-31,0,0" /><INIT seed="6,0,0,3,2,46" ten="422,137,491,0" oya="2" hai0="58,132,128,92,96,91,38,62,90,97,111,85,116" hai1="107,57,56,69,50,104,47,81,63,48,64,112,44" hai2="36,65,99,33,52,2,54,78,126,108,103,98,77" hai3=""/><V43/><F2/><T71/><D116/><U115/><E81/><V83/><F33/><T70/><D111/><U133/><E104/><V66/><F108/><T119/><D119/><U80/><E80/><V122/><N who="2" m="31264" /><V68/><F126/><T89/><D128/><U118/><E107/><V60/><F66/><T102/><D132/><U37/><E133/><V84/><F77/><T106/><D38/><U88/><E88/><V51/><F36/><T73/><D73/><U49/><E118/><V87/><F43/><T67/><REACH who="0" step="1"/><D90/><REACH who="0" ten="412,137,491,0" step="2"/><U125/><E125/><V41/><F103/><T101/><D101/><U0/><E0/><V123/><F123/><T55/><D55/><U75/><E75/><V76/><F54/><T3/><D3/><U135/><E135/><V134/><F134/><T79/><D79/><U72/><E72/><V53/><F53/><T100/><D100/><U39/><E39/><V105/><F76/><T114/><D114/><U124/><E124/><V42/><F78/><T117/><D117/><U82/><E82/><V59/><F83/><T120/><D120/><U94/><BYE who="0" /><E94/><V95/><F87/><T34/><D34/><U110/><E110/><V131/><F84/><T35/><D35/><U129/><E129/><RYUUKYOKU ba="0,1" sc="412,20,137,-10,491,-10,0,0" hai0="58,62,67,70,71,85,89,91,92,96,97,102,106" owari="432,3.0,127,-47.0,491,44.0,0,0.0" /></mjloggm>