<mjloggm ver="2.3"><GO type="185" lobby="0"/><UN n0="%E3%81%84%E3%81%AA%E3%81%97%E3%82%93%E3%80%82" n1="%E3%81%9D%E3%81%86%E3%81%A1%E3%82%87" n2="%E2%88%AA%E3%83%BB%CF%89%E3%83%BB%E2%88%AA%E3%83%8B%E3%83%A3%E3%83%BC" n3="" dan="16,17,16,0" rate="2214.85,2212.88,2158.89,1500.00" sx="M,F,M,C"/><TAIKYOKU oya="0"/><INIT seed="0,0,0,1,0,135" ten="350,350,350,0" oya="0" hai0="96,100,91,54,77,84,112,132,128,3,74,92,129" hai1="41,121,98,75,123,93,67,2,87,34,86,79,113" hai2="44,68,62,101,116,95,102,80,45,131,56,88,85" hai3=""/><T118/><D3/><U130/><N who="1" m="31008" /><U82/><N who="1" m="31520" /><U52/><E34/><V108/><F108/><T83/><D118/><U59/><E2/><V35/><F35/><T64/><D64/><U111/><E111/><V114/><F116/><T117/><D117/><U37/><E130/><N who="0" m="50281" /><D54/><U122/><N who="1" m="31264" /><U60/><E113/><V36/><F68/><T63/><D63/><U49/><E37/><V0/><F0/><T120/><N who="0" m="30752" /><T39/><D39/><U73/><E73/><V126/><F114/><T32/><D32/><U97/><E41/><V53/><F131/><T72/><D132/><U40/><E40/><V70/><F36/><T106/><D112/><U65/><E65/><V46/><F70/><T125/><D125/><U78/><E78/><V134/><F126/><T58/><D58/><U48/><E48/><V90/><REACH who="2" step="1"/><F134/><REACH who="2" ten="350,350,340,0" step="2"/><T110/><D110/><U115/><E115/><V81/><F81/><T38/><D38/><U109/><E109/><V55/><F55/><T119/><D119/><U61/><E61/><V1/><F1/><T66/><D66/><U69/><REACH who="1" step="1"/><E98/><AGARI ba="0,1" hai="44,45,46,53,56,62,80,85,88,90,95,98,101,102" machi="98" ten="40,8000,1" yaku="1,1,8,1,54,1,53,1" doraHai="135" doraHaiUra="51" who="2" fromWho="1" sc="350,0,350,-80,340,90,0,0" /><AGARI ba="0,0" hai="72,74,77,83,84,91,92,96,98,100,106" m="30752,50281" machi="98" ten="30,11600,0" yaku="19,1,34,2,52,1" doraHai="135" who="0" fromWho="1" sc="350,116,270,-116,430,0,0,0" /><INIT seed="0,1,0,0,2,127" ten="466,154,430,0" oya="0" hai0="64,1,121,78,101,55,47,83,87,52,42,65,50" hai1="2,117,131,95,61,40,128,57,93,92,43,37,34" hai2="41,48,0,70,32,69,76,123,53,44,85,63,46" hai3=""/><T94/><N who="0" m="31008" /><T120/><N who="0" m="30752" /><T91/><D101/><U96/><E117/><V36/><N who="2" m="31520" /><V133/><F32/><T125/><D1/><U72/><E34/><V99/><F0/><T39/><D125/><U106/><E2/><V107/><F133/><T58/><D55/><U103/><E72/><AGARI ba="1,0" hai="39,42,47,50,52,58,64,65,72,78,83,87,91,94" m="30752,31008" machi="72" ten="30,11600,0" yaku="7,1,52,2,54,1" doraHai="127" who="0" fromWho="1" sc="466,118,154,-118,430,0,0,0" /><INIT seed="0,2,0,5,2,44" ten="584,36,430,0" oya="0" hai0="118,64,34,54,120,76,109,135,39,106,41,38,107" hai1="130,119,68,70,50,61,77,80,134,47,85,32,72" hai2="129,43,83,133,66,59,123,73,121,128,100,90,52" hai3=""/><T94/><N who="0" m="30752" /><T71/><D118/><U81/><E119/><V33/><N who="2" m="31008" /><V91/><N who="2" m="31520" /><V127/><F33/><T49/><D34/><U36/><E32/><V57/><F127/><T86/><D135/><U124/><E130/><N who="2" m="50283" /><F133/><T131/><D131/><U104/><E134/><V74/><F100/><T102/><D109/><U101/><E124/><V82/><F43/><T37/><D41/><U113/><E113/><V45/><F45/><T114/><D114/><U35/><E35/><V111/><F66/><T0/><D0/><U117/><E117/><V95/><F111/><T62/><D102/><U103/><E36/><V3/><F59/><T56/><REACH who="0" step="1"/><D76/><REACH who="0" ten="574,36,430,0" step="2"/><U55/><E104/><V99/><F3/><T93/><D93/><U96/><E103/><V78/><F90/><AGARI ba="2,1" hai="37,38,39,49,54,56,62,64,71,86,90,94,106,107" m="30752" machi="90" ten="40,12000,1" yaku="1,1,52,2,53,1" doraHai="44" doraHaiUra="48" who="0" fromWho="2" sc="574,134,36,0,430,-124,0,0" /><INIT seed="0,3,0,2,2,124" ten="708,36,306,0" oya="0" hai0="71,3,104,51,44,116,128,110,69,42,106,1,37" hai1="112,2,73,54,121,61,88,87,66,48,67,35,119" hai2="34,72,126,90,113,101,97,85,39,0,96,103,94" hai3=""/><T59/><D59/><U86/><N who="1" m="31008" /><U98/><E119/><V92/><F39/><T64/><D51/><U68/><E35/><V55/><F0/><T52/><D52/><U50/><E2/><V33/><F126/><T53/><D53/><U109/><E73/><V123/><N who="2" m="31520" /><V57/><F72/><T120/><D64/><U93/><E109/><V118/><F113/><T125/><D44/><U127/><E127/><V38/><F38/><T81/><D42/><U91/><E112/><V36/><F36/><T131/><D81/><U60/><E54/><V83/><F118/><T134/><D104/><U63/><E98/><V82/><F83/><T133/><D71/><U115/><E115/><V89/><F90/><T129/><D131/><U65/><E68/><V40/><F40/><T45/><D45/><U49/><REACH who="1" step="1"/><E93/><REACH who="1" ten="708,26,306,0" step="2"/><V135/><F135/><T102/><D133/><U58/><E58/><V100/><F101/><T111/><D3/><U46/><E46/><V117/><F117/><T114/><D111/><U99/><E99/><V78/><F100/><T77/><D110/><U84/><AGARI ba="3,1" hai="48,49,50,60,61,63,65,66,67,84,86,87,88,91" m="31008" machi="84" ten="40,24000,5" yakuman="40" doraHai="124" doraHaiUra="47" who="1" fromWho="1" sc="708,-163,26,256,306,-83,0,0" /><INIT seed="1,0,0,4,5,49" ten="545,282,223,0" oya="1" hai0="2,89,95,106,90,121,33,100,77,105,39,61,53" hai1="125,132,43,108,123,78,72,73,110,62,37,114,88" hai2="54,45,69,113,116,112,128,97,133,93,51,84,68" hai3=""/><U0/><N who="1" m="31520" /><U59/><E114/><N who="2" m="44139" /><F116/><T34/><N who="0" m="31008" /><T83/><D39/><U92/><E0/><V82/><F128/><T107/><D2/><U3/><E3/><V96/><F133/><T70/><D100/><U40/><E125/><V48/><F48/><T81/><D81/><U67/><E132/><V64/><F64/><T44/><D70/><N who="2" m="27242" /><F93/><T58/><D44/><U119/><E119/><V71/><N who="2" m="27250" /><V38/><DORA hai="42" /><F38/><T98/><REACH who="0" step="1"/><D89/><AGARI ba="0,0" hai="45,51,54,82,84,89,96,97" m="27250,44139" machi="89" ten="40,5200,0" yaku="11,1,52,2" doraHai="49,42" who="2" fromWho="0" sc="545,-52,282,0,223,52,0,0" /><INIT seed="2,0,0,1,0,109" ten="493,282,275,0" oya="2" hai0="114,108,66,67,82,86,44,49,125,61,76,32,132" hai1="34,90,38,63,33,77,72,130,65,113,69,102,83" hai2="105,62,41,110,80,99,56,2,88,112,75,39,43" hai3=""/><V84/><F2/><T93/><D32/><U71/><E130/><V106/><F110/><T55/><D108/><U126/><E126/><V103/><F105/><T100/><D125/><U118/><E118/><V81/><F112/><T97/><D132/><U119/><E119/><V124/><F124/><T101/><D114/><U116/><E116/><V45/><F43/><T104/><D67/><U79/><E79/><V121/><N who="2" m="31008" /><V40/><F40/><T74/><D101/><U59/><E113/><V122/><N who="2" m="31264" /><V1/><F1/><T58/><REACH who="0" step="1"/><D74/><REACH who="0" ten="483,282,275,0" step="2"/><U3/><E102/><V36/><F75/><T111/><D111/><U47/><E3/><V107/><F107/><AGARI ba="0,1" hai="44,49,55,58,61,66,76,82,86,93,97,100,104,107" machi="107" ten="40,1300,0" yaku="1,1,53,0" doraHai="109" doraHaiUra="64" who="0" fromWho="2" sc="483,23,282,0,275,-13,0,0" /><INIT seed="4,0,0,4,1,68" ten="506,282,262,0" oya="0" hai0="102,79,74,61,125,119,51,94,113,82,69,45,106" hai1="128,59,127,76,56,47,66,65,1,50,129,101,63" hai2="52,123,96,38,112,83,131,134,39,114,88,72,98" hai3=""/><T99/><D119/><U100/><E1/><V115/><N who="2" m="31520" /><V122/><N who="2" m="31264" /><V84/><F134/><T34/><D34/><U120/><N who="1" m="30752" /><U60/><E76/><V97/><F131/><N who="1" m="50249" /><E127/><V132/><F132/><T89/><D125/><U37/><E37/><N who="2" m="13835" /><F52/><AGARI ba="0,0" hai="47,50,52,56,59,60,63,65,66,100,101" m="50249,30752" machi="52" ten="30,3900,0" yaku="19,1,52,1,54,1" doraHai="68" who="1" fromWho="2" sc="506,0,282,39,262,-39,0,0" /><INIT seed="5,0,0,3,0,67" ten="506,321,223,0" oya="1" hai0="65,42,38,1,101,125,69,112,96,82,57,120,81" hai1="85,113,118,129,127,74,32,58,54,130,41,98,105" hai2="95,77,133,109,128,114,64,122,86,94,88,52,73" hai3=""/><U124/><E32/><V59/><N who="2" m="31264" /><V53/><F109/><T45/><N who="0" m="30752" /><T40/><D1/><U107/><E74/><V49/><F128/><N who="1" m="49257" /><E41/><V116/><F116/><T79/><D112/><U97/><E118/><V121/><N who="2" m="31008" /><V62/><F133/><T87/><D125/><N who="1" m="48203" /><E85/><V119/><F119/><T56/><D42/><U132/><E113/><V134/><F134/><T110/><D110/><U51/><E132/><V60/><F114/><T66/><D81/><U3/><E3/><V46/><F73/><T99/><D96/><AGARI ba="0,0" hai="51,54,58,96,97,98,105,107" m="48203,49257" machi="96" ten="30,2900,0" yaku="19,1,18,1" doraHai="67" who="1" fromWho="0" sc="506,-29,321,29,223,0,0,0" /><INIT seed="5,1,0,4,4,107" ten="477,350,223,0" oya="1" hai0="129,111,41,54,63,108,132,126,90,104,66,85,128" hai1="57,101,99,67,127,121,87,65,2,47,113,115,100" hai2="40,59,74,75,72,123,48,92,60,80,56,50,135" hai3=""/><U70/><N who="1" m="31008" /><U81/><E127/><V86/><N who="2" m="31520" /><V71/><F135/><T76/><D126/><U114/><E2/><V42/><F71/><T119/><D132/><U95/><E70/><V73/><N who="2" m="18432" /><DORA hai="79" /><V93/><F93/><T38/><D76/><U1/><E1/><V49/><F92/><T32/><D54/><U82/><E47/><V125/><F125/><T106/><D32/><U61/><E67/><V69/><F69/><T83/><D119/><U91/><REACH who="1" step="1"/><E82/><REACH who="1" ten="477,340,223,0" step="2"/><V84/><F80/><T116/><D116/><U134/><E134/><V33/><F33/><T37/><D66/><U97/><E97/><V124/><F124/><T98/><D98/><U35/><E35/><V62/><F42/><T78/><D83/><U110/><E110/><V45/><F59/><T55/><D41/><U58/><E58/><V118/><F118/><T133/><D108/><U68/><E68/><V130/><F130/><T43/><D111/><U52/><E52/><V122/><N who="2" m="31264" /><V46/><F56/><T34/><D43/><U39/><E39/><V64/><F64/><T117/><D133/><U3/><E3/><V36/><REACH who="2" step="1"/><F46/><REACH who="2" ten="477,340,213,0" step="2"/><T94/><D128/><U120/><N who="1" m="30752" /><U103/><AGARI ba="1,2" hai="57,61,65,81,87,91,95,99,100,101,103,113,114,115" m="30752,31008" machi="103" ten="40,12000,2" yaku="1,1,4,1,0,1,15,1,52,3,53,0" doraHai="107,79" doraHaiUra="112,102" who="1" fromWho="1" sc="477,-61,340,142,213,-61,0,0" /><INIT seed="5,2,0,1,3,107" ten="416,482,152,0" oya="1" hai0="127,65,62,91,118,97,104,122,77,129,112,96,131" hai1="94,41,43,48,108,57,125,37,110,109,66,95,133" hai2="72,33,36,54,119,113,117,64,130,38,99,87,88" hai3=""/><U78/><E133/><V50/><F33/><T79/><N who="0" m="31264" /><T34/><D34/><U2/><E2/><V103/><F130/><N who="0" m="49674" /><D118/><U52/><E125/><V124/><F124/><T84/><D127/><U82/><E66/><V126/><F126/><T120/><N who="0" m="30752" /><T63/><D112/><U59/><E59/><V85/><F113/><T42/><D42/><N who="1" m="15883" /><E37/><V93/><F72/><AGARI ba="2,0" hai="48,52,57,72,78,82,94,95,108,109,110" m="15883" machi="72" ten="30,5800,0" yaku="10,1,52,1,54,1" doraHai="107" who="1" fromWho="2" sc="416,0,482,62,152,-62,0,0" /><INIT seed="5,3,0,5,1,46" ten="416,544,90,0" oya="1" hai0="51,76,54,85,135,127,93,121,2,40,84,86,98" hai1="122,43,34,55,44,126,80,74,125,72,36,120,62" hai2="115,114,37,108,65,103,3,132,92,97,0,116,105" hai3=""/><U73/><N who="1" m="30752" /><U60/><N who="1" m="31264" /><U32/><E80/><V95/><F108/><T48/><N who="0" m="31008" /><T99/><D2/><N who="2" m="554" /><F116/><T119/><D119/><U41/><E55/><V100/><F37/><T87/><D135/><U61/><REACH who="1" step="1"/><E43/><REACH who="1" ten="416,534,90,0" step="2"/><V42/><F42/><T77/><D40/><U66/><E66/><V134/><F65/><T33/><D33/><AGARI ba="3,1" hai="32,33,34,36,41,44,60,61,62,72,73,74,125,126" m="31264,30752" machi="33" ten="50,9600,0" yaku="1,1,52,2,53,0" doraHai="46" doraHaiUra="82" who="1" fromWho="0" sc="416,-102,534,112,90,0,0,0" /><INIT seed="5,4,0,2,4,96" ten="314,646,90,0" oya="1" hai0="98,40,45,41,1,55,93,2,133,69,130,87,60" hai1="67,76,123,37,82,94,64,121,115,135,110,131,97" hai2="53,66,46,100,32,85,77,79,119,134,105,83,3" hai3=""/><U132/><N who="1" m="31008" /><U81/><N who="1" m="31520" /><U58/><E115/><V101/><F119/><T34/><D34/><U61/><E131/><V95/><F32/><T50/><D130/><U125/><E125/><V59/><F3/><T42/><D133/><U65/><E37/><V33/><F33/><T120/><N who="0" m="30752" /><T44/><D87/><U38/><E38/><V78/><F134/><T108/><D108/><U92/><E110/><V127/><F127/><T124/><D124/><U122/><N who="1" m="31264" /><U106/><E106/><V43/><F66/><T73/><D73/><U128/><E128/><V111/><F95/><T90/><D69/><U102/><E94/><V86/><F111/><T103/><D60/><U80/><E132/><V116/><F116/><T63/><D63/><U89/><E135/><V91/><F86/><T52/><D90/><U99/><E76/><V39/><REACH who="2" step="1"/><F105/><REACH who="2" ten="314,646,80,0" step="2"/><T49/><AGARI ba="4,1" hai="1,2,40,41,42,44,45,49,50,52,55,93,98,103" m="30752" machi="49" ten="30,6000,1" yaku="0,1,9,1,52,2,54,1" doraHai="96" who="0" fromWho="0" sc="314,78,646,-44,80,-24,0,0" /><INIT seed="6,0,0,0,5,63" ten="392,602,56,0" oya="2" hai0="59,113,41,81,68,96,115,70,121,65,89,57,75" hai1="124,133,82,106,128,3,37,119,135,110,118,0,44" hai2="101,38,2,109,74,86,78,51,50,111,127,131,105" hai3=""/><V117/><F2/><T62/><N who="0" m="31008" /><T90/><D41/><U36/><E110/><N who="2" m="41995" /><F117/><N who="1" m="44553" /><E128/><V46/><F131/><T83/><D62/><U52/><E124/><V72/><F127/><T99/><D75/><N who="2" m="28714" /><F105/><T132/><D132/><N who="1" m="50763" /><E106/><V92/><F38/><N who="1" m="14953" /><E82/><V116/><F116/><T67/><AGARI ba="0,0" hai="57,59,65,67,68,70,81,83,89,90,96,99,113,115" m="31008" machi="67" ten="25,9000,2" yaku="0,1,22,2,52,3" doraHai="63" who="0" fromWho="0" sc="392,90,602,-30,56,-60,0,0" owari="482,8.0,572,52.0,-4,-60.0,0,0.0" /></mjloggm>