<mjloggm ver="2.3"><GO type="169" lobby="0"/><UN n0="%68%7A%63" n1="%E6%82%B2%E3%81%97%E3%81%BF%44%72%69%76%65" n2="%53%4E%E3%82%A4%E3%83%B3%E3%83%91%E3%82%AF%E3%83%88" n3="%E3%81%A8%E3%81%B3%E3%81%BE%E3%81%93" dan="17,18,17,17" rate="2156.20,2226.44,2221.92,2181.11" sx="F,M,M,M"/><TAIKYOKU oya="0"/><INIT seed="0,0,0,4,5,68" ten="250,250,250,250" oya="0" hai0="16,42,19,87,71,90,24,50,34,21,134,89,119" hai1="122,112,129,74,86,63,11,29,7,108,98,97,102" hai2="128,9,113,31,13,118,0,27,103,55,135,10,106" hai3="30,117,115,133,17,114,101,75,92,76,67,2,88"/><T5/><D71/><U53/><E74/><V132/><F113/><W94/><G2/><T104/><D104/><U126/><E108/><V58/><F0/><W123/><G30/><T48/><D34/><U45/><E129/><V96/><F128/><W41/><G41/><T65/><D5/><U100/><E126/><V70/><F70/><W124/><G17/><T127/><D134/><N who="2" m="51242" /><F13/><W22/><G22/><T32/><D32/><U80/><E29/><V51/><F118/><W130/><G67/><T38/><D65/><U125/><E122/><V14/><F14/><W35/><G35/><AGARI ba="0,0" hai="9,10,27,31,35,51,55,58,96,103,106" m="51242" machi="35" ten="30,1000,0" yaku="20,1" doraHai="68" who="2" fromWho="3" sc="250,0,250,0,250,10,250,-10" /><INIT seed="1,0,0,4,1,42" ten="250,250,260,240" oya="1" hai0="63,101,39,83,88,89,25,0,17,78,99,54,124" hai1="86,68,102,23,134,69,37,45,87,59,49,8,36" hai2="100,30,131,58,66,80,74,22,44,120,135,27,103" hai3="76,119,106,97,81,123,52,91,128,125,15,104,117"/><U65/><E102/><V71/><F120/><W14/><G123/><T111/><D0/><U114/><E23/><V84/><F71/><N who="1" m="27209" /><E8/><V115/><F74/><W20/><G125/><T11/><D124/><U64/><E87/><V41/><F131/><W60/><G128/><T33/><D11/><U16/><E16/><V109/><F109/><W43/><G43/><T47/><D111/><U29/><E86/><V93/><F135/><W105/><G91/><T112/><D112/><U50/><E29/><V75/><F75/><W2/><G2/><T7/><D7/><U55/><E114/><V18/><F18/><W67/><G67/><N who="1" m="25674" /><E134/><V28/><F28/><W51/><G60/><T127/><D127/><U122/><E122/><V116/><F93/><W5/><G97/><T6/><D6/><U40/><AGARI ba="0,0" hai="36,37,40,45,49,50,55,59" m="25674,27209" machi="40" ten="30,18000,2" yaku="35,5,52,1" doraHai="42" who="1" fromWho="1" sc="250,-60,250,180,260,-60,240,-60" /><INIT seed="1,1,0,4,2,118" ten="190,430,200,180" oya="1" hai0="5,60,87,47,2,73,106,48,100,41,16,121,44" hai1="46,127,86,124,132,116,37,63,95,42,75,27,30" hai2="114,80,8,70,53,64,40,6,22,50,32,52,89" hai3="0,49,38,74,28,115,4,18,39,10,33,104,58"/><U120/><E75/><V96/><F114/><W126/><G115/><T97/><D73/><U19/><E116/><V102/><F32/><W84/><G74/><T88/><D60/><U130/><E130/><V79/><F89/><W129/><G104/><T125/><D125/><N who="1" m="48203" /><E132/><V90/><F90/><W11/><G126/><T76/><D76/><U81/><E63/><V17/><F70/><W111/><G129/><T135/><D135/><U36/><E95/><V112/><F64/><W93/><G111/><T34/><D34/><N who="1" m="20831" /><E19/><V98/><F40/><W83/><G28/><T71/><D71/><U14/><E14/><V78/><F78/><W107/><G33/><T119/><D119/><U77/><E37/><V91/><F91/><W65/><G93/><T109/><D16/><U117/><E117/><V134/><F112/><W15/><G107/><T1/><D109/><U56/><E56/><V43/><F17/><W66/><G65/><T35/><D35/><U92/><E92/><V55/><F134/><W9/><G9/><T12/><D47/><U45/><E45/><N who="2" m="25919" /><F102/><W108/><G108/><T57/><D57/><U122/><AGARI ba="1,0" hai="36,42,46,77,81,86,120,122" m="20831,48203" machi="122" ten="30,6000,0" yaku="18,1,52,2" doraHai="118" who="1" fromWho="1" sc="190,-21,430,63,200,-21,180,-21" /><INIT seed="1,2,0,1,5,85" ten="169,493,179,159" oya="1" hai0="107,44,56,1,66,62,119,83,9,92,3,31,38" hai1="20,124,135,51,127,67,21,47,70,68,84,101,34" hai2="7,110,76,54,6,24,81,73,71,128,130,53,132" hai3="4,75,46,80,112,18,87,97,29,50,60,131,69"/><U63/><E34/><V72/><F71/><W100/><G112/><T41/><D107/><U27/><E135/><V2/><F132/><W32/><G75/><T108/><D108/><U105/><E70/><V11/><F110/><W14/><G4/><T120/><D120/><U33/><E33/><V13/><F72/><W106/><G131/><N who="2" m="50217" /><F24/><W111/><G32/><T116/><D31/><U16/><E105/><V17/><F7/><W64/><G29/><T118/><D9/><AGARI ba="2,0" hai="2,6,9,11,13,17,53,54,73,76,81" m="50217" machi="9" ten="30,1000,0" yaku="19,1" doraHai="85" who="2" fromWho="0" sc="169,-16,493,0,179,16,159,0" /><INIT seed="2,0,0,2,0,35" ten="153,493,195,159" oya="2" hai0="47,32,96,16,135,62,20,73,49,77,78,34,59" hai1="123,127,104,114,82,83,65,13,6,97,112,18,126" hai2="134,98,129,29,39,40,9,111,125,118,26,5,108" hai3="80,53,8,102,42,11,41,50,48,131,128,60,121"/><V101/><F118/><W69/><G80/><N who="1" m="30762" /><E65/><V10/><F134/><W90/><G90/><T100/><D135/><U25/><E25/><V132/><F132/><W106/><G102/><T113/><D113/><U94/><E6/><V23/><F125/><N who="1" m="47625" /><E104/><V124/><F124/><W12/><G121/><T37/><D37/><U67/><E67/><V122/><F122/><W24/><G24/><T17/><D34/><U71/><E71/><V87/><F87/><W57/><G60/><T38/><D38/><U86/><E86/><V91/><F91/><W116/><G69/><T61/><D32/><U15/><E15/><V1/><F10/><W92/><G12/><T58/><D73/><U33/><E33/><V45/><REACH who="2" step="1"/><F129/><REACH who="2" ten="153,493,185,159" step="2"/><W31/><G131/><T105/><D78/><U85/><E85/><V46/><F46/><W0/><G128/><T117/><D77/><U54/><E123/><V107/><AGARI ba="0,1" hai="1,5,9,23,26,29,39,40,45,98,101,107,108,111" machi="107" ten="30,6000,0" yaku="1,1,0,1,52,1,53,0" doraHai="35" doraHaiUra="115" who="2" fromWho="2" sc="153,-20,493,-20,185,70,159,-20" /><INIT seed="2,1,0,3,0,62" ten="133,473,255,139" oya="2" hai0="25,66,91,72,57,100,113,126,53,37,79,20,61" hai1="59,7,12,125,36,52,35,34,15,96,46,13,74" hai2="64,123,3,108,89,47,60,49,2,106,112,104,19" hai3="130,70,133,120,56,127,38,88,27,84,86,95,131"/><V21/><F112/><W48/><G70/><T30/><D113/><U121/><E74/><V39/><F123/><W42/><G120/><T101/><D126/><U134/><E121/><V5/><F39/><W99/><G127/><T115/><D115/><U58/><E125/><V9/><F3/><W114/><G114/><T44/><D72/><U40/><E7/><V82/><F82/><W135/><G38/><T85/><D79/><U41/><E134/><N who="3" m="51210" /><G27/><T54/><D37/><U118/><E118/><V102/><F89/><W8/><G8/><T10/><D10/><U98/><E58/><V24/><F102/><N who="0" m="39530" /><D44/><U97/><REACH who="1" step="1"/><E40/><REACH who="1" ten="133,463,255,139" step="2"/><V55/><REACH who="2" step="1"/><F108/><REACH who="2" ten="133,463,245,139" step="2"/><W109/><G109/><T51/><D51/><AGARI ba="1,2" hai="12,13,15,34,35,36,41,46,51,52,59,96,97,98" machi="51" ten="40,8000,1" yaku="1,1,2,1,54,1,53,2" doraHai="62" doraHaiUra="28" who="1" fromWho="0" sc="133,-83,463,103,245,0,139,0" /><INIT seed="3,0,0,1,2,123" ten="50,566,245,139" oya="3" hai0="10,63,33,65,52,82,1,48,53,13,122,87,110" hai1="49,73,29,39,117,129,119,21,95,12,112,38,96" hai2="32,66,25,0,37,88,90,50,130,27,132,101,77" hai3="81,114,51,107,74,2,17,19,26,43,118,24,121"/><W45/><G114/><T124/><D33/><U34/><E112/><V41/><F37/><W86/><G118/><N who="1" m="45066" /><E129/><V16/><F0/><W126/><G121/><T58/><D122/><U116/><E73/><V75/><F130/><W76/><G107/><T127/><D1/><U11/><E34/><V92/><F132/><W18/><G2/><T99/><D99/><U55/><E21/><V23/><F66/><W71/><G71/><T103/><D103/><N who="1" m="60831" /><E29/><V105/><F41/><W64/><G126/><T8/><D110/><U78/><E78/><V22/><F32/><W62/><REACH who="3" step="1"/><G74/><REACH who="3" ten="50,566,245,129" step="2"/><T72/><D72/><U109/><E116/><V36/><F105/><W80/><G80/><T102/><D127/><U9/><E39/><V108/><F36/><W56/><AGARI ba="0,1" hai="17,18,19,24,26,43,45,51,56,62,64,76,81,86" machi="56" ten="30,6000,0" yaku="1,1,0,1,8,1,53,0" doraHai="123" doraHaiUra="135" who="3" fromWho="3" sc="50,-20,566,-20,245,-20,129,70" /><INIT seed="3,1,0,4,1,105" ten="30,546,225,199" oya="3" hai0="53,111,107,94,123,131,116,27,60,134,44,18,125" hai1="40,71,99,58,62,37,104,133,79,2,23,119,35" hai2="49,118,92,82,101,95,91,84,126,132,46,98,102" hai3="52,10,88,69,36,89,17,26,28,6,117,93,43"/><W90/><G69/><T66/><D107/><U74/><E23/><V72/><F118/><W100/><G117/><T12/><D116/><U77/><E133/><V103/><F132/><W45/><G17/><T20/><D123/><U120/><E120/><V1/><F1/><W32/><G100/><T97/><D134/><U8/><E79/><V75/><F126/><W51/><G36/><T24/><D111/><U113/><E113/><V50/><F50/><W124/><G124/><T31/><D131/><U39/><E35/><V129/><F129/><W115/><G115/><T33/><D125/><U22/><E22/><V80/><F49/><W135/><G135/><T47/><D12/><U42/><E58/><V127/><F46/><W5/><G5/><T70/><REACH who="0" step="1"/><D53/><REACH who="0" ten="20,546,225,199" step="2"/><U110/><E104/><V13/><F13/><W14/><REACH who="3" step="1"/><G52/><REACH who="3" ten="20,546,225,189" step="2"/><T7/><D7/><U130/><E119/><V54/><F54/><W68/><G68/><T11/><D11/><U106/><E71/><V0/><F127/><W21/><G21/><T15/><D15/><U76/><E8/><V78/><F0/><W87/><AGARI ba="1,2" hai="6,10,14,26,28,32,43,45,51,87,88,89,90,93" machi="87" ten="20,12000,1" yaku="1,1,0,1,7,1,54,1,53,1" doraHai="105" doraHaiUra="38" who="3" fromWho="3" sc="20,-41,546,-41,225,-41,189,143" owari="-21,-52.0,505,61.0,184,-22.0,332,13.0" /></mjloggm>