<mjloggm ver="2.3"><GO type="169" lobby="0"/><UN n0="%E3%82%82%E3%82%8A%E3%81%9E%E3%83%BC%33%38" n1="%E5%B8%B8%E5%8B%9D%EF%BC%9F%EF%BC%9F%E3%83%97%E3%83%AD" n2="%EF%BC%98%EF%BC%90%EF%BC%90%EF%BC%98" n3="%E9%B3%B3%E5%8D%97%E3%81%AE%E3%81%8A%E9%A6%AC%E3%81%95%E3%82%93" dan="17,16,17,17" rate="2190.57,2186.46,2171.52,2173.87" sx="M,M,M,M"/><TAIKYOKU oya="0"/><INIT seed="0,0,0,4,5,78" ten="250,250,250,250" oya="0" hai0="81,41,76,91,128,17,104,73,51,111,20,7,85" hai1="48,58,57,125,53,1,106,92,108,33,105,110,30" hai2="116,71,54,79,42,120,93,101,10,89,129,21,74" hai3="3,126,86,4,52,22,45,121,115,19,67,64,29"/><T34/><D128/><U107/><E1/><V114/><F114/><W24/><G115/><T88/><D34/><U40/><E125/><V38/><F120/><W122/><G126/><T80/><D104/><U87/><E40/><V119/><F101/><W123/><G29/><T0/><D0/><U65/><E33/><V5/><F21/><W56/><G45/><N who="0" m="26031" /><D73/><U63/><E30/><V113/><F113/><W46/><G46/><T132/><D132/><U23/><E23/><V55/><F71/><W131/><G131/><T26/><D111/><N who="1" m="42539" /><E92/><V15/><F42/><W50/><REACH who="3" step="1"/><G86/><AGARI ba="0,0" hai="48,53,57,58,63,65,86,87,105,106,107" m="42539" machi="86" ten="40,1300,0" yaku="14,1" doraHai="78" who="1" fromWho="3" sc="250,0,250,13,250,0,250,-13" /><INIT seed="1,0,0,3,0,23" ten="250,263,250,237" oya="1" hai0="4,30,32,80,38,78,114,21,84,70,100,129,124" hai1="104,106,16,66,9,56,126,43,51,76,36,15,54" hai2="65,112,74,31,63,77,18,88,93,40,105,17,122" hai3="22,135,26,134,14,42,90,91,67,110,35,98,62"/><U25/><E126/><V82/><F122/><W61/><G110/><T27/><D114/><U7/><E76/><V87/><F112/><W75/><G75/><T11/><D124/><U109/><E109/><V44/><F31/><W1/><G1/><T45/><D70/><U34/><E66/><V47/><F105/><W55/><G42/><T48/><D38/><U96/><E96/><V12/><F40/><W92/><G35/><T29/><D100/><U81/><E81/><V85/><F74/><W57/><G14/><T53/><D129/><U37/><E37/><V127/><F127/><W83/><G83/><T120/><D120/><U89/><E89/><V19/><REACH who="2" step="1"/><F12/><REACH who="2" ten="250,263,240,237" step="2"/><W5/><G134/><T68/><D68/><AGARI ba="0,1" hai="17,18,19,44,47,63,65,68,77,82,85,87,88,93" machi="68" ten="40,8000,1" yaku="1,1,2,1,54,1,53,1" doraHai="23" doraHaiUra="72" who="2" fromWho="0" sc="250,-80,263,0,240,90,237,0" /><INIT seed="2,0,0,3,0,38" ten="170,263,330,237" oya="2" hai0="47,120,52,5,117,106,8,104,78,43,35,76,124" hai1="28,11,30,95,92,72,98,114,121,115,55,81,110" hai2="128,14,103,80,7,46,102,86,31,100,126,68,116" hai3="93,107,87,67,21,65,63,1,83,40,58,60,19"/><V66/><F116/><W64/><G107/><T3/><D120/><U15/><E110/><V34/><F126/><W36/><G1/><T39/><D124/><U53/><E121/><V113/><F113/><W22/><G93/><T51/><D35/><U18/><E72/><V41/><F128/><W6/><G6/><T61/><D117/><U135/><E135/><V130/><F68/><W84/><G84/><T109/><D109/><U85/><E114/><V33/><F66/><W54/><G63/><T37/><D61/><U99/><E115/><V119/><F130/><W133/><G133/><T132/><D37/><U127/><E127/><V29/><F34/><W123/><G123/><T97/><D132/><U26/><E95/><V74/><F74/><W79/><REACH who="3" step="1"/><G19/><REACH who="3" ten="170,263,330,227" step="2"/><T94/><D106/><U70/><E92/><V73/><F119/><W27/><G27/><T59/><REACH who="0" step="1"/><D104/><REACH who="0" ten="160,263,330,227" step="2"/><U118/><E118/><V75/><F33/><W25/><G25/><T24/><D24/><U16/><E26/><V88/><F31/><W108/><G108/><T105/><D105/><U32/><E32/><V4/><F29/><W10/><G10/><T17/><D17/><U125/><E125/><V122/><F122/><W101/><G101/><AGARI ba="0,2" hai="3,5,8,39,43,47,51,52,59,76,78,94,97,101" machi="101" ten="30,7700,0" yaku="1,1,7,1,52,1,54,1,53,0" doraHai="38" doraHaiUra="111" who="0" fromWho="3" sc="160,97,263,0,330,0,227,-77" /><BYE who="0" /><INIT seed="3,0,0,2,0,125" ten="257,263,330,150" oya="3" hai0="126,34,113,129,123,131,64,54,107,94,100,25,127" hai1="83,62,29,2,42,53,18,57,37,20,36,134,45" hai2="69,101,93,82,96,30,117,85,3,112,55,103,135" hai3="73,86,67,9,1,33,87,115,11,8,92,68,120"/><W118/><G115/><UN n0="%E3%82%82%E3%82%8A%E3%81%9E%E3%83%BC%33%38" /><T7/><D123/><U95/><E134/><V130/><F112/><W88/><G118/><T90/><D113/><U78/><E2/><V66/><F117/><W81/><G120/><T106/><D64/><U76/><E29/><V35/><F3/><W58/><G33/><T39/><D39/><U22/><E37/><V59/><F69/><W65/><G68/><T122/><D122/><U40/><E40/><V80/><F66/><N who="3" m="25099" /><G73/><T124/><D7/><U5/><E5/><V74/><F74/><W38/><G38/><T79/><D79/><U128/><E22/><V43/><F43/><W27/><G1/><T98/><D54/><U121/><E121/><V105/><F135/><W75/><G75/><T108/><D108/><U61/><E61/><V89/><F103/><W6/><G58/><T10/><D10/><U41/><E41/><V52/><F55/><W72/><G72/><T99/><D107/><U132/><E132/><V49/><REACH who="2" step="1"/><F130/><REACH who="2" ten="257,263,320,150" step="2"/><N who="0" m="49674" /><D25/><AGARI ba="0,1" hai="25,30,35,49,52,59,80,82,85,89,93,96,101,105" machi="25" ten="40,5200,0" yaku="1,1,54,1,53,1" doraHai="125" doraHaiUra="50" who="2" fromWho="0" sc="257,-52,263,0,320,62,150,0" /><INIT seed="4,0,0,3,1,53" ten="205,263,382,150" oya="0" hai0="44,97,103,62,121,130,90,68,84,36,40,64,18" hai1="0,54,51,15,37,95,6,13,119,105,83,24,7" hai2="116,85,81,114,129,59,98,91,67,118,133,11,79" hai3="110,43,82,14,122,126,131,76,1,9,48,96,120"/><T46/><D130/><U70/><E105/><V61/><F129/><W106/><G110/><T23/><D121/><U80/><E37/><V17/><F114/><W135/><G131/><T77/><D77/><U78/><E70/><V99/><F133/><W125/><G1/><T38/><D44/><U100/><E24/><V8/><F79/><W134/><G43/><T16/><D36/><U94/><E0/><V4/><F11/><W22/><G22/><T55/><D55/><U86/><E119/><N who="2" m="45611" /><F17/><W26/><G48/><T88/><D84/><U35/><E35/><V34/><F34/><W31/><G26/><T109/><D109/><U72/><E72/><V102/><F102/><N who="3" m="62791" /><G14/><AGARI ba="0,0" hai="4,8,14,59,61,67,81,85,91,98,99" m="45611" machi="14" ten="30,2000,0" yaku="12,1,52,1" doraHai="53" who="2" fromWho="3" sc="205,0,263,0,382,20,150,-20" /><INIT seed="5,0,0,1,1,0" ten="205,263,402,130" oya="1" hai0="11,18,21,48,129,79,25,108,114,117,43,3,88" hai1="64,101,92,99,125,91,32,14,40,28,126,6,82" hai2="62,121,133,81,59,96,5,84,12,54,131,109,2" hai3="50,56,71,15,60,120,80,22,45,135,119,123,27"/><U61/><E40/><V127/><F109/><W36/><G135/><T98/><D117/><U7/><E14/><V55/><F2/><W75/><G119/><T24/><D108/><U72/><E32/><V37/><F37/><W110/><G110/><T4/><D114/><U44/><E44/><V122/><F133/><W42/><G75/><T66/><D129/><U128/><E28/><V104/><F127/><N who="1" m="48649" /><E128/><V20/><F131/><W67/><G80/><T34/><D79/><N who="1" m="44391" /><E101/><V132/><F132/><W113/><G15/><T9/><D66/><U116/><E116/><V19/><F55/><W30/><REACH who="3" step="1"/><G113/><REACH who="3" ten="205,263,402,120" step="2"/><T103/><D25/><U85/><E85/><V90/><F12/><W107/><G107/><T33/><D11/><U8/><E8/><V16/><F104/><W23/><G23/><T35/><D35/><U49/><E49/><V1/><F20/><W57/><G57/><AGARI ba="0,1" hai="6,7,57,61,64,91,92,99" m="44391,48649" machi="57" ten="30,5800,0" yaku="18,1,52,2" doraHai="0" who="1" fromWho="3" sc="205,0,263,68,402,0,120,-58" /><INIT seed="5,1,0,2,0,12" ten="205,331,402,62" oya="1" hai0="109,35,29,14,1,129,93,88,104,19,9,7,31" hai1="95,22,56,73,53,58,33,37,78,81,27,57,76" hai2="89,92,21,61,83,106,2,42,48,23,34,113,72" hai3="71,121,59,82,116,45,15,118,46,39,96,126,110"/><U127/><E127/><V99/><F34/><W74/><G110/><T11/><D109/><U64/><E37/><V55/><F2/><W111/><G121/><T122/><D122/><U85/><E33/><V8/><F8/><W13/><G111/><T40/><D129/><U125/><E125/><V66/><F106/><W50/><G126/><T52/><D40/><U105/><E105/><V69/><F113/><W41/><G96/><T134/><D134/><U103/><E76/><V84/><F42/><W26/><G26/><T6/><D104/><U101/><E73/><V133/><F72/><W18/><G15/><T87/><D35/><U97/><E103/><V5/><F5/><W36/><G71/><T86/><D7/><U25/><E25/><V98/><F98/><W16/><G13/><N who="0" m="7599" /><D1/><U100/><E100/><V30/><F30/><N who="0" m="11274" /><D52/><U75/><E75/><V117/><F117/><N who="3" m="45163" /><G59/><T77/><D77/><U68/><E68/><V4/><F4/><W115/><G115/><T3/><D3/><U17/><REACH who="1" step="1"/><E64/><REACH who="1" ten="205,321,402,62" step="2"/><V91/><F133/><W38/><G45/><AGARI ba="1,1" hai="21,23,45,48,55,61,66,69,83,84,89,91,92,99" machi="45" ten="30,1000,0" yaku="7,1" doraHai="12" who="2" fromWho="3" sc="205,0,321,0,402,23,62,-13" /><INIT seed="6,0,0,1,0,63" ten="205,321,425,49" oya="2" hai0="119,98,66,121,114,86,22,7,84,79,95,101,31" hai1="51,111,47,26,37,5,99,3,25,18,113,58,53" hai2="87,21,70,91,80,108,89,74,81,33,2,103,9" hai3="1,67,15,62,55,104,126,41,118,17,100,28,75"/><V71/><F33/><W128/><G75/><T90/><D121/><U105/><E111/><V112/><F112/><W135/><G118/><T20/><D114/><U69/><E113/><V29/><F108/><W73/><G73/><T46/><D119/><U97/><E69/><V16/><F103/><W85/><G1/><T83/><D7/><U88/><E3/><V125/><F125/><W13/><G41/><T92/><D31/><U43/><E5/><V129/><F129/><W130/><G28/><T127/><D127/><U38/><E38/><V54/><F29/><W27/><G55/><T61/><REACH who="0" step="1"/><D46/><REACH who="0" ten="195,321,425,49" step="2"/><U109/><E109/><V14/><F2/><W32/><G126/><T40/><D40/><U102/><REACH who="1" step="1"/><E18/><REACH who="1" ten="195,311,425,49" step="2"/><N who="2" m="8527" /><F71/><AGARI ba="0,2" hai="20,22,61,66,71,79,83,84,86,90,92,95,98,101" machi="71" ten="30,7700,0" yaku="1,1,7,1,52,1,53,1" doraHai="63" doraHaiUra="78" who="0" fromWho="2" sc="195,97,311,0,425,-77,49,0" /><INIT seed="7,0,0,0,3,124" ten="292,311,348,49" oya="3" hai0="91,135,98,74,46,50,122,66,26,9,30,19,103" hai1="125,84,121,15,131,115,37,102,49,57,16,80,77" hai2="108,67,133,89,100,128,21,104,6,1,112,41,117" hai3="61,28,47,81,23,10,87,99,82,110,70,90,11"/><W54/><G110/><T55/><D122/><U78/><E121/><V5/><F108/><W40/><G82/><T36/><D135/><U7/><E115/><V39/><F117/><W3/><G3/><T85/><D74/><U105/><E37/><V73/><F73/><W134/><G134/><T114/><D114/><U72/><E125/><V96/><F112/><W4/><G99/><T2/><D36/><U44/><E7/><V14/><F67/><W38/><G4/><T94/><D2/><U32/><E32/><V109/><F109/><W20/><G20/><T64/><D9/><U130/><E57/><V51/><F39/><W116/><G116/><T25/><D19/><U126/><E126/><V86/><F1/><W76/><G76/><T118/><D118/><U34/><E34/><V0/><F0/><W17/><G28/><T101/><D101/><U31/><E31/><V18/><F133/><W43/><G43/><T120/><D120/><U83/><E102/><V97/><F97/><W111/><G111/><T75/><D75/><U60/><E60/><V88/><F89/><W59/><REACH who="3" step="1"/><G70/><REACH who="3" ten="292,311,348,39" step="2"/><T33/><D25/><AGARI ba="0,1" hai="10,11,17,23,25,38,40,47,54,59,61,81,87,90" machi="25" ten="30,5800,0" yaku="1,1,2,1,7,1,53,0" doraHai="124" doraHaiUra="95" who="3" fromWho="0" sc="292,-58,311,0,348,0,39,68" /><INIT seed="7,1,0,0,5,86" ten="234,311,348,107" oya="3" hai0="25,24,32,22,116,97,67,123,85,83,91,18,115" hai1="102,84,75,70,126,0,100,30,90,46,104,64,134" hai2="54,76,92,52,127,5,35,19,130,14,68,39,61" hai3="23,34,89,36,8,42,110,108,26,77,38,79,109"/><W95/><G34/><T93/><D116/><U41/><E75/><V1/><F35/><W48/><G8/><T37/><D123/><U51/><E0/><V11/><F39/><W113/><G113/><T60/><D37/><N who="3" m="14441" /><G42/><T81/><D115/><U62/><E134/><V129/><F76/><W128/><G48/><T105/><D105/><U31/><E126/><V27/><F27/><W125/><G125/><T112/><D112/><U55/><E41/><V101/><F101/><W132/><G132/><T33/><D83/><U63/><E63/><V17/><F92/><W117/><G117/><T111/><D25/><U53/><E53/><V82/><F82/><W12/><G12/><T21/><D21/><U66/><E66/><N who="2" m="41039" /><F19/><N who="3" m="12671" /><G128/><N who="2" m="49257" /><F127/><W74/><G74/><T56/><REACH who="0" step="1"/><D111/><REACH who="0" ten="224,311,348,107" step="2"/><N who="3" m="28417" /><W69/><DORA hai="49" /><G69/><T6/><D6/><U99/><E102/><AGARI ba="1,1" hai="18,22,24,32,33,56,60,67,81,85,91,93,97,102" machi="102" ten="30,7700,0" yaku="1,1,7,1,52,1,53,1" doraHai="86,49" doraHaiUra="133,80" who="0" fromWho="1" sc="224,90,311,-80,348,0,107,0" owari="314,11.0,231,-17.0,348,45.0,107,-39.0" /></mjloggm>