<mjloggm ver="2.3"><GO type="225" lobby="0"/><UN n0="%6B%79%6F%6E%6B%6F%31%31" n1="%E5%8B%95%E7%89%A9%E5%9C%92%E3%81%AE%E3%81%8F%E3%82%8D" n2="%E5%B2%B8%E6%98%8E%E6%97%A5%E9%A6%99" n3="%E8%A8%88%E7%AE%97%E6%A9%9F%E8%87%AA%E7%84%B6" dan="16,16,16,17" rate="2196.93,2153.82,2175.34,2200.00" sx="M,M,M,M"/><TAIKYOKU oya="0"/><INIT seed="0,0,0,0,1,124" ten="250,250,250,250" oya="0" hai0="134,12,59,24,108,29,79,99,36,15,115,73,85" hai1="76,114,128,44,28,31,70,18,90,130,4,110,103" hai2="41,14,47,5,118,20,63,106,23,132,62,9,34" hai3="49,27,50,96,1,78,119,38,52,94,42,35,75"/><T77/><D73/><U121/><E121/><V13/><F106/><W40/><G1/><T54/><D115/><U16/><E114/><V80/><F34/><W17/><G38/><T116/><D36/><U58/><E70/><V8/><F132/><W100/><G119/><T69/><D116/><U71/><E71/><V112/><F112/><W135/><G50/><T72/><D69/><U97/><E76/><V51/><F118/><W2/><G2/><T43/><D43/><U74/><E74/><V30/><F80/><W57/><G135/><T67/><D67/><U93/><E4/><V32/><F32/><W120/><G120/><T83/><D134/><U88/><E58/><V0/><F0/><W81/><REACH who="3" step="1"/><G17/><REACH who="3" ten="250,250,250,240" step="2"/><N who="1" m="6762" /><E110/><V21/><F30/><AGARI ba="0,1" hai="27,30,35,40,42,49,52,57,75,78,81,94,96,100" machi="30" ten="40,2600,0" yaku="1,1,54,1,53,0" doraHai="124" doraHaiUra="122" who="3" fromWho="2" sc="250,0,250,0,250,-26,240,36" /><INIT seed="1,0,0,0,0,100" ten="250,250,224,276" oya="1" hai0="92,15,96,78,80,131,95,44,88,43,65,133,86" hai1="121,94,109,37,39,17,125,103,113,40,117,123,87" hai2="36,60,61,18,16,59,31,106,70,74,25,32,83" hai3="45,5,4,1,13,11,128,9,93,72,66,71,52"/><U47/><E117/><V63/><F36/><W132/><G72/><T10/><D131/><U130/><E113/><V67/><F106/><W56/><G128/><T41/><D133/><U82/><E130/><V91/><F63/><W62/><G132/><T57/><D65/><U50/><E125/><V51/><F51/><W20/><G93/><T6/><D57/><U129/><E129/><V23/><F32/><W118/><G118/><T38/><D38/><U49/><E109/><V97/><F74/><W35/><G35/><T7/><D7/><U85/><E17/><V124/><F124/><W101/><G101/><T30/><D30/><U89/><E103/><V28/><F18/><W108/><G108/><T98/><D44/><U126/><E126/><V68/><F68/><W19/><G45/><T75/><D75/><U29/><E29/><V24/><F24/><W26/><REACH who="3" step="1"/><G71/><REACH who="3" ten="250,250,224,266" step="2"/><T120/><D120/><U84/><E37/><V76/><F76/><W48/><G48/><T110/><D110/><U77/><E39/><V12/><F83/><W53/><AGARI ba="0,1" hai="1,4,5,9,11,13,19,20,26,52,53,56,62,66" machi="53" ten="30,4000,0" yaku="1,1,0,1,54,1,53,0" doraHai="100" doraHaiUra="27" who="3" fromWho="3" sc="250,-10,250,-20,224,-10,266,50" /><INIT seed="2,0,0,5,5,84" ten="240,230,214,316" oya="2" hai0="133,53,13,92,124,126,46,52,100,108,14,22,16" hai1="7,94,115,122,105,95,93,59,27,134,30,96,82" hai2="1,107,123,2,113,130,75,76,29,10,63,61,98" hai3="8,114,28,0,131,56,37,118,57,72,69,78,31"/><V62/><F113/><W111/><G69/><T11/><D108/><U65/><E115/><V5/><F123/><W103/><G118/><T66/><D66/><U18/><E122/><V112/><F112/><W135/><G103/><T35/><D35/><U68/><E134/><V51/><F130/><W33/><G37/><T129/><D133/><U49/><E7/><V91/><F29/><W74/><G78/><T43/><D129/><U70/><E82/><V60/><N who="2" m="15360" /><DORA hai="45" /><V132/><F132/><W47/><G47/><T67/><D67/><U50/><E65/><V25/><F25/><W127/><G127/><N who="0" m="48683" /><D100/><U26/><E18/><V21/><F21/><W17/><G17/><N who="0" m="10551" /><D92/><U73/><E73/><V40/><F107/><W42/><G72/><T38/><AGARI ba="0,0" hai="11,13,16,38,43,46,52,53" m="10551,48683" machi="38" ten="30,4000,0" yaku="18,1,54,2" doraHai="84,45" who="0" fromWho="0" sc="240,40,230,-10,214,-20,316,-10" /><INIT seed="3,0,0,3,2,133" ten="280,220,194,306" oya="3" hai0="46,58,131,29,16,100,105,53,120,10,82,13,38" hai1="33,96,109,51,85,99,89,80,1,128,101,102,114" hai2="116,50,63,76,86,123,75,48,95,94,11,64,70" hai3="73,5,113,103,119,88,134,49,8,61,72,78,110"/><W17/><G113/><T54/><D120/><U124/><E1/><V31/><F116/><W52/><G103/><N who="1" m="39434" /><E33/><V59/><F123/><W4/><G61/><T30/><D131/><U40/><E114/><V130/><F130/><W44/><G110/><T98/><D82/><U104/><E128/><V106/><F106/><W9/><G17/><T21/><D54/><U19/><E109/><V0/><F75/><W39/><G39/><T81/><D46/><N who="1" m="26055" /><E104/><V90/><F76/><W36/><G134/><T14/><D81/><U112/><E112/><V34/><F95/><W129/><G36/><T18/><REACH who="0" step="1"/><D38/><REACH who="0" ten="270,220,194,306" step="2"/><U60/><E124/><V12/><F0/><W57/><G44/><T43/><D43/><U56/><E19/><V77/><F77/><W2/><G78/><T92/><D92/><U66/><AGARI ba="0,1" hai="56,60,66,80,85,89,96,99" m="26055,39434" machi="66" ten="30,1100,0" yaku="8,1" doraHai="133" who="1" fromWho="1" sc="270,-3,220,21,194,-3,306,-5" owari="267,7.0,241,-16.0,191,-31.0,301,40.0" /></mjloggm>