<mjloggm ver="2.3"><GO type="169" lobby="0"/><UN n0="%6F%75%74%E7%A5%AD%E3%82%8A" n1="%74%61%6E%61%4B%61" n2="%E3%81%84%E3%81%8A%E3%81%84%E3%81%8A" n3="%E3%81%AB%E3%81%A3%E3%81%A1%E3%82%87" dan="16,17,16,17" rate="2182.81,2155.57,2076.15,2190.90" sx="M,M,M,M"/><TAIKYOKU oya="0"/><INIT seed="0,0,0,1,1,16" ten="250,250,250,250" oya="0" hai0="62,1,23,94,129,68,105,28,76,9,130,101,98" hai1="56,124,45,88,99,71,22,4,53,58,34,100,91" hai2="33,83,27,86,30,112,119,77,35,54,89,106,0" hai3="121,81,87,55,117,15,126,7,8,114,118,127,11"/><T74/><D1/><U39/><E34/><V18/><F0/><W132/><G114/><T116/><D9/><U107/><E71/><V65/><F112/><W50/><G132/><T24/><D116/><U123/><E123/><V17/><F35/><W102/><G102/><T90/><D68/><U49/><E124/><N who="3" m="47658" /><G11/><T52/><D74/><U67/><E4/><V108/><F119/><W25/><G25/><T103/><D76/><U20/><E58/><V60/><F106/><W79/><G121/><T120/><D120/><U128/><E128/><N who="0" m="49257" /><D105/><U19/><E20/><N who="2" m="15719" /><F65/><W43/><G43/><T37/><D37/><U21/><E21/><V135/><F33/><W51/><G51/><T10/><D10/><U96/><E96/><V115/><F115/><W75/><G75/><T80/><D80/><U44/><E67/><V69/><F69/><W3/><G3/><T93/><D94/><U46/><REACH who="1" step="1"/><E39/><REACH who="1" ten="250,240,250,250" step="2"/><V12/><F135/><W47/><AGARI ba="0,1" hai="7,8,15,47,50,55,79,81,87,117,118" m="47658" machi="47" ten="30,1100,0" yaku="18,1" doraHai="16" who="3" fromWho="3" sc="250,-5,240,-3,250,-3,250,21" /><INIT seed="1,0,0,3,1,127" ten="245,237,247,271" oya="1" hai0="121,48,102,98,40,113,128,99,27,114,120,42,109" hai1="107,10,23,29,92,91,77,60,45,16,9,106,93" hai2="38,11,117,6,55,84,88,0,14,50,25,53,82" hai3="108,67,37,105,78,41,63,85,83,26,73,17,51"/><U13/><E77/><V100/><F38/><W122/><G108/><T31/><D109/><U34/><E93/><V5/><F117/><W95/><G122/><N who="0" m="47211" /><D48/><U15/><E45/><V123/><F123/><W35/><G37/><T126/><D126/><U22/><E60/><V43/><F100/><W134/><G134/><T101/><D27/><U129/><E129/><V49/><F25/><W18/><G105/><T79/><D31/><U135/><E135/><V115/><F115/><N who="0" m="44042" /><D79/><U132/><E132/><V44/><F0/><W39/><G39/><T133/><D133/><U103/><E34/><V76/><F5/><W8/><G8/><T21/><D21/><U86/><E29/><V1/><F1/><W46/><G26/><T68/><D128/><U59/><E59/><V30/><F30/><W66/><G35/><T62/><D62/><U90/><E103/><N who="0" m="39433" /><D68/><U28/><E28/><V20/><F20/><W104/><G67/><T89/><D89/><U131/><E131/><V87/><REACH who="2" step="1"/><F49/><REACH who="2" ten="245,237,237,271" step="2"/><W72/><G51/><T70/><D70/><U74/><E22/><V2/><F2/><W80/><G18/><T130/><D130/><U97/><E23/><V3/><F3/><W71/><G17/><T110/><D110/><U19/><E19/><V52/><F52/><W56/><G71/><T111/><D111/><U36/><E36/><V12/><F12/><W94/><G66/><T65/><D65/><U61/><E15/><V64/><F64/><W119/><G63/><T32/><D32/><U7/><E61/><V24/><F24/><W57/><G104/><T47/><D40/><RYUUKYOKU ba="0,1" sc="245,15,237,-15,237,15,271,-15" hai0="42,47,98,99" hai2="6,11,14,43,44,50,53,55,76,82,84,87,88" /><INIT seed="2,1,1,1,1,19" ten="260,222,252,256" oya="2" hai0="131,32,80,114,98,96,134,16,118,75,50,100,115" hai1="46,89,94,0,41,126,62,3,44,26,135,78,112" hai2="125,103,106,92,56,22,107,132,36,77,65,87,8" hai3="14,20,71,124,74,12,66,51,91,57,11,24,18"/><V127/><F36/><W88/><G124/><N who="2" m="47689" /><F8/><W95/><G74/><T29/><D32/><U93/><E126/><V59/><F132/><W67/><G71/><T68/><D29/><U63/><E112/><V123/><F123/><W45/><G57/><T90/><D68/><U101/><E78/><V58/><F103/><W113/><G113/><T79/><D134/><U122/><E135/><V7/><F7/><W76/><G76/><T86/><D118/><U38/><E122/><V31/><F65/><W49/><G14/><T61/><D61/><U47/><E41/><V34/><F34/><W64/><G95/><T9/><D50/><U53/><E38/><V84/><F77/><W43/><REACH who="3" step="1"/><G51/><REACH who="3" ten="260,222,252,246" step="2"/><T48/><D48/><U121/><E121/><V133/><F133/><W21/><G21/><T40/><D79/><U6/><E0/><V30/><F22/><W82/><G82/><T25/><D75/><U13/><E3/><V69/><F69/><W10/><G10/><T117/><D9/><U17/><E94/><V111/><F111/><W5/><AGARI ba="1,2" hai="5,11,12,18,20,24,43,45,49,64,66,67,88,91" machi="5" ten="30,8000,1" yaku="1,1,0,1,8,1,52,1,54,1,53,0" doraHai="19" doraHaiUra="33" who="3" fromWho="3" sc="260,-21,222,-21,252,-41,246,103" /><INIT seed="3,0,0,3,0,91" ten="239,201,211,349" oya="3" hai0="81,94,31,117,92,25,115,100,103,39,0,124,23" hai1="53,24,14,26,107,79,33,101,78,128,121,13,119" hai2="106,96,56,12,114,16,70,17,63,109,52,5,120" hai3="20,129,130,21,116,69,2,35,87,42,73,48,82"/><W50/><G116/><T15/><D117/><U51/><E119/><V43/><F114/><W125/><G35/><T6/><D0/><U104/><E121/><V86/><F43/><W65/><G2/><T40/><D115/><U102/><E51/><V134/><F109/><W41/><G73/><T93/><D124/><U80/><E33/><V8/><F134/><W75/><G75/><T77/><D39/><U55/><REACH who="1" step="1"/><E80/><REACH who="1" ten="239,191,211,349" step="2"/><V19/><F120/><W83/><G125/><T7/><D40/><U18/><E18/><V59/><F70/><W67/><G69/><T127/><D127/><U30/><E30/><V99/><F106/><W97/><G87/><N who="0" m="48559" /><D6/><U3/><E3/><V135/><F135/><W66/><G50/><T54/><D54/><U108/><E108/><V105/><F105/><W71/><G71/><T84/><D84/><U112/><E112/><V61/><REACH who="2" step="1"/><F86/><REACH who="2" ten="239,191,201,349" step="2"/><W118/><G118/><T28/><D31/><U11/><E11/><AGARI ba="0,2" hai="7,11,15,23,25,28,92,93,94,100,103" m="48559" machi="11" ten="30,7700,0" yaku="8,1,52,3" doraHai="91" who="0" fromWho="1" sc="239,97,191,-77,201,0,349,0" /><INIT seed="4,0,0,2,1,52" ten="336,114,201,349" oya="0" hai0="43,112,20,85,109,2,41,48,135,9,12,4,67" hai1="134,51,72,37,113,73,78,122,31,54,64,18,69" hai2="8,1,128,62,110,102,101,21,99,15,47,65,126" hai3="114,129,44,36,55,60,83,49,103,24,75,25,61"/><T33/><D112/><U38/><E122/><V32/><F110/><W94/><G114/><T53/><D109/><U14/><E113/><V95/><F32/><W63/><G129/><T92/><D135/><U71/><E31/><V86/><F128/><W131/><G131/><T130/><D33/><U5/><E5/><V106/><F126/><W93/><G36/><T0/><D130/><U81/><E73/><V22/><F1/><W111/><G111/><T104/><D104/><U120/><E134/><V107/><F47/><W117/><G117/><T116/><D67/><U76/><E76/><V96/><F86/><W16/><G75/><T26/><D0/><U118/><E118/><V89/><F89/><W58/><G83/><T123/><D2/><U88/><E69/><V34/><F95/><N who="3" m="36363" /><G103/><T91/><D123/><U59/><E88/><V27/><F27/><N who="3" m="10315" /><G16/><N who="0" m="12551" /><D116/><U74/><E74/><V68/><REACH who="2" step="1"/><F34/><REACH who="2" ten="336,114,191,349" step="2"/><W29/><G29/><T124/><D124/><U70/><E120/><V77/><F77/><W90/><G90/><T82/><D92/><U125/><E125/><V56/><F56/><AGARI ba="0,1" hai="44,49,55,56,58,60,61,63" m="10315,36363" machi="56" ten="30,3900,0" yaku="8,1,52,2" doraHai="52" who="3" fromWho="2" sc="336,0,114,0,191,-39,349,49" /><AGARI ba="0,0" hai="4,9,12,41,43,48,53,56,82,85,91" m="12551" machi="56" ten="30,5800,0" yaku="8,1,52,1,54,1" doraHai="52" who="0" fromWho="2" sc="336,58,114,0,152,-58,398,0" /><INIT seed="4,1,0,1,4,75" ten="394,114,94,398" oya="0" hai0="48,88,56,36,82,22,29,110,102,100,59,118,125" hai1="91,31,28,34,62,101,95,67,4,81,114,27,130" hai2="3,21,128,134,61,122,20,8,17,76,108,127,18" hai3="25,80,50,1,46,19,12,109,124,104,45,71,13"/><T43/><D118/><U106/><E130/><V44/><F122/><W70/><G109/><T113/><D110/><U98/><E4/><V84/><F108/><W33/><G104/><T0/><D0/><U135/><E135/><V6/><F44/><W112/><G1/><T117/><D117/><U49/><E28/><V99/><F99/><W15/><G112/><T42/><D36/><U120/><E120/><V103/><F103/><N who="0" m="39466" /><D125/><U83/><E49/><V129/><F61/><W68/><G124/><T5/><D5/><U72/><E72/><V39/><F39/><W94/><G94/><T14/><D113/><U35/><E35/><V133/><F76/><W121/><G121/><T66/><D66/><U69/><REACH who="1" step="1"/><E114/><REACH who="1" ten="394,104,94,398" step="2"/><V64/><F127/><W16/><G33/><T96/><D29/><U24/><E24/><N who="2" m="14351" /><F64/><W105/><G105/><T53/><D48/><U55/><E55/><V85/><F128/><W115/><G115/><T60/><D53/><U93/><E93/><V90/><F129/><W41/><G25/><T57/><D60/><U58/><E58/><V52/><F52/><W78/><REACH who="3" step="1"/><G46/><REACH who="3" ten="394,104,94,388" step="2"/><T65/><D65/><U87/><AGARI ba="1,2" hai="27,31,34,62,67,69,81,83,87,91,95,98,101,106" machi="87" ten="20,8000,1" yaku="1,1,0,1,7,1,25,2,53,0" doraHai="75" doraHaiUra="54" who="1" fromWho="1" sc="394,-41,104,103,94,-21,388,-21" /><INIT seed="5,0,0,5,5,47" ten="353,207,73,367" oya="1" hai0="49,103,40,96,37,86,17,6,123,127,122,94,84" hai1="66,72,134,104,99,36,105,83,39,30,15,61,41" hai2="50,10,125,63,129,121,53,95,7,67,32,107,102" hai3="2,114,3,109,42,1,64,28,74,59,131,110,12"/><U91/><E134/><V8/><F121/><N who="0" m="46090" /><D37/><U34/><E15/><V97/><F129/><W111/><G74/><T11/><D17/><U98/><E98/><V77/><F32/><W52/><G131/><T18/><D18/><U88/><E105/><V100/><F125/><W69/><G114/><T101/><D101/><N who="1" m="62527" /><E41/><V132/><F132/><W87/><G42/><T62/><D127/><U90/><E83/><V23/><F23/><W57/><G28/><T80/><D62/><U4/><E4/><V13/><F77/><W78/><G12/><N who="0" m="5239" /><D80/><U120/><E72/><V51/><F10/><W119/><G119/><T92/><D94/><U113/><E120/><V115/><F115/><W48/><G69/><T124/><D124/><U45/><E45/><AGARI ba="0,0" hai="40,45,49,84,86,92,96,103" m="5239,46090" machi="45" ten="30,2000,0" yaku="13,1,52,1" doraHai="47" who="0" fromWho="1" sc="353,20,207,-20,73,0,367,0" /><INIT seed="6,0,0,5,1,123" ten="373,187,73,367" oya="2" hai0="54,96,115,61,122,111,38,10,3,106,92,112,113" hai1="116,130,127,13,6,110,71,108,45,90,135,26,103" hai2="75,2,56,82,76,94,24,16,68,39,102,21,88" hai3="51,99,28,105,128,60,32,1,46,89,119,33,97"/><V35/><F68/><W40/><G119/><T100/><D111/><N who="1" m="42539" /><E71/><V23/><F2/><W9/><G128/><T36/><D122/><U131/><E103/><V83/><F39/><W63/><G99/><T37/><D3/><U57/><E116/><V101/><F82/><W98/><G97/><T118/><D10/><N who="1" m="4311" /><E57/><V81/><F81/><W134/><G134/><T44/><D118/><U43/><E90/><V67/><F35/><W84/><G98/><T55/><D61/><U31/><E135/><V86/><REACH who="2" step="1"/><F23/><REACH who="2" ten="373,187,63,367" step="2"/><W50/><G33/><T64/><D106/><U8/><E131/><V5/><F5/><W19/><G105/><T124/><D36/><U104/><E130/><V87/><F87/><W121/><G121/><T41/><D37/><U73/><E104/><V117/><F117/><W107/><G107/><T34/><D34/><N who="1" m="20855" /><E73/><V53/><F53/><W114/><G1/><T7/><D55/><U18/><E43/><V126/><F126/><W27/><G40/><T15/><D124/><U74/><E74/><V62/><AGARI ba="0,1" hai="16,21,24,56,62,67,75,76,83,86,88,94,101,102" machi="62" ten="30,11700,0" yaku="1,1,0,1,54,2,53,0" doraHai="123" doraHaiUra="133" who="2" fromWho="2" sc="373,-39,187,-39,63,127,367,-39" /><INIT seed="6,1,0,0,0,127" ten="334,148,190,328" oya="2" hai0="92,106,110,95,66,52,18,102,88,98,36,70,126" hai1="119,109,25,55,53,54,121,97,59,44,11,47,62" hai2="46,3,135,90,72,76,58,32,26,56,5,15,23" hai3="63,21,82,112,80,116,68,30,29,128,41,115,114"/><V117/><F117/><W94/><G116/><T37/><D110/><U22/><E119/><V101/><F101/><W122/><G122/><T79/><D66/><U86/><E109/><V105/><F105/><W35/><G35/><T39/><D70/><U125/><E125/><V67/><F135/><W31/><G41/><T33/><D33/><U7/><E86/><V71/><F46/><W27/><G128/><T57/><D79/><U103/><E121/><V60/><F90/><W78/><G94/><T74/><D74/><U2/><E44/><V16/><F76/><W4/><G4/><T14/><D88/><U0/><E0/><V8/><REACH who="2" step="1"/><F72/><REACH who="2" ten="334,148,180,328" step="2"/><W69/><G82/><T42/><D126/><U64/><E47/><V19/><F19/><N who="3" m="12735" /><G63/><T107/><D18/><U12/><E103/><V83/><F83/><W13/><G13/><T93/><D14/><U124/><E124/><V65/><F65/><W131/><G131/><T43/><D107/><U75/><E75/><AGARI ba="1,1" hai="29,30,31,68,69,75,78,80,112,114,115" m="12735" machi="75" ten="40,2600,0" yaku="15,1,11,1" doraHai="127" who="3" fromWho="1" sc="334,0,148,-29,180,0,328,39" /><INIT seed="7,0,0,3,4,66" ten="334,119,180,367" oya="3" hai0="59,88,134,14,17,26,68,53,21,127,46,1,8" hai1="84,34,130,18,5,6,87,20,36,116,111,85,39" hai2="122,67,73,56,82,77,114,23,108,92,89,48,117" hai3="123,47,74,110,70,125,133,112,37,31,50,30,96"/><W128/><RYUUKYOKU type="yao9" ba="0,0" sc="334,0,119,0,180,0,367,0" hai3="30,31,37,47,50,70,74,96,110,112,123,125,128,133" /><INIT seed="7,1,0,0,3,125" ten="334,119,180,367" oya="3" hai0="92,5,86,135,70,54,100,130,65,56,37,67,9" hai1="34,68,74,97,36,118,83,108,20,101,98,90,26" hai2="69,72,127,57,55,17,15,95,77,1,88,71,114" hai3="75,82,25,61,29,10,42,3,8,45,27,53,58"/><W49/><G3/><T104/><D37/><U40/><E108/><V63/><F1/><W79/><G27/><T11/><D104/><U48/><E68/><V52/><F127/><W133/><G133/><T41/><D41/><U80/><E36/><V124/><F124/><W117/><G117/><T35/><D70/><U106/><E34/><AGARI ba="1,0" hai="8,10,25,29,34,42,45,49,53,58,61,75,79,82" machi="34" ten="30,1500,0" yaku="7,1" doraHai="125" who="3" fromWho="1" sc="334,0,119,-18,180,0,367,18" owari="334,13.0,101,-40.0,180,-22.0,385,49.0" /></mjloggm>