<mjloggm ver="2.3"><GO type="169" lobby="0"/><UN n0="%E3%81%86%E3%81%95%E3%81%8E%E3%83%95%E3%82%A1%E3%83%B3%E3%82%B7%E3%83%BC" n1="%E6%97%A5%E9%99%B0%E3%81%95%E3%82%93" n2="%E3%81%8D%E3%82%88%E3%81%97%E3%81%BE%E3%82%8B" n3="%E4%BF%BA%E3%81%A7%E3%81%99" dan="16,16,16,16" rate="2168.03,2103.79,2108.96,2064.77" sx="M,F,F,M"/><TAIKYOKU oya="0"/><INIT seed="0,0,0,4,5,83" ten="250,250,250,250" oya="0" hai0="24,131,41,101,68,70,13,134,133,122,60,4,16" hai1="100,15,130,1,44,113,108,46,77,33,23,110,54" hai2="78,114,59,63,18,91,132,135,85,89,38,88,12" hai3="81,75,112,58,84,50,62,66,9,10,49,102,65"/><T98/><D122/><U96/><E1/><V30/><F38/><W97/><G112/><T8/><D131/><U35/><E113/><V48/><F114/><W61/><G75/><T32/><D41/><U125/><E125/><V93/><F30/><W39/><G39/><T116/><D116/><U95/><E130/><V103/><F103/><W104/><G50/><T115/><D115/><U90/><E77/><V80/><F48/><W57/><REACH who="3" step="1"/><G49/><REACH who="3" ten="250,250,250,240" step="2"/><T86/><D134/><U69/><E108/><V76/><F132/><W31/><G31/><T20/><D133/><U37/><E110/><V105/><F135/><W26/><G26/><T94/><D32/><U64/><E37/><V121/><F121/><W14/><G14/><T29/><D29/><U67/><E15/><V6/><F6/><W40/><G40/><T27/><D27/><U73/><E73/><V43/><F43/><W72/><G72/><T5/><D5/><U118/><E33/><V42/><F42/><W19/><G19/><T126/><D126/><U2/><E35/><V71/><F105/><W34/><G34/><T106/><REACH who="0" step="1"/><D60/><REACH who="0" ten="240,250,250,240" step="2"/><U74/><E118/><V47/><F18/><W82/><G82/><T123/><D123/><U79/><E74/><V99/><F12/><W109/><G109/><T0/><D0/><U124/><E2/><V51/><F71/><W119/><G119/><T22/><D22/><U127/><E69/><V55/><REACH who="2" step="1"/><F78/><AGARI ba="0,2" hai="9,10,57,58,61,62,65,66,78,81,84,97,102,104" machi="78" ten="30,7700,0" yaku="1,1,7,1,9,1,52,1,53,0" doraHai="83" doraHaiUra="17" who="3" fromWho="2" sc="240,0,250,0,250,-77,240,97" /><INIT seed="1,0,0,2,0,74" ten="240,250,173,337" oya="1" hai0="132,90,6,71,110,46,100,82,30,87,0,50,83" hai1="72,70,10,47,23,18,91,29,77,81,3,66,76" hai2="11,92,22,127,86,13,128,62,65,45,73,105,58" hai3="97,131,106,51,108,102,135,12,17,28,36,112,55"/><U116/><E116/><V119/><F119/><W59/><G112/><T69/><D110/><U84/><E29/><V37/><F73/><W67/><G108/><T124/><D124/><U94/><E66/><V96/><F127/><W109/><G109/><T85/><D132/><U54/><E70/><V44/><F128/><W31/><G135/><T89/><D100/><U133/><E133/><V121/><F121/><W115/><G115/><T2/><D30/><U111/><E111/><V68/><F105/><W113/><G113/><T5/><D50/><N who="1" m="29023" /><E72/><V107/><F107/><W123/><G123/><T19/><D46/><U118/><E3/><V125/><F125/><W122/><G131/><T130/><D130/><U64/><E64/><V40/><F45/><W7/><G122/><T56/><D56/><U93/><E118/><V117/><F117/><W1/><G36/><T9/><REACH who="0" step="1"/><D19/><REACH who="0" ten="230,250,173,337" step="2"/><U104/><E104/><V42/><F42/><W24/><G31/><T26/><D26/><N who="1" m="14711" /><E10/><AGARI ba="0,1" hai="0,2,5,6,9,10,69,71,82,83,85,87,89,90" machi="10" ten="40,12000,2" yaku="1,1,32,3,53,2" doraHai="74" doraHaiUra="78" who="0" fromWho="1" sc="230,130,250,-120,173,0,337,0" /><INIT seed="2,0,0,5,3,72" ten="360,130,173,337" oya="2" hai0="40,100,88,97,111,32,82,132,93,95,17,9,54" hai1="75,96,55,18,43,6,23,4,79,46,83,98,122" hai2="28,110,37,41,66,50,73,68,8,99,51,130,38" hai3="129,74,91,81,58,5,65,27,113,105,76,47,116"/><V117/><F28/><W61/><G116/><T42/><D32/><U22/><E122/><V19/><F117/><W135/><G129/><T48/><D111/><U90/><E55/><V84/><F73/><W57/><G135/><T107/><D132/><U106/><E22/><V119/><F119/><W25/><G105/><T20/><D9/><U94/><E98/><V7/><F130/><W121/><G121/><T120/><D120/><U62/><E62/><V2/><F110/><W11/><G113/><T109/><D109/><U85/><E106/><V34/><F34/><W44/><G57/><T127/><D82/><U35/><E75/><V15/><F99/><W125/><G91/><T26/><D127/><U108/><E35/><V131/><F131/><W30/><G125/><T16/><D17/><U126/><E108/><V89/><F50/><W77/><G77/><T60/><D60/><U104/><E104/><V123/><F66/><W12/><REACH who="3" step="1"/><G30/><REACH who="3" ten="360,130,173,327" step="2"/><T31/><D107/><U80/><E126/><V133/><F123/><W134/><G134/><T115/><D115/><U56/><E56/><V63/><F133/><W36/><G36/><T29/><D29/><U21/><E79/><V114/><F114/><W64/><G64/><T128/><D128/><U92/><E90/><V53/><F38/><W112/><G112/><T59/><REACH who="0" step="1"/><D31/><REACH who="0" ten="350,130,173,327" step="2"/><U45/><E83/><V118/><F118/><W101/><G101/><T103/><D103/><U70/><E80/><V3/><F68/><W69/><G69/><T67/><D67/><U86/><E70/><V39/><F39/><W24/><AGARI ba="0,2" hai="5,11,12,24,25,27,44,47,58,61,65,74,76,81" machi="24" ten="30,7900,0" yaku="1,1,5,1,0,1,52,1,53,0" doraHai="72" doraHaiUra="102" who="3" fromWho="3" sc="350,-20,130,-20,173,-39,327,99" /><INIT seed="3,0,0,2,3,129" ten="330,110,134,426" oya="3" hai0="30,85,16,22,91,127,109,45,2,99,17,131,116" hai1="36,7,59,111,84,32,70,54,128,33,61,53,66" hai2="89,18,74,29,120,52,23,39,15,1,24,35,19" hai3="80,100,96,49,42,83,124,94,44,13,12,121,50"/><W25/><G121/><T98/><D116/><U56/><E111/><V3/><F39/><W113/><G113/><T43/><D2/><U20/><E128/><V0/><F74/><W62/><G124/><T21/><D109/><U79/><E36/><V90/><F120/><W119/><G119/><T110/><D110/><U76/><E7/><V115/><F115/><W46/><G62/><T86/><D131/><U107/><E107/><V93/><F93/><W51/><G25/><T48/><D127/><U118/><E20/><N who="0" m="7785" /><D30/><U134/><E70/><V77/><F77/><W9/><G13/><T63/><D63/><U92/><E66/><V108/><F108/><W34/><G34/><T126/><D86/><U72/><E72/><V102/><F19/><N who="0" m="7242" /><D126/><U87/><E61/><V37/><F37/><W8/><G9/><T75/><D75/><U58/><E118/><V101/><REACH who="2" step="1"/><F52/><REACH who="2" ten="330,110,124,426" step="2"/><W103/><G46/><T38/><D38/><U95/><REACH who="1" step="1"/><E58/><REACH who="1" ten="330,100,124,426" step="2"/><V114/><F114/><W81/><G44/><T122/><D122/><U6/><E6/><V26/><F26/><W135/><G42/><T68/><D68/><U31/><E31/><V28/><F28/><W133/><G8/><T73/><D73/><U55/><E55/><V41/><F41/><W106/><G106/><T97/><D43/><U40/><E40/><V65/><F65/><W125/><G125/><T82/><D45/><U60/><E60/><V104/><F104/><W117/><G117/><T78/><D48/><U67/><E67/><V10/><F10/><W69/><G69/><T14/><D14/><U27/><E27/><RYUUKYOKU ba="0,2" sc="330,10,100,10,124,10,426,-30" hai0="78,82,85,91,97,98,99" hai1="32,33,53,54,56,59,76,79,84,87,92,95,134" hai2="0,1,3,15,18,23,24,29,35,89,90,101,102" /><INIT seed="4,1,2,0,1,78" ten="340,110,134,396" oya="0" hai0="121,107,10,97,40,29,22,34,7,27,125,56,48" hai1="59,89,1,23,94,26,117,115,105,15,124,0,6" hai2="130,98,126,31,62,104,39,95,111,99,114,85,80" hai3="13,108,84,71,66,52,135,51,90,122,30,17,93"/><T19/><D121/><U47/><E105/><V44/><F31/><W88/><G108/><T109/><D125/><U35/><E117/><V131/><F62/><W2/><G135/><T92/><D107/><U123/><E123/><V120/><F120/><W67/><G2/><T79/><D109/><U46/><E124/><V106/><F44/><W11/><G71/><T49/><D79/><U69/><E69/><V77/><F39/><W43/><G43/><T91/><D56/><U68/><E68/><V83/><F126/><W116/><G116/><T82/><D40/><U14/><E59/><V60/><F60/><W73/><G73/><T45/><D45/><U12/><E35/><V3/><F3/><W127/><G127/><T75/><D75/><U70/><E1/><V5/><F5/><W113/><G30/><T36/><D36/><U112/><E70/><V32/><F32/><W76/><G76/><T18/><D82/><U55/><E0/><V42/><F42/><W72/><G72/><T65/><D65/><U8/><E55/><V38/><F38/><W134/><G134/><T74/><D74/><U41/><E47/><V96/><F111/><W33/><G52/><T63/><D63/><U61/><E61/><V21/><F21/><W133/><G33/><T53/><D53/><U110/><E110/><V101/><F114/><N who="1" m="43561" /><E46/><V25/><F25/><W50/><G122/><T119/><D119/><U129/><E41/><V57/><F57/><W37/><G113/><T4/><D34/><U102/><E26/><V100/><F106/><W128/><G37/><T103/><D27/><RYUUKYOKU ba="1,2" sc="340,0,110,0,134,0,396,0" /><INIT seed="5,2,2,1,5,41" ten="340,110,134,396" oya="1" hai0="11,23,124,76,134,82,4,89,103,54,92,120,107" hai1="52,30,17,31,133,115,57,12,60,40,83,135,130" hai2="6,49,70,81,2,66,50,44,94,88,46,18,110" hai3="86,77,1,5,129,75,47,38,72,3,87,111,126"/><U123/><E123/><V131/><F110/><W15/><G111/><T85/><D120/><U99/><E115/><V118/><F118/><W48/><G38/><T132/><D23/><U9/><E130/><V37/><F37/><W125/><G129/><T21/><D21/><U113/><E113/><V105/><F105/><W7/><G15/><T61/><D124/><U108/><E108/><V43/><F131/><W14/><G14/><T68/><D68/><U121/><E121/><V26/><F81/><W106/><G106/><T100/><D61/><U84/><E99/><V96/><F70/><W114/><G114/><T29/><D29/><U101/><E101/><V117/><F117/><W78/><G48/><T116/><D116/><U128/><E40/><N who="2" m="24711" /><F2/><W19/><G19/><T32/><D32/><U112/><E128/><V102/><F66/><W79/><G78/><T24/><D24/><U74/><E74/><V98/><F102/><W73/><G73/><N who="0" m="43279" /><D54/><U95/><E112/><V67/><F6/><W55/><G55/><T35/><D35/><U90/><REACH who="1" step="1"/><E83/><REACH who="1" ten="340,100,134,396" step="2"/><V97/><F67/><W13/><G126/><T28/><D103/><U42/><E42/><V62/><F62/><W65/><G125/><T56/><D100/><U36/><E36/><V122/><F122/><W25/><G65/><T8/><D107/><U27/><E27/><V33/><F33/><W51/><G25/><T69/><D85/><U80/><E80/><V119/><F119/><W64/><G64/><T45/><D69/><U63/><E63/><V39/><F39/><W58/><G87/><T59/><D92/><RYUUKYOKU ba="2,3" sc="340,-15,100,15,134,15,396,-15" hai1="9,12,17,30,31,52,57,60,84,90,95,133,135" hai2="18,26,43,46,50,88,94,96,97,98" /><INIT seed="5,3,3,0,5,116" ten="325,115,149,381" oya="1" hai0="123,122,21,83,14,82,87,62,9,120,93,111,118" hai1="2,1,67,53,129,81,125,135,108,27,40,30,54" hai2="19,97,102,43,50,92,46,99,13,35,126,94,39" hai3="28,52,134,80,131,71,42,70,76,15,63,8,34"/><U18/><E125/><V77/><F35/><W17/><G42/><T51/><D118/><U10/><E135/><V6/><F126/><W37/><G37/><T79/><D111/><U29/><E108/><V124/><F124/><W101/><G131/><T57/><D21/><U4/><E1/><V33/><F33/><W55/><G101/><T113/><D113/><U60/><E129/><V96/><F77/><W105/><G105/><T117/><D117/><U112/><E112/><V73/><F73/><W114/><G114/><T23/><D23/><U100/><E100/><V3/><F3/><W91/><G91/><N who="0" m="53503" /><D51/><U20/><E40/><V98/><F6/><W75/><G134/><T85/><D85/><U115/><E115/><V22/><REACH who="2" step="1"/><F39/><REACH who="2" ten="325,115,139,381" step="2"/><W104/><G34/><T36/><D79/><U72/><E72/><V84/><F84/><W32/><G32/><T0/><D0/><U38/><E38/><V69/><F69/><W61/><G71/><T90/><D36/><U86/><E29/><V59/><F59/><W5/><G28/><T31/><D31/><U110/><E30/><V11/><F11/><W127/><G70/><T44/><D44/><U88/><REACH who="1" step="1"/><E110/><REACH who="1" ten="325,105,139,381" step="2"/><V119/><F119/><W45/><G127/><T25/><D123/><U103/><E103/><AGARI ba="3,5" hai="13,19,22,43,46,50,92,94,96,97,98,99,102,103" machi="103" ten="30,7700,0" yaku="1,1,7,1,9,1,8,1,53,0" doraHai="116" doraHaiUra="78" who="2" fromWho="1" sc="325,0,105,-86,139,136,381,0" /><INIT seed="6,0,0,3,4,76" ten="325,19,275,381" oya="2" hai0="67,13,82,78,88,0,126,40,115,85,44,14,1" hai1="33,49,110,21,70,97,42,36,96,102,15,125,106" hai2="60,83,34,128,75,79,35,135,66,91,27,95,62" hai3="131,20,127,117,5,108,56,116,105,113,55,119,28"/><V61/><F135/><W32/><G105/><T124/><D115/><U107/><E33/><V23/><F128/><W73/><G73/><T93/><D67/><U39/><E70/><V103/><F103/><W64/><G108/><T16/><D1/><U2/><E2/><V19/><REACH who="2" step="1"/><F66/><REACH who="2" ten="325,19,265,381" step="2"/><W72/><G64/><T63/><D126/><U22/><E125/><V58/><F58/><W69/><G127/><T120/><D124/><U112/><E112/><V101/><F101/><W26/><G56/><T50/><D120/><U109/><E102/><V54/><F54/><W92/><G55/><T24/><D63/><U18/><E49/><V104/><F104/><W89/><G131/><T118/><D118/><U133/><E133/><V7/><F7/><W59/><G5/><T12/><D0/><U123/><E123/><V53/><F53/><W90/><G113/><T3/><D3/><U71/><E71/><V84/><AGARI ba="0,1" hai="19,23,27,34,35,60,61,62,75,79,83,84,91,95" machi="84" ten="30,12000,1" yaku="1,1,0,1,52,1,53,2" doraHai="76" doraHaiUra="29" who="2" fromWho="2" sc="325,-40,19,-40,265,130,381,-40" owari="285,-11.0,-21,-52.0,395,49.0,341,14.0" /></mjloggm>