<mjloggm ver="2.3"><GO type="169" lobby="0"/><UN n0="%E3%81%82%E3%83%BC%E3%82%8B%E3%81%97%E3%81%A6%E3%83%BC" n1="%E8%91%B5%E3%81%A1%E3%82%83%E3%82%93" n2="%E6%9D%BE%E5%8E%9F%E4%B8%8D%E7%8B%97" n3="%E3%81%A6%E3%82%8A%E3%81%86%E3%82%80" dan="16,16,16,16" rate="2039.45,2215.24,2099.73,2069.80" sx="M,M,M,M"/><TAIKYOKU oya="0"/><INIT seed="0,0,0,5,2,120" ten="250,250,250,250" oya="0" hai0="56,38,64,89,105,58,55,135,12,94,15,95,34" hai1="71,131,99,132,44,96,59,14,127,128,49,51,17" hai2="102,77,11,110,8,46,74,52,2,114,54,18,32" hai3="134,39,133,76,124,82,63,28,30,5,53,69,21"/><T107/><D135/><U43/><E71/><V25/><F114/><W20/><G39/><T35/><D64/><U61/><E132/><N who="3" m="50794" /><G5/><T50/><D38/><U118/><E118/><V113/><F113/><W125/><G69/><T101/><D101/><U22/><E127/><N who="3" m="48714" /><G63/><T112/><D112/><U6/><E6/><V48/><F102/><W129/><G53/><T88/><D50/><U103/><E51/><V24/><F110/><W67/><G67/><T91/><D91/><U86/><E86/><V81/><F2/><W90/><G90/><T68/><D68/><U7/><E7/><V36/><F36/><W126/><G126/><T104/><D104/><U0/><E0/><V31/><F54/><AGARI ba="0,0" hai="12,15,34,35,54,55,56,58,88,89,94,95,105,107" machi="54" ten="25,4800,0" yaku="22,2,54,1" doraHai="120" who="0" fromWho="2" sc="250,48,250,0,250,-48,250,0" /><INIT seed="0,1,0,5,3,38" ten="298,250,202,250" oya="0" hai0="6,130,11,102,99,69,101,95,43,80,75,72,35" hai1="8,90,15,33,119,98,89,44,91,52,100,16,0" hai2="13,120,34,107,94,40,88,73,3,7,83,21,112" hai3="45,96,23,47,125,57,64,129,18,85,59,22,123"/><T86/><D130/><U67/><E119/><V117/><F112/><W63/><G125/><T31/><D69/><U93/><E33/><V49/><F120/><W113/><G113/><T2/><D101/><U36/><E0/><V41/><F34/><W32/><G32/><T111/><D111/><U128/><E128/><V81/><F107/><W42/><G123/><T124/><D124/><U4/><E67/><V56/><F3/><W25/><G47/><T28/><D35/><U84/><E36/><V70/><F70/><W103/><G85/><T30/><REACH who="0" step="1"/><D43/><REACH who="0" ten="288,250,202,250" step="2"/><N who="2" m="16458" /><F117/><W66/><G129/><T20/><D20/><U122/><E122/><V108/><F108/><W77/><G23/><T92/><D92/><U114/><E114/><V26/><F73/><W104/><G104/><T127/><D127/><U105/><REACH who="1" step="1"/><E4/><REACH who="1" ten="288,240,202,250" step="2"/><V74/><F7/><W17/><G64/><T135/><D135/><U48/><AGARI ba="1,2" hai="8,15,16,44,48,52,84,89,90,91,93,98,100,105" machi="48" ten="30,12000,2" yaku="1,1,2,1,0,1,54,2,53,1" doraHai="38" doraHaiUra="10" who="1" fromWho="1" sc="288,-61,240,143,202,-31,250,-31" /><INIT seed="1,0,0,1,4,73" ten="227,383,171,219" oya="1" hai0="4,55,42,46,15,13,101,30,109,0,50,54,79" hai1="64,36,80,113,103,38,41,39,43,29,44,27,66" hai2="59,60,99,24,104,31,93,129,61,11,52,119,102" hai3="118,53,135,65,21,72,77,67,94,49,71,107,91"/><U51/><E113/><V134/><F129/><W96/><G135/><T6/><D109/><U58/><E103/><V100/><F134/><W83/><G118/><T132/><D132/><U106/><E106/><V87/><F119/><W57/><G71/><T86/><D101/><U48/><E80/><V105/><F11/><W45/><G107/><T3/><D30/><U62/><E27/><V5/><F5/><N who="0" m="2154" /><D0/><U40/><E29/><V117/><F117/><W78/><G78/><T82/><D3/><U81/><E81/><V47/><F100/><W131/><G131/><T89/><D89/><U90/><E90/><V20/><F87/><W128/><G128/><T126/><D126/><U28/><E28/><V88/><F102/><W14/><G45/><T124/><D124/><U16/><E16/><V74/><F74/><W84/><G96/><T116/><D116/><U76/><E76/><V32/><F47/><W123/><G123/><T69/><D69/><N who="1" m="42135" /><E44/><V121/><F121/><W92/><G92/><T25/><D25/><U75/><E75/><V122/><F122/><W112/><G112/><T110/><D15/><U133/><E133/><V23/><REACH who="2" step="1"/><F61/><AGARI ba="0,0" hai="36,38,39,40,41,43,48,51,58,61,66" m="42135" machi="61" ten="40,12000,1" yaku="35,5" doraHai="73" who="1" fromWho="2" sc="227,0,383,120,171,-120,219,0" /><INIT seed="1,1,0,4,2,123" ten="227,503,51,219" oya="1" hai0="83,104,65,23,115,7,135,61,102,129,18,90,122" hai1="87,16,111,93,51,101,12,81,110,103,95,82,68" hai2="62,70,78,67,120,86,49,117,27,58,118,105,33" hai3="39,108,100,40,109,96,44,88,94,38,22,34,31"/><U50/><E68/><V55/><F120/><W56/><G34/><T53/><D115/><U89/><E82/><V54/><F78/><W71/><G71/><T76/><D90/><U36/><E36/><V15/><F86/><W17/><G31/><T42/><D42/><U64/><E64/><V29/><F15/><W43/><G56/><T41/><D41/><U66/><E66/><V99/><REACH who="2" step="1"/><F55/><REACH who="2" ten="227,503,41,219" step="2"/><W5/><G43/><T10/><D53/><U32/><E87/><V116/><F116/><W130/><G39/><T127/><D76/><U121/><E121/><V47/><F47/><W63/><G130/><T45/><D129/><U26/><E12/><V85/><F85/><W8/><G63/><T13/><D61/><U46/><E46/><V98/><F98/><W134/><G134/><T73/><D45/><U79/><E79/><V128/><F128/><W37/><G37/><T132/><D135/><U2/><E2/><V113/><F113/><W14/><REACH who="3" step="1"/><G100/><AGARI ba="1,1" hai="27,29,33,49,54,58,62,67,70,99,100,105,117,118" machi="100" ten="40,5200,0" yaku="1,1,25,2,53,0" doraHai="123" doraHaiUra="106" who="2" fromWho="3" sc="227,0,503,0,41,65,219,-55" /><INIT seed="2,0,0,5,5,38" ten="227,503,106,164" oya="2" hai0="54,47,120,58,86,15,8,10,29,82,70,122,60" hai1="95,110,62,41,42,26,61,126,135,2,31,19,40" hai2="37,130,132,67,88,127,90,98,102,39,83,11,100" hai3="78,66,13,116,52,96,25,93,119,106,34,73,91"/><V81/><F130/><W46/><G66/><T129/><D129/><U87/><E2/><V27/><F67/><W121/><G121/><T84/><D70/><U20/><E110/><V12/><F132/><W131/><G131/><T105/><D105/><U64/><E135/><V35/><F127/><W1/><G1/><T44/><D29/><U107/><E107/><V117/><F117/><W113/><G113/><T74/><D74/><U109/><E126/><V0/><F0/><W79/><G13/><T103/><D103/><U3/><E3/><V77/><F37/><W32/><G79/><T101/><D101/><U28/><E109/><V6/><F39/><W69/><G69/><T108/><D8/><U14/><E31/><V99/><F35/><W33/><G25/><T80/><D120/><U50/><E50/><V49/><F27/><W71/><G71/><T76/><D122/><U18/><E64/><V115/><F115/><W72/><G106/><T53/><D53/><U114/><E114/><V56/><F100/><W57/><G46/><T65/><D54/><U59/><E59/><V118/><F118/><W30/><G30/><T111/><D108/><U16/><E14/><V17/><F102/><W5/><G73/><T104/><D104/><U55/><E55/><N who="2" m="31855" /><F6/><W124/><G5/><N who="0" m="3535" /><D111/><U9/><E9/><V4/><F4/><W36/><G36/><T21/><D21/><U22/><E20/><V7/><F7/><W97/><G124/><T48/><D48/><U125/><E125/><V94/><F77/><AGARI ba="0,0" hai="44,47,58,60,65,76,77,80,82,84,86" m="3535" machi="77" ten="30,1000,0" yaku="8,1" doraHai="38" who="0" fromWho="2" sc="227,10,503,0,106,-10,164,0" /><INIT seed="3,0,0,0,5,4" ten="237,503,96,164" oya="3" hai0="90,52,74,100,77,99,128,64,82,14,9,76,69" hai1="102,19,58,92,45,40,120,125,89,113,63,26,86" hai2="71,103,47,124,29,23,111,28,8,110,16,21,115" hai3="87,68,6,30,95,59,116,60,97,7,54,117,50"/><W107/><G107/><T3/><D3/><U37/><E113/><V119/><F71/><W62/><G30/><N who="2" m="11881" /><F115/><W98/><G87/><T31/><D31/><U34/><E125/><V56/><F103/><W46/><G68/><T57/><D77/><U101/><E34/><V108/><F47/><W43/><G62/><T94/><D69/><U132/><E132/><V112/><F112/><W42/><G43/><T118/><D64/><U78/><E78/><V5/><F56/><W73/><G73/><T33/><D33/><U38/><E38/><V1/><F124/><W91/><G97/><T25/><D25/><U88/><E120/><V134/><F134/><W133/><G133/><T79/><D79/><U122/><E89/><V44/><F44/><W10/><REACH who="3" step="1"/><G7/><REACH who="3" ten="237,503,96,154" step="2"/><T83/><D74/><U65/><E122/><V0/><F119/><W22/><G22/><N who="2" m="8201" /><F16/><W49/><G49/><T93/><D118/><U11/><E19/><V85/><F85/><W72/><G72/><T126/><D126/><U75/><E75/><V66/><F66/><W53/><G53/><T114/><D52/><U131/><E65/><V13/><AGARI ba="0,1" hai="0,1,5,8,13,108,110,111" m="8201,11881" machi="13" ten="40,8000,1" yaku="14,1,34,2,52,1" doraHai="4" who="2" fromWho="2" sc="237,-20,503,-20,96,90,154,-40" /><INIT seed="4,0,0,3,1,43" ten="217,483,186,114" oya="0" hai0="40,107,58,134,128,98,46,99,71,110,56,94,113" hai1="85,104,97,25,78,21,35,2,39,84,60,52,92" hai2="3,31,108,80,125,8,29,57,115,24,63,95,54" hai3="82,1,90,81,93,114,68,87,62,14,47,26,41"/><T103/><D113/><U67/><E39/><V37/><F108/><W13/><G1/><T100/><D110/><U101/><E35/><V132/><F37/><W9/><G114/><T127/><D127/><U123/><E2/><V18/><F115/><W74/><G26/><T73/><D128/><U131/><E131/><V49/><F132/><W75/><G75/><T91/><D71/><U42/><E42/><V65/><F125/><W130/><G130/><T11/><D134/><U76/><E104/><V4/><F80/><W77/><G82/><T64/><D73/><U34/><E34/><V120/><F120/><W19/><G13/><T96/><D64/><U6/><E6/><V133/><F133/><W69/><REACH who="3" step="1"/><G62/><REACH who="3" ten="217,483,186,104" step="2"/><T118/><D118/><U22/><E25/><V32/><F3/><W20/><G20/><T124/><D124/><U16/><E22/><V79/><F24/><W17/><G17/><T44/><D107/><U45/><E21/><V55/><F18/><W105/><G105/><T122/><D11/><U135/><E16/><V12/><F8/><W66/><G66/><T53/><D122/><U0/><E135/><V111/><F65/><W50/><AGARI ba="0,1" hai="9,14,19,41,47,50,68,69,74,77,81,87,90,93" machi="50" ten="20,8000,1" yaku="1,1,0,1,7,1,52,1,53,1" doraHai="43" doraHaiUra="86" who="3" fromWho="3" sc="217,-40,483,-20,186,-20,104,90" /><INIT seed="5,0,0,3,0,107" ten="177,463,166,194" oya="1" hai0="71,86,34,24,61,38,83,45,49,112,29,35,41" hai1="22,67,132,10,48,7,85,25,76,103,43,2,74" hai2="21,77,30,68,56,93,57,62,84,89,40,51,96" hai3="16,12,78,31,4,32,3,60,92,82,134,52,97"/><U88/><E132/><V59/><F68/><W9/><G134/><T124/><D124/><U19/><E67/><V0/><F0/><W54/><G60/><T87/><D112/><U75/><E103/><V117/><F117/><W102/><G31/><T126/><D126/><U130/><E76/><V116/><F116/><W95/><G95/><T120/><D120/><U121/><E130/><V114/><F114/><W13/><G32/><T104/><D104/><U110/><E110/><V50/><F62/><W115/><G115/><T131/><D131/><U123/><E121/><V65/><F65/><W100/><G100/><T28/><D61/><U81/><REACH who="1" step="1"/><E123/><REACH who="1" ten="177,453,166,194" step="2"/><V94/><F77/><W111/><G111/><T109/><D109/><U55/><E55/><V26/><REACH who="2" step="1"/><F40/><REACH who="2" ten="177,453,156,194" step="2"/><W70/><G70/><T98/><D71/><U33/><E33/><V73/><F73/><W53/><REACH who="3" step="1"/><G16/><REACH who="3" ten="177,453,156,184" step="2"/><T80/><D35/><U20/><E20/><V5/><F5/><W1/><G1/><T105/><D34/><U129/><E129/><V47/><F47/><AGARI ba="0,3" hai="2,7,10,19,22,25,43,47,48,74,75,81,85,88" machi="47" ten="40,12000,1" yaku="1,1,52,2,54,1,53,0" doraHai="107" doraHaiUra="128" who="1" fromWho="2" sc="177,0,453,150,156,-120,184,0" /><INIT seed="5,1,0,0,2,99" ten="177,603,36,184" oya="1" hai0="46,21,110,19,118,43,36,66,104,1,65,107,85" hai1="7,60,69,29,47,84,89,73,74,132,12,86,96" hai2="11,101,133,16,34,57,80,122,116,6,72,44,59" hai3="130,27,52,35,48,128,26,98,20,3,13,54,78"/><U30/><E132/><V113/><F116/><W56/><G3/><T109/><D118/><U131/><E131/><N who="3" m="50218" /><G78/><T127/><D1/><U79/><E96/><V114/><F122/><W87/><G87/><T15/><D127/><U10/><E47/><V14/><F34/><W9/><G35/><T90/><D66/><U39/><E39/><V120/><F120/><W22/><G54/><T75/><D65/><U8/><E60/><V100/><F44/><W106/><G26/><T115/><D115/><N who="2" m="44042" /><F133/><W81/><G81/><T62/><D62/><U95/><E79/><N who="2" m="44135" /><F6/><N who="3" m="3255" /><G27/><T117/><D117/><U4/><E12/><V97/><F101/><AGARI ba="1,0" hai="20,22,48,52,56,98,101,106" m="3255,50218" machi="101" ten="30,3900,0" yaku="19,1,52,1,54,1" doraHai="99" who="3" fromWho="2" sc="177,0,603,0,36,-42,184,42" owari="177,-22.0,603,70.0,-6,-51.0,226,3.0" /></mjloggm>