<mjloggm ver="2.3"><GO type="185" lobby="0"/><UN n0="%E6%9D%B1%E9%B3%B3" n1="%4B%6F%4B%4B%4F" n2="%E2%99%AA%E5%A4%A2%E5%85%88%E6%A1%88%E5%86%85%E4%BA%BA" n3="" dan="17,16,16,0" rate="2257.79,2194.37,2223.94,1500.00" sx="M,M,F,C"/><TAIKYOKU oya="0"/><INIT seed="0,0,0,2,5,70" ten="350,350,350,0" oya="0" hai0="118,72,56,0,102,59,135,47,82,112,69,86,40" hai1="108,41,37,36,71,115,98,57,65,89,123,53,90" hai2="132,33,110,127,44,1,91,121,120,87,35,109,77" hai3=""/><T63/><D112/><U61/><N who="1" m="31520" /><U83/><E115/><V130/><N who="2" m="30752" /><V55/><N who="2" m="31008" /><V76/><F1/><T62/><D118/><U2/><E2/><V133/><F127/><T114/><D114/><U124/><E124/><V43/><F130/><T111/><D72/><U58/><E58/><V113/><F55/><T117/><D117/><U92/><E108/><N who="2" m="41579" /><F113/><T95/><D111/><U73/><E41/><V84/><F76/><T74/><D0/><U52/><E53/><V79/><F79/><T100/><D135/><N who="2" m="51786" /><F77/><T3/><D3/><U85/><REACH who="1" step="1"/><E73/><REACH who="1" ten="350,340,350,0" step="2"/><V51/><F84/><T68/><D86/><U103/><E103/><V67/><F67/><T104/><D102/><U126/><E126/><V39/><F33/><T80/><D100/><U134/><E134/><V119/><F35/><T38/><D74/><U88/><E88/><V66/><F66/><T93/><D40/><U54/><E54/><V125/><F125/><T101/><D101/><U106/><E106/><V42/><F119/><T107/><D47/><U32/><E32/><V122/><N who="2" m="31264" /><V45/><F87/><T64/><D64/><U46/><E46/><V97/><F91/><T96/><D96/><AGARI ba="0,1" hai="39,42,43,44,45,51,96,97" m="31264,51786,41579,31008,30752" machi="96" ten="30,12000,2" yaku="14,1,20,1,52,4" doraHai="70" who="2" fromWho="0" sc="350,-120,340,0,350,130,0,0" /><INIT seed="1,0,0,0,3,41" ten="230,340,480,0" oya="1" hai0="121,86,72,66,45,129,64,114,119,47,68,67,75" hai1="90,83,82,97,91,52,132,43,39,105,50,98,126" hai2="93,134,62,87,46,38,3,71,37,120,112,115,42" hai3=""/><U81/><E126/><V55/><N who="2" m="30752" /><V44/><F3/><T56/><N who="0" m="31008" /><T131/><D68/><U106/><E132/><V109/><F134/><T63/><D114/><N who="2" m="43562" /><F109/><T123/><N who="0" m="31520" /><T40/><D119/><U130/><E130/><N who="0" m="49673" /><D86/><U99/><E39/><N who="2" m="14859" /><F42/><T57/><D40/><U34/><E43/><V88/><F55/><T84/><D84/><U49/><E34/><V100/><F100/><T54/><D57/><U102/><E49/><V107/><F107/><T124/><D124/><U133/><E133/><V110/><F110/><T85/><D85/><U95/><E106/><V89/><F89/><T128/><D128/><U117/><E117/><V116/><F116/><T61/><D61/><U36/><E36/><V69/><F62/><T96/><D96/><U33/><E33/><V108/><F108/><T74/><AGARI ba="0,0" hai="45,47,54,56,63,64,66,67,72,74,75" m="49673,31520,31008" machi="74" ten="40,6000,1" yaku="19,1,52,4" doraHai="41" who="0" fromWho="0" sc="230,60,340,-40,480,-20,0,0" /><INIT seed="2,0,0,3,5,121" ten="290,300,460,0" oya="2" hai0="1,129,120,64,39,47,109,45,111,43,90,44,96" hai1="99,118,119,65,40,59,116,56,130,76,58,91,63" hai2="98,48,110,122,100,42,92,87,37,132,50,81,105" hai3=""/><V102/><N who="2" m="31264" /><V38/><F132/><T127/><N who="0" m="30752" /><T60/><D1/><U73/><E130/><V57/><F50/><T133/><D129/><U103/><E40/><V126/><F126/><T101/><D133/><U123/><N who="1" m="31520" /><U32/><E32/><V41/><F110/><N who="0" m="41994" /><D90/><U78/><E91/><V72/><F72/><T55/><D55/><U104/><REACH who="1" step="1"/><E73/><REACH who="1" ten="290,290,460,0" step="2"/><V66/><F41/><T97/><D127/><U69/><AGARI ba="0,1" hai="56,58,59,63,65,69,76,78,99,103,104,116,118,119" m="31520" machi="69" ten="40,9000,2" yaku="1,1,2,1,0,1,12,1,52,1,53,2" doraHai="121" doraHaiUra="75" who="1" fromWho="1" sc="290,-30,290,100,460,-60,0,0" /><INIT seed="4,0,0,4,5,55" ten="260,390,400,0" oya="0" hai0="66,118,124,76,51,135,40,129,77,83,117,116,94" hai1="86,134,65,113,108,131,112,132,130,97,3,93,75" hai2="109,102,89,111,60,49,46,126,90,32,2,35,128" hai3=""/><T107/><D124/><U123/><N who="1" m="31520" /><U61/><E75/><V71/><F128/><N who="1" m="49193" /><E86/><V37/><F37/><T34/><D129/><U67/><E3/><V121/><N who="2" m="31008" /><V42/><F126/><T98/><D135/><N who="1" m="51755" /><E108/><V70/><F102/><T56/><D34/><U33/><E33/><V99/><F2/><T36/><D107/><U73/><E73/><V114/><F99/><T91/><D36/><U87/><E87/><V96/><F96/><T58/><D66/><N who="1" m="25099" /><E61/><V81/><F60/><T74/><REACH who="0" step="1"/><D77/><REACH who="0" ten="250,390,400,0" step="2"/><U82/><E82/><V115/><F81/><T125/><D125/><U43/><E43/><V41/><F32/><T133/><D133/><U38/><E38/><V79/><F35/><T103/><D103/><AGARI ba="0,1" hai="93,97,103,112,113" m="25099,51755,49193,31520" machi="103" ten="40,5200,0" yaku="19,1,20,1,52,1" doraHai="55" who="1" fromWho="0" sc="250,-52,390,62,400,0,0,0" /><INIT seed="5,0,0,0,0,53" ten="198,452,400,0" oya="1" hai0="135,130,73,74,83,2,44,39,92,129,111,94,61" hai1="71,99,59,77,36,132,43,105,113,98,127,38,3" hai2="104,35,75,48,91,110,115,90,119,51,128,81,101" hai3=""/><U118/><E71/><V126/><F110/><T116/><D2/><U107/><E118/><V54/><F35/><T96/><D61/><U100/><E3/><V89/><F119/><T52/><D116/><U69/><E69/><V108/><F108/><T55/><D111/><U58/><E113/><V67/><F126/><T50/><D39/><U123/><N who="1" m="31520" /><U56/><E127/><V121/><N who="2" m="31008" /><V46/><F128/><T84/><D135/><U97/><E132/><V109/><F67/><T87/><D96/><U33/><E33/><V112/><F101/><T45/><D50/><U120/><N who="1" m="30752" /><U82/><E43/><V68/><F104/><T0/><D0/><U42/><E42/><V40/><F68/><T62/><D62/><U47/><E47/><V122/><N who="2" m="31264" /><V32/><F32/><T78/><REACH who="0" step="1"/><D83/><REACH who="0" ten="188,452,400,0" step="2"/><U76/><E97/><V37/><F109/><T85/><D85/><U63/><E63/><V72/><F37/><T41/><D41/><U80/><E36/><V60/><F60/><T106/><D106/><U88/><E38/><V86/><F115/><T79/><AGARI ba="0,1" hai="44,45,52,55,73,74,78,79,84,87,92,94,129,130" machi="79" ten="25,6000,1" yaku="1,1,0,1,22,2,54,1,53,0" doraHai="53" doraHaiUra="134" who="0" fromWho="0" sc="188,70,452,-40,400,-20,0,0" /><INIT seed="6,0,0,4,0,92" ten="258,412,380,0" oya="2" hai0="65,129,77,96,99,125,133,113,93,102,111,1,3" hai1="91,104,89,47,34,110,0,94,122,82,51,85,81" hai2="75,50,114,86,43,61,52,56,63,33,115,55,119" hai3=""/><V38/><F119/><T74/><D111/><U44/><N who="1" m="31264" /><U120/><N who="1" m="30752" /><U76/><E34/><V121/><N who="2" m="31008" /><V88/><F75/><T66/><D125/><U64/><E0/><V35/><F38/><T57/><D133/><U73/><E104/><V45/><F33/><T80/><D129/><U48/><E64/><V126/><F126/><T71/><D71/><U59/><E110/><V97/><F97/><T37/><D37/><U42/><E59/><V131/><F131/><T40/><D40/><U90/><E94/><V67/><F35/><T49/><D113/><N who="2" m="43018" /><F61/><T32/><D32/><U46/><E46/><V84/><F84/><T101/><D49/><U54/><AGARI ba="0,0" hai="42,44,47,48,51,54,73,76,81,82,85,89,90,91" m="30752,31264" machi="54" ten="20,3900,0" yaku="0,1,7,1,52,2" doraHai="92" who="1" fromWho="1" sc="258,-13,412,39,380,-26,0,0" owari="245,-35.0,451,40.0,354,-5.0,0,0.0" /></mjloggm>