<mjloggm ver="2.3"><GO type="169" lobby="0"/><UN n0="%E3%81%8B%E3%81%A5%E3%81%8D%EF%BC%B8%EF%BC%A9" n1="%E9%9B%A8%E6%9C%88%E3%81%A4%E3%82%86" n2="%E3%83%9F%E3%83%8D%E3%83%A9%E3%83%AB" n3="%E3%81%98%E3%82%87%E3%81%AB%E3%81%8A%E3%82%93%EF%BC%81%EF%BC%81" dan="16,16,16,18" rate="2099.97,2134.63,2174.30,2264.73" sx="M,M,M,M"/><TAIKYOKU oya="0"/><INIT seed="0,0,0,0,3,71" ten="250,250,250,250" oya="0" hai0="0,24,1,14,83,30,84,54,34,50,117,87,80" hai1="104,74,96,105,121,112,47,132,25,108,64,86,98" hai2="8,32,22,31,110,48,16,109,45,72,60,68,67" hai3="62,111,70,38,29,20,27,134,7,97,75,131,55"/><T106/><D106/><U59/><E121/><V53/><F72/><W99/><G75/><T129/><D117/><U100/><E74/><V123/><F123/><W39/><G111/><T73/><D129/><U122/><E108/><V79/><F79/><W12/><G131/><T28/><D14/><U19/><E122/><V107/><F107/><W101/><G134/><T58/><D73/><U102/><E112/><V40/><F8/><W133/><G133/><T9/><D9/><U127/><E132/><V65/><F65/><W61/><G61/><T3/><REACH who="0" step="1"/><D30/><REACH who="0" ten="240,250,250,250" step="2"/><U85/><E127/><V11/><F11/><W17/><G29/><T52/><D52/><U113/><E113/><V37/><F31/><W13/><G55/><T92/><D92/><U42/><E25/><V15/><REACH who="2" step="1"/><F32/><REACH who="2" ten="240,250,240,250" step="2"/><W36/><G7/><T46/><D46/><AGARI ba="0,2" hai="15,16,22,37,40,45,46,48,53,60,67,68,109,110" machi="46" ten="40,8000,1" yaku="1,1,2,1,52,1,54,1,53,0" doraHai="71" doraHaiUra="2" who="2" fromWho="0" sc="240,-80,250,0,240,100,250,0" /><INIT seed="1,0,0,2,1,74" ten="160,250,340,250" oya="1" hai0="24,105,82,49,115,89,7,94,68,133,51,48,112" hai1="123,95,31,64,111,52,119,38,28,101,96,80,6" hai2="108,39,75,126,10,11,73,40,17,8,2,116,18" hai3="93,55,19,12,113,91,110,35,102,15,1,71,103"/><U37/><E119/><V42/><F116/><W22/><G113/><T117/><D105/><U67/><E123/><V60/><F108/><W33/><G1/><T69/><D117/><U54/><E6/><V70/><F2/><W122/><G71/><T3/><D133/><U36/><E111/><V44/><F42/><W23/><G110/><T13/><D3/><U41/><E41/><V47/><F47/><W107/><G122/><T16/><D7/><U58/><E80/><V120/><F120/><W50/><G107/><T131/><D131/><U125/><E125/><V130/><F130/><W26/><G33/><T106/><D106/><U100/><E100/><V65/><REACH who="2" step="1"/><F126/><REACH who="2" ten="160,250,330,250" step="2"/><W83/><G12/><T34/><D112/><U90/><E101/><V76/><F76/><W114/><G102/><T87/><D115/><U32/><E32/><V43/><F43/><W92/><G35/><T45/><D45/><U20/><E54/><V77/><F77/><W61/><G55/><T85/><D34/><U0/><E0/><V59/><F59/><W46/><G46/><T81/><D68/><U66/><REACH who="1" step="1"/><E20/><REACH who="1" ten="160,240,330,250" step="2"/><V135/><F135/><W109/><G103/><T118/><D118/><U88/><E88/><V30/><F30/><W5/><G109/><T127/><D127/><U84/><E84/><V129/><F129/><W86/><G114/><T72/><D87/><U99/><E99/><V27/><F27/><W63/><G86/><T56/><D24/><U124/><E124/><V62/><F62/><AGARI ba="0,2" hai="28,31,36,37,38,52,58,62,64,66,67,90,95,96" machi="62" ten="50,4800,0" yaku="1,1,54,1,53,0" doraHai="74" doraHaiUra="97" who="1" fromWho="2" sc="160,0,240,68,330,-48,250,0" /><INIT seed="1,1,0,1,5,50" ten="160,308,282,250" oya="1" hai0="110,9,61,79,132,76,64,2,8,15,40,42,119" hai1="34,10,127,65,3,56,46,30,35,72,95,93,114" hai2="75,47,31,39,28,83,48,5,82,89,126,135,23" hai3="43,133,18,26,45,134,37,102,109,24,70,0,91"/><U16/><E127/><V112/><F126/><W101/><G0/><T97/><D119/><U51/><E114/><V115/><F39/><W94/><G70/><T87/><D110/><U86/><E72/><V122/><F122/><W96/><G109/><T38/><D132/><N who="3" m="50793" /><G18/><T1/><D38/><U124/><E124/><V131/><F131/><W13/><G13/><T73/><D73/><U130/><E130/><V53/><F135/><W6/><G6/><T14/><D87/><U74/><E74/><V11/><F23/><W67/><G67/><T125/><D64/><U111/><E3/><V12/><F75/><W62/><G62/><T85/><D85/><U71/><E71/><V116/><F116/><W17/><G17/><T68/><D68/><U27/><E35/><V54/><F31/><W57/><G57/><T113/><D125/><U77/><E111/><V103/><F28/><W32/><G32/><T117/><D117/><U98/><E65/><V92/><F54/><W36/><G36/><T44/><D113/><N who="2" m="43594" /><F103/><AGARI ba="1,0" hai="24,26,37,43,45,91,94,96,101,102,103" m="50793" machi="103" ten="30,1000,0" yaku="20,1" doraHai="50" who="3" fromWho="2" sc="160,0,308,0,282,-13,250,13" /><INIT seed="2,0,0,0,3,132" ten="160,308,269,263" oya="2" hai0="82,18,124,83,53,41,46,64,93,98,42,47,25" hai1="35,127,106,91,116,48,51,40,134,29,43,86,59" hai2="56,44,125,130,5,113,120,10,24,108,104,12,102" hai3="27,80,6,54,89,45,13,4,97,105,26,88,61"/><V77/><F120/><W96/><G105/><T117/><D64/><U68/><E106/><V135/><F113/><W75/><G75/><T73/><D117/><U107/><E107/><V133/><F77/><W110/><G110/><T37/><D73/><U111/><E111/><V123/><F123/><W76/><G76/><T70/><D53/><U21/><E68/><V17/><F44/><W92/><G80/><T126/><D70/><U119/><E35/><V9/><F56/><N who="3" m="34967" /><G45/><T31/><D18/><U71/><E71/><V112/><F112/><W11/><G4/><T0/><D0/><U39/><E39/><V62/><F62/><W32/><G32/><T15/><D15/><U128/><E134/><N who="2" m="51211" /><F108/><W99/><G89/><T14/><D14/><U28/><E128/><V2/><F24/><AGARI ba="0,0" hai="6,11,13,24,26,27,88,92,96,97,99" m="34967" machi="24" ten="30,2000,0" yaku="8,1,54,1" doraHai="132" who="3" fromWho="2" sc="160,0,308,0,269,-20,263,20" /><INIT seed="3,0,0,3,5,50" ten="160,308,249,283" oya="3" hai0="37,71,21,131,51,80,110,126,88,20,119,28,103" hai1="40,10,54,27,11,77,111,109,79,69,67,39,105" hai2="78,127,63,128,26,133,56,0,101,2,116,58,83" hai3="134,49,36,74,55,130,53,112,118,22,123,38,60"/><W59/><G74/><T18/><D37/><N who="3" m="14441" /><G22/><T72/><D71/><U92/><E105/><V91/><F116/><W81/><G81/><T24/><D110/><N who="1" m="41995" /><E67/><V29/><F101/><W65/><G118/><T19/><D119/><U31/><E69/><V117/><F133/><W66/><G123/><T32/><D126/><U14/><E92/><V17/><F127/><W3/><G3/><T61/><D131/><U68/><E68/><V5/><F128/><W42/><G134/><T33/><D61/><U76/><E40/><V75/><F63/><N who="3" m="38143" /><G130/><T44/><D103/><U96/><E96/><V43/><F83/><W87/><G87/><N who="0" m="50279" /><D72/><U30/><E30/><V86/><F29/><W90/><G90/><T94/><D33/><N who="1" m="20735" /><E39/><V35/><F35/><W108/><G108/><T85/><D32/><U6/><E11/><V34/><F34/><W62/><G112/><T97/><D21/><U1/><E1/><V41/><F2/><W16/><G16/><N who="0" m="6187" /><D97/><U122/><E122/><V89/><F0/><W57/><G62/><T99/><D99/><U98/><E98/><V114/><F117/><W95/><G95/><T120/><D120/><U70/><E76/><V73/><F78/><W48/><G48/><T23/><D23/><U100/><E77/><V125/><F75/><W102/><G102/><T46/><D51/><U107/><E79/><V93/><F73/><W52/><G42/><T104/><D104/><U84/><E100/><V129/><F43/><W106/><G106/><T45/><D94/><U132/><E107/><V25/><F93/><W13/><G13/><T15/><D15/><RYUUKYOKU ba="0,0" sc="160,15,308,-15,249,-15,283,15" hai0="20,24,28,44,45,46,85" hai3="49,52,53,55,57,60,66" /><INIT seed="3,1,0,0,5,103" ten="175,293,234,298" oya="3" hai0="55,54,64,125,117,34,101,41,65,130,89,24,37" hai1="119,30,115,93,58,1,123,82,107,127,39,19,63" hai2="43,48,132,16,11,2,78,47,23,38,110,120,59" hai3="80,85,116,96,124,77,60,133,94,134,21,42,66"/><W52/><G116/><T83/><D117/><U75/><E119/><V104/><F110/><W105/><G105/><T36/><D125/><U44/><E1/><V108/><F108/><W131/><G124/><T70/><D130/><U106/><E123/><V57/><F132/><N who="3" m="50795" /><G42/><T84/><D101/><U4/><E115/><V51/><F104/><W40/><G40/><T29/><D41/><U71/><E4/><V69/><F69/><N who="3" m="42183" /><G21/><T26/><D26/><U67/><E39/><V13/><F120/><W129/><G52/><T5/><D70/><U109/><E109/><V100/><F38/><W7/><G7/><T97/><D37/><U135/><E135/><V111/><F111/><W14/><G14/><T74/><D36/><U113/><E113/><V35/><F35/><W31/><G31/><T122/><D5/><U9/><E30/><V128/><F51/><W121/><G121/><T0/><D0/><U20/><E9/><V27/><F2/><W61/><G61/><T28/><D122/><U62/><E127/><V25/><F11/><W22/><G22/><T88/><D29/><U73/><E44/><V92/><F27/><W81/><G81/><T8/><D8/><U98/><E82/><V90/><F25/><W50/><G50/><T12/><D12/><N who="1" m="9319" /><E75/><V79/><F47/><W114/><G114/><T46/><D74/><U99/><E73/><V45/><F45/><W49/><G49/><N who="0" m="28983" /><D55/><N who="1" m="34143" /><E93/><V95/><F23/><W18/><G18/><T68/><D68/><U86/><E86/><V126/><F16/><W3/><G3/><T118/><D118/><U15/><E15/><RYUUKYOKU ba="1,0" sc="175,10,293,10,234,-30,298,10" hai0="24,28,34,64,65,83,84,88,89,97" hai1="63,67,71,98,99,106,107" hai3="77,80,85,94,96,129,131" /><INIT seed="3,2,0,5,2,9" ten="185,303,204,308" oya="3" hai0="24,79,19,30,114,99,8,47,102,129,77,2,6" hai1="5,127,98,126,133,67,97,53,1,73,90,59,81" hai2="74,58,63,121,115,96,75,34,109,106,105,56,62" hai3="42,120,128,111,25,39,78,104,61,33,131,26,13"/><W18/><G120/><T11/><D114/><U130/><E67/><V43/><F115/><W110/><G104/><T50/><D129/><N who="3" m="49737" /><G78/><T48/><D50/><U0/><E130/><V82/><F34/><W124/><G124/><N who="1" m="47658" /><E133/><V21/><F43/><W3/><G3/><N who="1" m="1098" /><E5/><V37/><F121/><W112/><G112/><T86/><D86/><N who="1" m="50511" /><E73/><V84/><F75/><W40/><G61/><AGARI ba="2,0" hai="53,59,61,97,98" m="50511,1098,47658" machi="61" ten="30,1000,0" yaku="18,1" doraHai="9" who="1" fromWho="3" sc="185,0,303,16,204,0,308,-16" /><INIT seed="4,0,0,2,5,85" ten="185,319,204,292" oya="0" hai0="48,113,19,120,31,23,50,44,100,29,6,22,69" hai1="75,125,61,99,4,98,7,16,3,82,46,130,129" hai2="88,5,74,67,26,90,103,42,32,56,13,114,128" hai3="95,52,12,89,76,54,71,57,0,49,87,124,104"/><T28/><D69/><U37/><E61/><N who="2" m="38311" /><F74/><W121/><G0/><T83/><D113/><U94/><E125/><V106/><F106/><W65/><G104/><T135/><D120/><U110/><E110/><V86/><F114/><W59/><G124/><T102/><D135/><U133/><E133/><V112/><F112/><W115/><G115/><T41/><D6/><U2/><E75/><V118/><F128/><N who="1" m="49257" /><E82/><V122/><F122/><W117/><G117/><T9/><D83/><U81/><E81/><V27/><F32/><W35/><G35/><T34/><D34/><U72/><E72/><V111/><F111/><W15/><G121/><T70/><D70/><U43/><E99/><V25/><F118/><W91/><G76/><T80/><D80/><U127/><E127/><V1/><F1/><N who="1" m="9" /><E16/><V119/><F119/><W79/><G79/><T63/><D63/><U47/><E47/><V116/><F116/><W77/><G77/><T92/><D50/><U10/><E10/><N who="2" m="4303" /><F103/><AGARI ba="0,0" hai="4,7,37,43,46,94,98,103" m="9,49257" machi="103" ten="30,1000,0" yaku="19,1" doraHai="85" who="1" fromWho="2" sc="185,0,319,10,204,-10,292,0" /><INIT seed="5,0,0,0,2,29" ten="185,329,194,292" oya="1" hai0="79,54,40,50,122,101,33,85,22,7,16,55,118" hai1="70,60,19,23,36,59,9,15,26,112,93,64,25" hai2="82,120,131,97,49,83,125,133,66,5,76,6,48" hai3="11,10,28,41,1,13,96,44,108,31,119,116,123"/><U94/><E112/><V53/><F120/><W84/><G123/><T0/><D118/><N who="3" m="45097" /><G108/><T109/><D109/><U42/><E26/><V105/><F131/><W86/><G96/><T80/><D122/><U32/><E32/><V20/><F66/><W51/><G1/><T92/><D33/><U78/><E78/><V65/><F65/><W47/><G47/><N who="0" m="25959" /><D7/><U37/><E59/><V126/><F49/><W110/><G10/><T18/><D0/><U90/><E42/><V77/><F20/><W95/><G110/><T104/><D104/><U27/><E27/><V89/><F133/><W81/><G95/><T69/><D69/><U102/><E102/><V24/><F24/><W3/><G3/><T46/><D46/><U128/><E94/><N who="2" m="56527" /><F105/><W43/><G43/><T52/><D22/><U75/><E128/><V62/><F62/><W34/><G86/><T4/><D4/><N who="2" m="1642" /><F77/><N who="3" m="46127" /><G34/><T132/><D132/><U12/><E75/><V115/><F115/><W106/><G106/><T8/><D8/><U135/><E135/><V2/><F2/><W58/><G58/><T57/><D57/><U63/><E63/><V68/><F68/><W117/><G117/><T127/><D127/><N who="2" m="48650" /><F76/><W103/><G103/><T134/><D134/><U73/><E73/><V56/><AGARI ba="0,0" hai="48,53,56,82,83" m="48650,1642,56527" machi="56" ten="30,1100,0" yaku="18,1" doraHai="29" who="2" fromWho="2" sc="185,-3,329,-5,194,11,292,-3" /><INIT seed="6,0,0,1,2,42" ten="182,324,205,289" oya="2" hai0="16,131,48,69,99,87,8,34,19,44,130,65,70" hai1="2,94,32,114,17,43,82,132,96,14,90,39,21" hai2="47,105,22,5,0,38,83,101,51,1,41,116,55" hai3="36,79,126,54,124,31,40,95,125,102,106,64,72"/><V68/><F116/><W3/><G3/><T119/><D34/><U56/><E114/><V27/><F68/><W92/><G64/><T30/><D30/><U109/><E109/><V97/><F83/><N who="3" m="45543" /><G31/><T89/><D99/><U112/><E112/><V77/><F77/><W29/><G29/><T57/><D57/><U123/><E32/><V104/><F5/><W80/><G80/><N who="0" m="49383" /><D119/><U66/><E2/><V37/><F105/><W134/><G134/><T98/><D98/><U53/><E132/><V117/><F117/><W11/><G11/><T52/><D65/><U120/><E66/><V4/><F4/><W85/><G85/><T74/><D74/><U121/><E82/><V35/><F35/><W75/><G75/><T13/><D19/><U71/><E71/><AGARI ba="0,0" hai="8,13,16,44,48,52,69,70,71,130,131" m="49383" machi="71" ten="30,7700,0" yaku="25,1,52,1,54,2" doraHai="42" who="0" fromWho="1" sc="182,77,324,-77,205,0,289,0" /><INIT seed="7,0,0,2,2,84" ten="259,247,205,289" oya="3" hai0="109,87,9,66,78,95,21,100,124,76,57,65,72" hai1="14,117,54,105,133,7,43,30,125,94,18,49,48" hai2="75,47,108,2,111,4,106,96,107,103,68,53,115" hai3="59,89,116,93,74,118,44,129,114,104,122,28,64"/><W135/><G122/><T61/><D109/><U12/><E105/><V102/><F115/><W15/><G74/><T10/><D72/><U34/><E125/><V11/><F68/><W132/><G104/><T33/><D33/><U60/><E133/><N who="3" m="51274" /><G114/><T0/><D0/><U120/><E120/><V70/><F70/><W77/><G77/><N who="0" m="29803" /><D65/><U128/><E34/><V85/><F75/><W27/><G15/><T26/><D124/><U92/><E30/><V29/><F29/><W6/><G6/><T130/><D130/><U16/><E7/><V58/><F47/><W82/><G82/><T112/><D112/><U20/><E128/><V99/><REACH who="2" step="1"/><F85/><REACH who="2" ten="259,247,195,289" step="2"/><N who="3" m="52399" /><G44/><T88/><D100/><U35/><E117/><V24/><F24/><W42/><G129/><T22/><D26/><U69/><E69/><V3/><F3/><W126/><G126/><T45/><D45/><N who="1" m="25663" /><E35/><V86/><F86/><W19/><G28/><T62/><D61/><AGARI ba="0,1" hai="2,4,11,53,58,61,96,99,102,103,106,107,108,111" machi="61" ten="30,3900,0" yaku="1,1,7,1,9,1,53,0" doraHai="84" doraHaiUra="73" who="2" fromWho="0" sc="259,-39,247,0,195,49,289,0" /><INIT seed="8,0,0,5,2,18" ten="220,247,244,289" oya="0" hai0="5,103,75,131,57,58,130,8,69,23,113,134,70" hai1="36,11,2,38,9,3,15,1,110,126,62,0,116" hai2="112,32,41,48,51,63,117,13,49,109,115,17,94" hai3="97,6,19,39,42,52,84,90,40,107,127,37,121"/><T73/><D113/><U120/><E110/><V71/><F109/><W96/><G127/><T26/><D103/><U102/><E120/><V93/><F32/><W108/><G108/><T45/><D45/><U81/><E102/><V16/><F41/><N who="3" m="15979" /><G37/><T21/><D26/><U67/><E126/><V54/><F117/><W92/><G39/><T25/><D25/><U118/><E81/><V95/><F71/><N who="0" m="27146" /><D8/><N who="1" m="3147" /><E15/><V79/><F79/><W66/><G6/><T111/><D5/><U22/><E22/><N who="0" m="8201" /><D134/><U124/><E124/><V68/><F68/><W122/><G19/><N who="2" m="7241" /><F115/><W47/><G107/><T83/><D83/><U34/><N who="1" m="0" /><DORA hai="20" /><U114/><E34/><V128/><F112/><W123/><G66/><T14/><D14/><U56/><E114/><V35/><F35/><W7/><G7/><T99/><D99/><U100/><E100/><V61/><F13/><W135/><G135/><T87/><D87/><U105/><E105/><V64/><F64/><W44/><G44/><T24/><D24/><U77/><E77/><V76/><F76/><W65/><G65/><T53/><D53/><U82/><E82/><V74/><F54/><W132/><G132/><T27/><D27/><U101/><E101/><V31/><F95/><W55/><G55/><T59/><D111/><U43/><E43/><V91/><F94/><W72/><G72/><AGARI ba="0,0" hai="57,58,59,72,73,75,130,131" m="8201,27146" machi="72" ten="40,12000,1" yaku="28,2,52,3" doraHai="18,20" who="0" fromWho="3" sc="220,120,247,0,244,0,289,-120" owari="340,44.0,247,5.0,244,-16.0,169,-33.0" /></mjloggm>