<mjloggm ver="2.3"><GO type="169" lobby="0"/><UN n0="%E9%A2%A8%E8%BB%8A%E3%81%AE%E7%B5%B5%E7%90%86%E5%AD%90" n1="%E3%82%AB%E3%82%B6%E3%83%A9%E3%82%AD" n2="%61%6D%61%69%6B%61" n3="%44%27%73%2D%E3%82%B9%E3%82%BF%E3%82%B8%E3%82%AA" dan="16,18,16,16" rate="2082.48,2229.33,2166.50,2031.37" sx="F,M,M,M"/><TAIKYOKU oya="0"/><INIT seed="0,0,0,0,2,13" ten="250,250,250,250" oya="0" hai0="86,38,85,111,9,62,90,2,127,49,135,129,47" hai1="128,25,17,50,78,95,84,18,70,19,55,71,41" hai2="79,98,102,113,46,59,8,77,81,63,6,30,99" hai3="94,28,58,12,22,23,0,80,122,108,104,118,91"/><T130/><D38/><U48/><E128/><N who="0" m="49257" /><D127/><U92/><E71/><V37/><F113/><W114/><G108/><T105/><D105/><U31/><E70/><V4/><F37/><W14/><G118/><T120/><D120/><U123/><E123/><V74/><F77/><W131/><G0/><T121/><D121/><U3/><E3/><V75/><F46/><W115/><G122/><T125/><D125/><U133/><E133/><V39/><F39/><W44/><G104/><T34/><D34/><U101/><E41/><V69/><F69/><W26/><G131/><T21/><D135/><U110/><E110/><V87/><F30/><W20/><G44/><T24/><D62/><U56/><E50/><V89/><F98/><W61/><G80/><T45/><D45/><U116/><E116/><V132/><F132/><W68/><G68/><T33/><D33/><U107/><E107/><V15/><F4/><W29/><G115/><T117/><D90/><U32/><REACH who="1" step="1"/><E101/><REACH who="1" ten="250,240,250,250" step="2"/><V124/><F124/><W72/><G114/><T7/><D117/><U97/><E97/><V66/><REACH who="2" step="1"/><F79/><REACH who="2" ten="250,240,240,250" step="2"/><W109/><G109/><T1/><D111/><U16/><N who="1" m="4096" /><DORA hai="57" /><U93/><E93/><AGARI ba="0,2" hai="6,8,15,59,63,66,74,75,81,87,89,93,99,102" machi="93" ten="30,3900,0" yaku="1,1,7,1,52,1,53,0" doraHai="13,57" doraHaiUra="126,27" who="2" fromWho="1" sc="250,0,240,-39,240,59,250,0" /><INIT seed="1,0,0,1,0,117" ten="250,201,299,250" oya="1" hai0="21,68,54,133,36,8,12,15,32,44,99,101,76" hai1="109,93,26,42,47,57,19,74,60,3,38,100,115" hai2="116,119,45,24,48,112,20,70,75,34,122,108,110" hai3="23,98,120,102,14,6,27,105,80,107,130,28,69"/><U4/><E115/><V55/><F75/><W64/><G130/><T35/><D68/><U13/><E74/><V83/><F83/><W104/><G69/><T114/><D114/><U73/><E73/><V16/><F112/><W131/><G131/><T126/><D76/><U91/><E109/><N who="2" m="42091" /><F70/><W89/><G64/><T88/><D126/><U66/><E3/><V56/><F34/><W49/><G49/><T43/><D133/><U39/><E4/><V50/><F122/><W11/><G120/><T63/><D21/><U17/><E100/><V46/><F46/><W123/><G123/><T40/><D40/><AGARI ba="0,0" hai="16,20,24,40,45,48,50,55,56,116,119" m="42091" machi="40" ten="30,2000,0" yaku="14,1,54,1" doraHai="117" who="2" fromWho="0" sc="250,-20,201,0,299,20,250,0" /><INIT seed="2,0,0,1,2,32" ten="230,201,319,250" oya="2" hai0="129,70,12,134,22,51,117,34,21,11,116,9,85" hai1="82,50,10,69,28,24,58,131,25,37,1,13,97" hai2="123,17,99,132,87,92,7,49,67,46,54,60,127" hai3="2,19,88,68,40,72,5,74,128,125,80,71,93"/><V108/><F123/><W121/><G121/><T29/><D51/><U64/><E37/><V76/><F132/><W63/><G128/><T115/><D85/><U6/><E131/><V61/><F127/><W36/><G125/><T53/><D53/><U105/><E82/><N who="2" m="47559" /><F7/><W98/><G40/><T110/><D70/><U55/><E13/><V56/><F108/><W130/><G36/><T113/><D129/><U100/><REACH who="1" step="1"/><E28/><REACH who="1" ten="230,191,319,250" step="2"/><V66/><F17/><W23/><G80/><T65/><D29/><U135/><E135/><V111/><F111/><W8/><G130/><T14/><D110/><U107/><E107/><V62/><F67/><W102/><G71/><T126/><D65/><U133/><E133/><V3/><F3/><W119/><G68/><T42/><D134/><U44/><E44/><V4/><F4/><W118/><G118/><T48/><D126/><U59/><E59/><V103/><AGARI ba="0,1" hai="46,49,54,56,60,61,62,66,92,99,103" m="47559" machi="103" ten="30,1500,0" yaku="8,1" doraHai="32" who="2" fromWho="2" sc="230,-5,191,-5,319,25,250,-5" /><INIT seed="2,1,0,3,4,25" ten="225,186,344,245" oya="2" hai0="62,10,58,45,55,68,42,105,124,22,127,77,128" hai1="73,53,48,93,5,100,43,30,114,9,61,12,7" hai2="116,38,87,33,13,84,24,75,113,18,27,79,85" hai3="118,40,28,122,3,54,120,64,69,26,134,125,17"/><V56/><F113/><W47/><G118/><T130/><D22/><U72/><E114/><V35/><F116/><W131/><G3/><T67/><D10/><U112/><E112/><V97/><F38/><W90/><G134/><T63/><D77/><U76/><E76/><V95/><F75/><W8/><G131/><N who="0" m="50219" /><D105/><U4/><E73/><V108/><F108/><W11/><G125/><T107/><D107/><U32/><E43/><V66/><F79/><W111/><G111/><T103/><D103/><U117/><E117/><V37/><F37/><AGARI ba="1,0" hai="37,42,45,55,58,62,63,67,68,124,127" m="50219" machi="37" ten="30,3900,0" yaku="19,1,34,2" doraHai="25" who="0" fromWho="2" sc="225,42,186,0,344,-42,245,0" /><INIT seed="3,0,0,0,2,135" ten="267,186,302,245" oya="3" hai0="72,96,132,62,121,42,9,88,16,102,38,18,85" hai1="33,68,79,35,60,36,110,28,92,21,90,125,129" hai2="112,133,115,77,61,97,49,59,15,19,78,48,91" hai3="2,76,51,117,98,13,107,46,106,11,124,40,103"/><W86/><G117/><T23/><D121/><U131/><E36/><V54/><F133/><W73/><G73/><T41/><D132/><U100/><E79/><N who="2" m="30219" /><F115/><W34/><G2/><T70/><D72/><U17/><E100/><V0/><F0/><W29/><G107/><T20/><D9/><U6/><E6/><V32/><F32/><W118/><G118/><T128/><D128/><U83/><E83/><V81/><F112/><W71/><G71/><T130/><D130/><N who="1" m="49675" /><E28/><V82/><F97/><W64/><G64/><T99/><D38/><U39/><E39/><V44/><F91/><W45/><G45/><T114/><D114/><U31/><E31/><V122/><F48/><W120/><G120/><T84/><D62/><U74/><E110/><V113/><F122/><W55/><G29/><T116/><D116/><U101/><E101/><V89/><F89/><W66/><G66/><T105/><D70/><U109/><E109/><V27/><F27/><W75/><G75/><T53/><D102/><U111/><E111/><V52/><F113/><W58/><G34/><T47/><D88/><U50/><E50/><V4/><F4/><N who="3" m="3303" /><G76/><T65/><D105/><U63/><E35/><V108/><F108/><W95/><G106/><T80/><D65/><N who="1" m="40999" /><E33/><V56/><F44/><W43/><G86/><T26/><D47/><U7/><E74/><V12/><F12/><W22/><G46/><T3/><D3/><U1/><E1/><V126/><F81/><W30/><G30/><T57/><D80/><U123/><E123/><V8/><F82/><W24/><G103/><T25/><D57/><RYUUKYOKU ba="0,0" sc="267,15,186,-15,302,15,245,-15" hai0="16,18,20,23,25,26,41,42,53,84,85,96,99" hai2="8,15,19,49,52,54,56,59,61,126" /><INIT seed="4,1,0,2,2,118" ten="282,171,317,230" oya="0" hai0="85,10,94,97,34,47,29,57,66,87,45,27,48" hai1="58,93,101,129,65,81,4,115,63,1,77,56,60" hai2="18,59,120,111,32,6,74,105,50,95,9,14,16" hai3="125,37,61,62,82,78,90,0,76,11,69,28,73"/><T130/><D130/><U40/><E129/><V84/><F111/><W54/><G125/><T12/><D47/><U7/><E1/><V8/><F120/><W134/><G134/><T13/><D13/><U110/><E110/><V88/><F105/><W127/><G127/><T133/><D57/><U124/><E124/><V24/><F74/><W99/><G78/><T107/><D66/><U51/><E115/><V22/><F32/><W117/><G117/><T92/><D107/><U72/><E101/><V106/><F106/><W5/><G28/><T49/><D49/><U83/><E93/><V44/><F59/><W91/><G69/><T109/><D94/><U2/><E2/><V103/><F103/><W36/><G36/><T112/><D112/><U89/><E89/><V132/><F132/><W21/><G21/><T128/><D128/><U67/><REACH who="1" step="1"/><E81/><REACH who="1" ten="282,161,317,230" step="2"/><V25/><F88/><W31/><G90/><T26/><D109/><U3/><E3/><V80/><F95/><W71/><G91/><T119/><D119/><U43/><E43/><V135/><F80/><W38/><G82/><T42/><D133/><U121/><E121/><V100/><F100/><W33/><G0/><T30/><D92/><U52/><E52/><V114/><F114/><W15/><G54/><T17/><REACH who="0" step="1"/><D97/><REACH who="0" ten="272,161,317,230" step="2"/><U46/><AGARI ba="1,2" hai="4,7,40,46,51,56,58,60,63,65,67,72,77,83" machi="46" ten="30,7900,0" yaku="1,1,0,1,9,1,53,1" doraHai="118" doraHaiUra="39" who="1" fromWho="1" sc="272,-40,161,102,317,-21,230,-21" /><INIT seed="5,0,0,4,2,44" ten="232,263,296,209" oya="1" hai0="59,117,113,127,83,4,124,80,19,90,128,81,120" hai1="60,132,2,12,15,71,91,54,38,94,89,101,68" hai2="24,119,85,99,96,26,82,55,84,86,11,131,10" hai3="21,43,112,51,29,28,33,0,42,7,34,50,65"/><U58/><E2/><V1/><F131/><W105/><G105/><T9/><D117/><U23/><E38/><V22/><F119/><W111/><G111/><T8/><D113/><U103/><E132/><V56/><F82/><W39/><G112/><T32/><D32/><U106/><E106/><V63/><F1/><W52/><G65/><T107/><D107/><U102/><E89/><V62/><F26/><W14/><G0/><T5/><D19/><U48/><E60/><V67/><F96/><W114/><G114/><T79/><D59/><U122/><E122/><V123/><F99/><W108/><G108/><T53/><D53/><U3/><E3/><V27/><F27/><N who="3" m="16495" /><G39/><T37/><D90/><U73/><E73/><V135/><F135/><W75/><G75/><T134/><D37/><U118/><E118/><V46/><F123/><W13/><G33/><T87/><D128/><U49/><E49/><N who="3" m="18442" /><G52/><T92/><D134/><U110/><E110/><V133/><F67/><W98/><G34/><T47/><D120/><U45/><E45/><V16/><F46/><W18/><G29/><T6/><D47/><U70/><REACH who="1" step="1"/><E23/><REACH who="1" ten="232,253,296,209" step="2"/><V66/><F133/><W88/><G7/><T100/><D5/><U41/><E41/><N who="3" m="15370" /><G18/><T126/><D4/><U74/><E74/><V17/><F17/><W25/><G25/><T31/><D6/><U109/><E109/><V78/><F24/><W130/><G130/><T57/><D31/><U129/><E129/><V104/><F104/><W93/><AGARI ba="0,1" hai="13,14,88,93,98" m="15370,18442,16495" machi="93" ten="30,8000,1" yaku="8,1,52,3,54,1" doraHai="44" who="3" fromWho="3" sc="232,-20,253,-40,296,-20,209,90" /><INIT seed="6,0,0,0,4,111" ten="212,213,276,299" oya="2" hai0="30,62,20,27,94,130,0,2,119,11,49,7,12" hai1="117,28,5,129,21,9,125,14,133,71,87,112,110" hai2="19,126,116,45,25,75,127,6,47,109,118,81,113" hai3="13,102,74,10,31,78,85,36,37,68,135,95,84"/><V22/><F75/><W1/><G1/><T46/><D130/><U51/><E71/><V70/><F70/><W41/><G68/><T56/><D119/><N who="2" m="45610" /><F81/><W8/><G135/><T98/><D49/><U91/><E117/><V34/><F47/><W42/><G31/><T86/><D86/><U79/><E110/><V72/><F45/><W76/><G13/><T61/><D46/><U131/><E133/><V99/><F99/><W38/><G95/><T43/><D43/><U104/><E104/><V82/><F109/><W134/><G134/><T128/><D128/><U59/><E79/><N who="2" m="44391" /><F6/><W83/><G38/><T88/><REACH who="0" step="1"/><D62/><REACH who="0" ten="202,213,276,299" step="2"/><U54/><E131/><V60/><F60/><W40/><G42/><T106/><D106/><U123/><E129/><V18/><F126/><W89/><G41/><T64/><AGARI ba="0,1" hai="0,2,7,11,12,20,27,30,56,61,64,88,94,98" machi="64" ten="20,8000,1" yaku="1,1,0,1,7,1,54,1,53,1" doraHai="111" doraHaiUra="17" who="0" fromWho="0" sc="202,90,213,-20,276,-40,299,-20" /><INIT seed="7,0,0,1,3,111" ten="292,193,236,279" oya="3" hai0="102,76,35,16,112,70,97,106,123,88,22,132,122" hai1="117,20,54,92,58,91,37,45,83,60,17,127,80" hai2="15,56,69,115,9,36,67,4,71,57,53,21,116" hai3="48,78,42,130,32,7,131,5,59,101,100,104,103"/><W26/><G104/><T84/><D112/><U30/><E127/><V135/><F116/><W118/><G118/><T93/><D35/><U66/><E117/><V99/><F36/><W49/><G78/><T126/><D70/><U23/><E30/><V108/><F108/><W40/><G32/><T62/><D62/><U34/><E23/><V61/><F135/><W2/><G26/><T8/><D8/><U55/><E34/><V11/><F115/><W28/><G28/><T119/><D119/><U81/><E37/><V95/><F9/><W38/><G38/><T94/><D126/><U6/><E6/><N who="3" m="2058" /><G2/><T43/><D43/><N who="3" m="16425" /><G59/><T1/><D1/><U68/><E45/><V18/><F57/><W3/><G3/><T12/><D132/><U96/><REACH who="1" step="1"/><E68/><REACH who="1" ten="292,183,236,279" step="2"/><V82/><F69/><W129/><AGARI ba="0,1" hai="48,49,100,101,103,129,130,131" m="16425,2058" machi="129" ten="40,7800,0" yaku="28,2,19,1" doraHai="111" who="3" fromWho="3" sc="292,-26,183,-26,236,-26,279,88" owari="266,7.0,157,-34.0,210,-19.0,367,46.0" /></mjloggm>