<mjloggm ver="2.3"><GO type="169" lobby="0"/><UN n0="%E3%81%A9%E3%82%89%E3%81%94%E3%82%93%33%2E%30" n1="%E7%B4%AB%E3%81%AE%E9%8F%A1" n2="%E5%8F%8B%E4%BA%BA%45" n3="%E3%82%B5%E3%83%B3%26%E3%83%A0%E3%83%BC%E3%83%B3" dan="17,18,16,17" rate="2099.39,2282.01,2023.78,2172.47" sx="M,M,F,M"/><TAIKYOKU oya="0"/><INIT seed="0,0,0,1,0,10" ten="250,250,250,250" oya="0" hai0="41,30,14,28,94,126,103,75,118,84,131,6,108" hai1="100,0,112,114,49,15,87,29,21,85,78,9,88" hai2="128,59,57,34,1,123,77,117,99,60,119,17,18" hai3="91,8,16,31,95,40,25,125,79,13,2,133,26"/><T37/><D118/><N who="2" m="45066" /><F123/><W12/><G125/><T102/><D75/><U65/><E100/><N who="0" m="38441" /><D37/><U129/><E129/><V121/><F121/><W116/><G2/><T36/><D36/><U47/><E0/><V50/><F77/><W134/><G40/><T53/><D41/><U43/><E65/><V4/><F34/><W63/><G63/><T52/><D126/><U111/><E111/><V71/><F71/><W66/><G79/><T106/><D106/><U110/><E110/><V62/><F50/><W96/><G66/><T33/><D33/><U22/><E78/><V92/><F128/><W104/><G116/><T48/><D108/><U39/><E39/><V115/><F115/><N who="1" m="44073" /><E29/><N who="0" m="11369" /><D131/><U19/><E85/><V67/><F99/><W44/><G104/><T68/><D68/><U76/><E76/><V105/><F105/><W93/><G95/><AGARI ba="0,0" hai="9,15,19,21,22,43,47,49,87,88,95" m="44073" machi="95" ten="30,3900,0" yaku="11,1,52,1,54,1" doraHai="10" who="1" fromWho="3" sc="250,0,250,39,250,0,250,-39" /><INIT seed="1,0,0,4,3,32" ten="250,289,250,211" oya="1" hai0="69,104,95,45,86,115,83,22,1,49,31,53,132" hai1="9,73,126,114,8,38,107,96,58,120,75,16,111" hai2="43,94,119,13,23,36,103,12,46,102,134,54,57" hai3="122,70,29,5,59,81,27,60,106,30,55,33,128"/><U21/><E114/><V80/><F119/><W18/><G122/><T68/><D104/><U93/><E120/><V124/><F124/><W85/><G128/><T3/><D115/><U98/><E38/><V67/><F134/><W10/><G106/><T44/><D132/><U92/><E107/><V61/><F80/><W4/><G70/><T65/><D95/><U84/><E126/><V26/><F54/><W129/><G129/><T88/><D45/><U0/><E84/><V64/><F67/><W20/><G33/><T109/><D109/><U105/><E105/><V35/><F102/><W24/><G24/><T125/><D125/><U66/><E111/><V91/><F35/><W113/><G113/><T108/><D108/><U135/><E135/><V79/><F79/><W133/><G133/><T127/><D127/><U100/><E58/><V39/><F39/><W50/><G50/><T116/><D116/><U74/><E66/><V28/><F103/><W41/><G41/><T2/><REACH who="0" step="1"/><D65/><REACH who="0" ten="240,289,250,211" step="2"/><U121/><E121/><V123/><F123/><W131/><G131/><T7/><D7/><U82/><E93/><V78/><F94/><W77/><REACH who="3" step="1"/><G4/><REACH who="3" ten="240,289,250,201" step="2"/><T52/><D52/><U118/><E118/><V42/><F43/><W37/><G37/><T117/><D117/><U101/><E101/><V40/><F42/><W15/><AGARI ba="0,2" hai="5,10,15,18,20,27,29,30,55,59,60,77,81,85" machi="15" ten="20,8000,1" yaku="1,1,0,1,7,1,8,1,53,1" doraHai="32" doraHaiUra="17" who="3" fromWho="3" sc="240,-20,289,-40,250,-20,201,100" /><INIT seed="2,0,0,2,3,78" ten="220,249,230,301" oya="2" hai0="89,77,30,71,130,74,56,133,39,107,12,32,103" hai1="5,8,21,64,11,31,10,79,28,116,105,91,115" hai2="95,134,63,135,4,125,128,88,26,131,108,51,102" hai3="132,55,122,22,70,17,82,15,7,24,36,118,93"/><V99/><F4/><W113/><G122/><T104/><D39/><U92/><E115/><V49/><F108/><W52/><G118/><T42/><D42/><U109/><E105/><V126/><F26/><W1/><G36/><T48/><D71/><U73/><E116/><V2/><F63/><W58/><G70/><T119/><D133/><N who="2" m="50698" /><F2/><W67/><G113/><T121/><D121/><U81/><E109/><V61/><F61/><W86/><G1/><T110/><D48/><N who="2" m="18506" /><F102/><W53/><G93/><T0/><D103/><U87/><E64/><V123/><F123/><W25/><G132/><T129/><D0/><U54/><E54/><N who="3" m="21098" /><G7/><T29/><D110/><U69/><E69/><V38/><F38/><W44/><G44/><T16/><D119/><U80/><E5/><V65/><F65/><W83/><G67/><T90/><D56/><U117/><E117/><V3/><F3/><W40/><G40/><T98/><D104/><U45/><E45/><V59/><F59/><W14/><G25/><T114/><D107/><U72/><E21/><V23/><F23/><W6/><G24/><T111/><D111/><U76/><AGARI ba="0,0" hai="8,10,11,28,31,72,73,76,79,80,81,87,91,92" machi="76" ten="30,7900,0" yaku="0,1,9,1,52,2" doraHai="78" who="1" fromWho="1" sc="220,-20,249,79,230,-39,301,-20" /><INIT seed="3,0,0,4,2,78" ten="200,328,191,281" oya="3" hai0="112,111,104,63,77,70,51,52,62,29,3,132,116" hai1="28,20,91,10,30,133,135,121,36,93,84,57,18" hai2="54,69,58,75,19,129,7,68,126,110,76,66,25" hai3="34,122,32,103,106,90,23,56,27,5,50,35,39"/><W125/><G122/><T21/><D104/><U127/><E121/><V108/><F7/><W49/><G39/><T88/><D3/><U74/><E36/><V114/><F114/><W100/><G125/><T113/><D116/><U101/><E74/><V26/><F126/><W13/><G106/><T0/><D0/><U92/><E10/><V118/><F118/><W124/><G124/><T44/><D111/><N who="2" m="42538" /><F129/><W47/><G90/><T31/><D132/><N who="1" m="50763" /><E57/><V87/><F75/><W37/><G37/><T40/><D77/><U17/><E17/><V94/><F66/><W15/><G15/><T123/><D123/><U97/><E127/><V109/><N who="2" m="42546" /><V120/><DORA hai="65" /><F120/><W9/><G56/><N who="0" m="35079" /><D21/><U64/><E64/><V117/><F117/><W48/><REACH who="3" step="1"/><G47/><REACH who="3" ten="200,328,191,271" step="2"/><T72/><D44/><U60/><E60/><N who="2" m="35927" /><F76/><W46/><G46/><T43/><D63/><U38/><E38/><V61/><F61/><W4/><G4/><T1/><D113/><U22/><E91/><N who="2" m="53631" /><F26/><W79/><G79/><T53/><D112/><U95/><E101/><V14/><F25/><W83/><G83/><T11/><D88/><U80/><E80/><V134/><F134/><W12/><G12/><T128/><D1/><U41/><E95/><V99/><F99/><W67/><G67/><T45/><D45/><U73/><E93/><V89/><F89/><W105/><G105/><T6/><D6/><U107/><E92/><V2/><F2/><W131/><G131/><T96/><D128/><U115/><E97/><V42/><F42/><W55/><G55/><T71/><D53/><U8/><E115/><RYUUKYOKU ba="0,1" sc="200,-15,328,-15,191,15,271,15" hai2="14,19,68,69" hai3="5,9,13,23,27,32,34,35,48,49,50,100,103" /><INIT seed="3,1,1,1,0,55" ten="185,313,206,286" oya="3" hai0="4,75,111,61,74,87,25,40,89,9,98,32,107" hai1="82,21,99,12,13,90,108,51,94,57,27,109,103" hai2="115,70,29,35,110,135,101,5,112,73,104,83,28" hai3="48,7,49,84,81,44,88,132,66,56,121,42,92"/><W22/><G121/><T86/><D111/><N who="1" m="42571" /><E51/><V93/><F110/><W68/><G132/><T8/><D40/><U64/><E64/><V14/><F70/><W47/><G68/><T63/><D32/><U62/><E62/><V60/><F35/><W2/><G2/><T127/><D25/><U46/><E46/><V78/><F135/><W50/><G7/><T96/><D127/><U123/><E57/><V91/><F29/><W116/><G116/><T41/><D41/><U39/><E39/><V102/><F28/><W100/><G22/><T118/><D4/><U34/><E34/><V26/><F26/><W31/><G31/><T45/><D45/><U124/><E124/><V79/><F14/><W125/><G125/><T129/><D107/><N who="1" m="63999" /><E82/><N who="2" m="45391" /><F60/><N who="3" m="38151" /><G42/><T105/><D63/><U76/><E76/><V134/><F5/><W38/><G38/><T106/><D61/><U37/><E37/><V128/><F104/><W67/><G67/><T20/><D105/><U119/><E119/><V24/><F24/><W1/><G1/><T36/><D106/><U117/><E117/><V6/><F6/><W3/><G3/><T122/><D36/><U85/><E123/><V11/><F11/><W120/><G120/><T65/><D122/><U15/><E27/><V16/><F16/><AGARI ba="1,1" hai="12,13,15,16,21,85,90,94" m="63999,42571" machi="16" ten="30,2000,0" yaku="14,1,54,1" doraHai="55" who="1" fromWho="2" sc="185,0,313,33,206,-23,286,0" /><INIT seed="4,0,0,5,2,49" ten="185,346,183,286" oya="0" hai0="51,20,130,99,11,24,43,62,33,67,113,83,52" hai1="6,38,121,77,22,114,13,92,125,89,68,46,106" hai2="71,66,32,134,60,94,64,111,76,23,25,50,107" hai3="126,78,73,26,122,57,8,90,123,93,44,95,105"/><T87/><D33/><U58/><E68/><V131/><F111/><W135/><G44/><T61/><D113/><U54/><E106/><V1/><F107/><W115/><G8/><T3/><D130/><U129/><E121/><V79/><F131/><W17/><G17/><T85/><D43/><U88/><E129/><V97/><F134/><W12/><G12/><T4/><D99/><U0/><E0/><V124/><F124/><W56/><G26/><T127/><D127/><U16/><E125/><V55/><F66/><W9/><G9/><T117/><D117/><U116/><E116/><V86/><F86/><W45/><G45/><T37/><D37/><U31/><E77/><V75/><F32/><W100/><G126/><T10/><D10/><N who="1" m="4311" /><E38/><V65/><F65/><W118/><G118/><T104/><D104/><U109/><E109/><V81/><F76/><W36/><G36/><T102/><D102/><U42/><E31/><V63/><F1/><W29/><G29/><T128/><D128/><U98/><E42/><V48/><F23/><W82/><G105/><T91/><D85/><U132/><E46/><V2/><F2/><W41/><G41/><T74/><D67/><U14/><E132/><V34/><F34/><W69/><G135/><T96/><D96/><U40/><E40/><V27/><F27/><W35/><G35/><T120/><D74/><U119/><E119/><V84/><F25/><W133/><G133/><T53/><D120/><U112/><E89/><N who="2" m="55503" /><F75/><W28/><G73/><T7/><D7/><U19/><E19/><V47/><F47/><W30/><G122/><RYUUKYOKU ba="0,0" sc="185,-15,346,15,183,15,286,-15" hai1="14,16,22,54,58,88,92,98,112,114" hai2="48,50,55,60,63,64,71,79,81,84" /><INIT seed="5,1,0,0,2,70" ten="170,361,198,271" oya="1" hai0="103,78,66,37,60,86,111,11,39,56,96,57,8" hai1="68,84,76,13,82,92,104,130,124,65,20,25,38" hai2="81,122,71,135,126,77,133,17,98,83,52,46,1" hai3="24,115,29,97,32,95,43,79,49,64,40,7,129"/><U26/><E104/><V107/><F122/><W128/><G115/><T113/><D111/><U50/><E38/><V119/><F119/><W4/><G64/><T16/><D113/><U45/><E130/><N who="3" m="50282" /><G79/><T109/><D109/><U55/><E124/><V75/><F126/><W72/><G72/><T44/><D57/><U61/><E13/><V5/><F71/><W120/><G120/><T58/><D58/><U94/><REACH who="1" step="1"/><E26/><REACH who="1" ten="170,351,198,271" step="2"/><V69/><F107/><W22/><G24/><T6/><D39/><U85/><E85/><V19/><F75/><W106/><G106/><T112/><D86/><U12/><E12/><V131/><F131/><W105/><G105/><T48/><D37/><U110/><E110/><V91/><F133/><W3/><G3/><T34/><D112/><U36/><E36/><V18/><F1/><W116/><G116/><T89/><D96/><U117/><E117/><V99/><F98/><W54/><G97/><T134/><D134/><U21/><E21/><V35/><F99/><W51/><G22/><T125/><D125/><U102/><E102/><V80/><F135/><W90/><G32/><T23/><D103/><U33/><E33/><V42/><F35/><W53/><G4/><T74/><D34/><U100/><E100/><V127/><F5/><W63/><G7/><T118/><D6/><U101/><E101/><V41/><F127/><W67/><G40/><N who="0" m="24583" /><D118/><U123/><E123/><V9/><F42/><W62/><G43/><T132/><D132/><U108/><E108/><V73/><F41/><W47/><G47/><T27/><D89/><U2/><E2/><RYUUKYOKU ba="1,1" sc="170,15,351,15,198,-15,271,-15" hai0="8,11,16,23,27,56,60,66,74,78" hai1="20,25,45,50,55,61,65,68,76,82,84,92,94" /><INIT seed="5,2,1,1,1,19" ten="185,366,183,256" oya="1" hai0="107,122,87,106,25,113,129,15,49,99,74,116,37" hai1="50,92,91,23,20,134,125,43,30,4,5,101,66" hai2="52,48,24,63,73,34,1,79,17,51,83,46,2" hai3="105,68,0,39,12,108,60,18,7,29,56,112,82"/><U126/><E134/><V121/><F121/><W44/><G108/><T67/><D37/><U94/><E66/><V10/><F63/><W33/><G105/><T41/><D74/><U11/><E101/><V86/><F73/><W104/><G104/><T96/><D116/><U110/><E30/><V55/><F34/><W98/><G98/><T42/><D67/><U22/><E110/><V76/><F79/><W54/><G68/><T6/><D113/><U59/><E4/><V128/><F128/><W8/><G82/><T130/><D122/><U58/><E43/><V77/><F76/><W100/><G100/><T31/><D87/><N who="1" m="52351" /><E50/><V84/><F86/><W69/><G69/><T26/><D49/><U127/><E94/><V131/><F131/><W118/><G118/><T40/><D31/><U28/><E28/><V103/><F103/><W38/><G44/><T21/><D6/><U53/><E53/><V65/><F65/><W35/><G35/><T27/><D106/><U9/><E9/><V81/><F83/><W120/><G120/><T61/><D107/><U36/><E36/><V123/><F123/><W89/><G112/><T80/><D80/><U45/><E45/><V3/><F10/><W71/><G71/><T85/><D61/><U124/><E124/><V88/><F77/><W117/><G117/><T13/><D41/><U115/><E115/><V14/><F51/><W70/><G70/><T78/><D78/><U135/><E135/><V90/><F55/><W111/><G111/><T75/><D129/><U133/><E133/><V57/><F81/><W97/><G39/><RYUUKYOKU ba="2,1" sc="185,-10,366,30,183,-10,256,-10" hai1="5,11,20,22,23,58,59,125,126,127" /><INIT seed="5,3,1,2,1,36" ten="175,396,173,246" oya="1" hai0="4,7,17,118,133,84,82,45,103,24,51,68,62" hai1="25,3,30,93,57,80,76,100,54,71,22,46,119" hai2="41,108,79,132,73,43,134,113,44,101,39,112,70" hai3="52,95,35,116,0,16,131,59,56,1,33,12,115"/><U74/><E71/><V38/><F108/><W49/><G115/><N who="2" m="44105" /><F101/><W96/><G131/><T90/><D118/><U83/><E3/><V135/><F70/><W15/><G116/><T81/><D133/><U123/><E123/><V23/><F23/><W94/><G0/><T28/><D103/><U2/><E2/><V5/><F5/><W18/><G1/><T105/><D105/><U124/><E119/><V11/><F11/><W8/><G59/><T64/><D81/><U19/><E83/><N who="2" m="45551" /><F44/><W99/><G33/><T129/><D17/><U109/><E109/><V40/><AGARI ba="3,1" hai="38,39,40,41,43,132,134,135" m="45551,44105" machi="40" ten="40,12000,2" yaku="20,1,15,1,11,1,52,3" doraHai="36" who="2" fromWho="2" sc="175,-33,396,-63,173,139,246,-33" /><INIT seed="6,0,0,5,5,38" ten="142,333,312,213" oya="2" hai0="22,74,12,124,109,88,46,23,27,56,43,125,30" hai1="58,113,67,127,110,54,107,80,114,97,117,7,65" hai2="19,90,87,104,39,41,101,11,48,17,42,84,51" hai3="92,24,2,53,3,47,126,44,116,4,40,72,5"/><V63/><F39/><W71/><G116/><T81/><D109/><U134/><E110/><V98/><F63/><W131/><G71/><T28/><D56/><U29/><E117/><V14/><F19/><W16/><G72/><T77/><D12/><U115/><E134/><V121/><F121/><W120/><G120/><T45/><D45/><U21/><E127/><V15/><F14/><W1/><G126/><T68/><D68/><U135/><E7/><V60/><F60/><W83/><G83/><T26/><REACH who="0" step="1"/><D88/><REACH who="0" ten="132,333,312,213" step="2"/><U108/><E58/><V75/><F90/><W31/><G44/><T59/><D59/><U130/><E108/><V106/><F15/><W33/><G1/><T128/><D128/><U20/><E130/><V73/><F11/><W102/><G131/><T8/><D8/><U6/><E114/><V18/><F98/><W112/><G112/><T86/><D86/><U119/><E115/><V36/><F36/><AGARI ba="0,1" hai="22,23,26,27,28,30,36,43,46,74,77,81,124,125" machi="36" ten="40,8000,1" yaku="1,1,9,1,52,1,53,1" doraHai="38" doraHaiUra="69" who="0" fromWho="2" sc="132,90,333,0,312,-80,213,0" /><INIT seed="7,0,0,5,3,131" ten="222,333,232,213" oya="3" hai0="33,107,16,69,119,105,68,109,12,77,93,36,35" hai1="123,80,76,24,127,104,117,65,51,37,91,92,57" hai2="98,116,90,84,106,134,121,55,62,102,83,118,20" hai3="47,66,135,21,89,70,53,14,103,13,58,86,54"/><W100/><G135/><T34/><D109/><U64/><E104/><N who="0" m="40009" /><D36/><U122/><E37/><V11/><F134/><W5/><G70/><N who="0" m="27243" /><D93/><U30/><E127/><V19/><F11/><W129/><G129/><T81/><D119/><U120/><E117/><V2/><F2/><W128/><G128/><T32/><N who="0" m="8192" /><DORA hai="110" /><T126/><D126/><U38/><E38/><V7/><F121/><W88/><G66/><T26/><D26/><U31/><E24/><V132/><F132/><W130/><G130/><T82/><D77/><U48/><E92/><V125/><F125/><W8/><G89/><T22/><AGARI ba="0,0" hai="12,16,22,81,82" m="8192,27243,40009" machi="22" ten="70,8000,1" yaku="26,2,54,1" doraHai="131,110" who="0" fromWho="0" sc="222,80,333,-20,232,-20,213,-40" owari="302,10.0,313,42.0,212,-19.0,173,-33.0" /></mjloggm>