<mjloggm ver="2.3"><GO type="169" lobby="0"/><UN n0="%E7%B4%AB%E3%81%AE%E9%8F%A1" n1="%74%6F%69%74%6F%69%34" n2="%E3%82%B7%E3%83%A9%2E" n3="%E6%97%A5%E9%99%B0%E3%81%95%E3%82%93" dan="18,16,17,16" rate="2339.07,2123.44,2180.97,2077.20" sx="M,F,M,F"/><TAIKYOKU oya="0"/><INIT seed="0,0,0,0,3,68" ten="250,250,250,250" oya="0" hai0="124,32,53,94,39,89,113,66,48,127,62,27,6" hai1="19,59,116,1,115,49,57,9,13,104,72,131,51" hai2="105,25,73,83,101,30,88,2,22,117,98,33,0" hai3="114,31,97,52,81,79,41,107,126,82,61,133,99"/><T10/><D113/><U135/><E116/><V91/><F117/><W47/><G114/><T87/><D32/><U122/><E115/><V34/><F34/><W14/><G126/><T26/><D39/><U37/><E122/><V23/><F73/><W96/><G133/><T65/><D127/><U5/><E131/><V64/><F91/><W110/><G31/><T95/><D95/><U112/><E104/><V129/><F129/><W63/><G107/><T69/><D65/><U54/><E72/><V130/><F130/><W75/><G82/><T60/><D60/><U11/><E112/><V28/><F28/><W29/><G29/><T118/><D118/><U74/><E74/><V43/><F43/><W46/><G110/><T42/><D42/><U119/><E119/><V15/><F15/><W80/><G80/><T100/><D100/><U90/><E90/><V17/><F64/><W77/><G79/><T56/><REACH who="0" step="1"/><D124/><REACH who="0" ten="240,250,250,250" step="2"/><U44/><E135/><V38/><F38/><W12/><G61/><T20/><D20/><U21/><E37/><V67/><F67/><W36/><REACH who="3" step="1"/><G63/><REACH who="3" ten="240,250,250,240" step="2"/><T109/><D109/><U92/><E92/><V86/><F33/><W16/><G16/><T132/><D132/><U4/><REACH who="1" step="1"/><E51/><AGARI ba="0,2" hai="12,14,36,41,46,47,51,52,75,77,81,96,97,99" machi="51" ten="40,8000,1" yaku="1,1,52,1,54,1,53,1" doraHai="68" doraHaiUra="50" who="3" fromWho="1" sc="240,0,250,-80,250,0,240,100" /><INIT seed="1,0,0,3,0,21" ten="240,170,250,340" oya="1" hai0="130,83,28,76,100,133,63,134,11,9,113,16,126" hai1="37,14,101,129,29,41,104,61,114,18,72,52,132" hai2="73,111,97,79,30,43,7,99,57,74,78,12,117" hai3="69,122,82,80,48,102,27,55,53,103,60,66,20"/><U4/><E114/><V68/><F117/><W91/><G122/><T6/><D113/><U93/><E72/><V58/><F68/><W125/><G125/><T15/><D126/><U36/><E104/><V107/><F111/><W1/><G1/><T42/><D130/><U24/><E129/><V84/><F74/><W26/><G55/><T120/><D120/><U106/><E106/><V90/><F73/><W131/><G131/><T40/><D100/><U105/><E105/><V3/><F3/><W49/><G49/><T88/><D63/><U39/><E4/><V22/><F43/><W5/><G5/><T0/><D28/><U86/><E132/><N who="0" m="50793" /><D76/><N who="2" m="29226" /><F7/><W110/><G110/><T33/><D33/><U8/><E41/><V35/><F35/><W70/><G69/><T44/><D44/><U96/><E86/><AGARI ba="0,0" hai="0,6,9,11,15,16,40,42,83,86,88" m="50793" machi="86" ten="30,3900,0" yaku="20,1,54,2" doraHai="21" who="0" fromWho="1" sc="240,39,170,-39,250,0,340,0" /><INIT seed="2,0,0,0,2,131" ten="279,131,250,340" oya="2" hai0="133,70,101,118,94,99,44,33,102,56,25,5,36" hai1="91,59,120,81,90,17,15,84,89,42,57,47,96" hai2="112,63,77,71,108,127,86,128,13,97,50,6,21" hai3="32,79,53,110,41,123,19,30,20,4,39,52,31"/><V27/><F112/><W104/><G123/><T76/><D70/><U18/><E120/><V14/><F128/><W23/><G104/><T116/><D76/><U80/><E18/><V75/><F75/><W64/><G110/><T3/><D56/><U61/><E96/><V130/><F130/><W1/><G64/><T93/><D93/><U113/><E113/><V0/><F0/><W12/><G79/><T28/><D101/><U111/><E111/><V83/><F127/><W121/><G41/><N who="0" m="22567" /><D5/><U2/><E2/><V49/><F71/><W16/><G39/><T109/><D3/><U135/><E135/><V66/><F108/><W72/><G72/><T74/><D74/><U62/><E59/><N who="2" m="37247" /><F97/><W92/><G121/><T54/><D54/><N who="3" m="21097" /><G32/><T115/><D115/><U107/><E107/><V29/><F6/><W98/><G4/><T26/><D109/><U51/><E57/><V34/><F34/><W55/><G1/><T40/><D40/><U132/><E132/><V106/><F106/><W45/><G55/><T10/><D133/><U129/><E129/><V125/><F125/><W7/><G45/><T78/><D33/><U122/><E122/><V38/><F38/><W103/><G7/><T69/><D69/><U114/><E114/><V95/><F95/><W11/><G11/><T88/><D10/><N who="1" m="6391" /><E81/><V124/><F124/><W22/><G22/><N who="0" m="15415" /><D118/><U87/><E80/><V9/><F9/><W82/><G82/><T46/><D116/><U100/><E100/><V58/><F58/><W43/><G43/><T60/><D102/><U65/><E65/><V73/><F73/><RYUUKYOKU ba="0,0" sc="279,-30,131,10,250,10,340,10" hai1="42,47,51,61,62,84,87,89,90,91" hai2="13,14,21,27,29,49,50,77,83,86" hai3="12,16,19,20,23,30,31,92,98,103" /><INIT seed="2,1,0,3,2,114" ten="249,141,260,350" oya="2" hai0="89,95,21,55,53,92,115,71,119,101,117,133,60" hai1="81,85,121,127,0,98,105,76,13,41,83,80,44" hai2="16,25,90,113,47,46,50,103,3,131,91,82,57" hai3="32,104,48,15,52,69,125,28,29,109,93,94,74"/><V43/><F113/><W129/><G104/><T45/><D115/><U130/><E0/><V134/><F3/><W42/><G74/><T59/><D133/><U34/><E34/><V51/><F131/><W68/><G129/><T128/><D128/><U20/><E130/><V37/><F37/><W75/><G75/><T14/><D71/><U132/><E132/><V110/><F110/><W11/><G109/><T12/><D101/><U107/><E127/><V126/><F126/><W61/><G42/><T111/><D111/><U1/><E1/><V8/><F134/><W31/><G32/><T118/><D21/><U36/><E121/><V54/><F103/><W17/><G125/><T27/><D27/><U40/><E40/><V4/><F82/><W63/><G68/><T33/><D33/><U26/><E13/><N who="0" m="5225" /><D89/><N who="2" m="33802" /><F4/><W9/><G9/><T10/><D10/><U22/><E22/><N who="2" m="13511" /><F8/><W58/><REACH who="3" step="1"/><G69/><REACH who="3" ten="249,141,260,340" step="2"/><T96/><D96/><U72/><E107/><V86/><F86/><W120/><G120/><T6/><D6/><U18/><E72/><V124/><F124/><W79/><G79/><T7/><D7/><U30/><E105/><V123/><F123/><W108/><G108/><T70/><D70/><U116/><E98/><V66/><F66/><W84/><G84/><T102/><D102/><U62/><E85/><V64/><F64/><W87/><G87/><T88/><D88/><U97/><E76/><V5/><F5/><W67/><G67/><T77/><D77/><U135/><E97/><V78/><F78/><W106/><G106/><T100/><D100/><U2/><E135/><RYUUKYOKU ba="1,1" sc="249,10,141,-30,260,10,340,10" hai0="45,53,55,59,60,92,95,117,118,119" hai2="43,46,47,50,51,54,57" hai3="11,15,17,28,29,31,48,52,58,61,63,93,94" /><INIT seed="2,2,1,2,0,78" ten="259,111,270,350" oya="2" hai0="112,56,48,8,87,100,77,39,31,99,84,116,88" hai1="92,98,93,127,37,0,28,16,120,58,94,34,59" hai2="107,104,75,52,29,50,106,15,103,133,64,72,81" hai3="35,119,43,109,41,24,91,20,53,36,67,132,102"/><V82/><F133/><W10/><G119/><T85/><D39/><U6/><E37/><V25/><F103/><W61/><G35/><T76/><D31/><U51/><E127/><V42/><F42/><W123/><G123/><T57/><D112/><U115/><E115/><V131/><F131/><W126/><G126/><T125/><D125/><U49/><E120/><V113/><F113/><W1/><G109/><T70/><D70/><U97/><E0/><V47/><F64/><W124/><G102/><T40/><D116/><U7/><E34/><V11/><F75/><W108/><G53/><T121/><D121/><U101/><E28/><V18/><REACH who="2" step="1"/><F72/><REACH who="2" ten="259,111,260,350" step="2"/><W118/><G67/><T86/><D40/><U13/><E101/><V128/><F128/><W33/><G43/><T38/><D100/><U79/><E97/><V23/><AGARI ba="2,2" hai="11,15,18,23,25,29,47,50,52,81,82,104,106,107" machi="23" ten="30,12000,1" yaku="1,1,0,1,52,2,54,1,53,0" doraHai="78" doraHaiUra="65" who="2" fromWho="2" sc="259,-42,111,-42,260,146,350,-42" /><INIT seed="2,3,0,5,0,0" ten="217,69,406,308" oya="2" hai0="69,12,59,7,124,79,133,43,41,71,55,84,134" hai1="104,106,46,60,23,33,77,87,111,24,118,115,73" hai2="3,108,14,20,31,99,102,51,8,19,21,38,89" hai3="121,94,54,39,4,32,68,100,82,63,110,58,135"/><V125/><F38/><W109/><G121/><T65/><D79/><U66/><E115/><V25/><F125/><W16/><G32/><T132/><D84/><U114/><E118/><V113/><F113/><W91/><G39/><T30/><D30/><U127/><E114/><V35/><F108/><W34/><G34/><T88/><D88/><U126/><E111/><V37/><F37/><W80/><G135/><T96/><D96/><U86/><E33/><V26/><F51/><W61/><G100/><T129/><D124/><N who="1" m="47659" /><E73/><V75/><F75/><W85/><G109/><T103/><D103/><U95/><E46/><V52/><F52/><W119/><G119/><T90/><D90/><N who="1" m="53719" /><E87/><V76/><F76/><W42/><G42/><N who="0" m="15883" /><D65/><U105/><E77/><V72/><F89/><W123/><G123/><T18/><D129/><U64/><E60/><V92/><F72/><W44/><G85/><T50/><D18/><AGARI ba="3,0" hai="18,23,24,64,66,104,105,106" m="53719,47659" machi="18" ten="40,1300,0" yaku="18,1" doraHai="0" who="1" fromWho="0" sc="217,-22,69,22,406,0,308,0" /><INIT seed="3,0,0,1,1,123" ten="195,91,406,308" oya="3" hai0="113,83,17,71,15,72,43,102,64,0,12,47,5" hai1="58,42,127,50,85,39,6,35,21,125,51,13,67" hai2="93,60,135,46,31,30,32,118,122,8,121,26,3" hai3="41,29,106,36,91,88,116,18,54,115,55,84,65"/><W68/><G106/><T90/><D113/><U9/><E35/><V109/><F109/><W87/><G116/><T20/><D102/><U48/><E85/><V108/><F108/><W114/><G29/><T82/><D0/><U104/><E104/><V128/><F118/><W107/><G107/><T74/><D64/><U22/><E67/><V24/><F135/><W73/><G65/><T7/><D71/><U44/><REACH who="1" step="1"/><E58/><REACH who="1" ten="195,81,406,308" step="2"/><V69/><F32/><W110/><G110/><T100/><D72/><U94/><E94/><V112/><F93/><W76/><G73/><T111/><D74/><U134/><E134/><V56/><F56/><W80/><G84/><T92/><D92/><U117/><E117/><V1/><F112/><W25/><G68/><T16/><D111/><U49/><N who="1" m="12288" /><DORA hai="62" /><U81/><E81/><V101/><F69/><W14/><G80/><T19/><D83/><U38/><E38/><V28/><F122/><W105/><G87/><T97/><D82/><U95/><E95/><V129/><F121/><W103/><G105/><T59/><D59/><U75/><E75/><V70/><F70/><W119/><G36/><T79/><D79/><U126/><AGARI ba="0,1" hai="6,9,13,21,22,39,42,44,125,126,127" m="12288" machi="126" ten="50,6400,0" yaku="1,1,0,1,18,1,53,0" doraHai="123,62" doraHaiUra="99,78" who="1" fromWho="1" sc="195,-16,81,74,406,-16,308,-32" /><INIT seed="4,0,0,0,0,36" ten="179,155,390,276" oya="0" hai0="58,50,97,35,17,80,104,7,110,105,26,83,44" hai1="129,122,103,74,114,126,16,42,11,56,1,106,108" hai2="76,34,94,33,4,3,53,125,9,81,32,59,18" hai3="68,95,2,65,52,41,8,77,12,39,96,31,119"/><T29/><D110/><U99/><E108/><V82/><F125/><W23/><G119/><T60/><D7/><U21/><E122/><V57/><F94/><W51/><G77/><T37/><D37/><U111/><E111/><V10/><F82/><W28/><G2/><T5/><D5/><U20/><E74/><V101/><F101/><W102/><G23/><T128/><D128/><U88/><E126/><V30/><F30/><W70/><G70/><T45/><D17/><U71/><E71/><V112/><F112/><W107/><G39/><T54/><D44/><U15/><E129/><V98/><F98/><W61/><G41/><T49/><D50/><U113/><E1/><V124/><F124/><W63/><G63/><T120/><D120/><U115/><E42/><V116/><F116/><W40/><G40/><T62/><D62/><U22/><E56/><V38/><F53/><W135/><G107/><T73/><D97/><U19/><E88/><V43/><F10/><W87/><G87/><T131/><D131/><U84/><E84/><V89/><F89/><W130/><G135/><T86/><D73/><U64/><E64/><V72/><REACH who="2" step="1"/><F18/><AGARI ba="0,0" hai="11,15,16,18,19,20,21,22,99,103,106,113,114,115" machi="18" ten="50,6400,0" yaku="15,1,11,1,54,1" doraHai="36" who="1" fromWho="2" sc="179,0,155,64,390,-64,276,0" /><INIT seed="5,0,0,0,0,41" ten="179,219,326,276" oya="1" hai0="36,8,108,43,122,121,9,18,90,63,31,0,6" hai1="35,124,113,87,58,132,106,42,55,51,115,78,7" hai2="135,130,20,11,126,15,24,60,57,105,39,104,114" hai3="53,19,1,81,97,134,86,93,50,13,127,22,77"/><U92/><E106/><V29/><F135/><W82/><G134/><T59/><D90/><U75/><E132/><V102/><F39/><W71/><G127/><T117/><D108/><U125/><E35/><V131/><F126/><N who="1" m="48745" /><E7/><V37/><F37/><W111/><G1/><T72/><D72/><U32/><E32/><V70/><F70/><W44/><G71/><T33/><D117/><U116/><E116/><V38/><F38/><W120/><G111/><T83/><D83/><N who="1" m="45535" /><E42/><V91/><F91/><AGARI ba="0,0" hai="51,55,58,87,91,92,113,115" m="45535,48745" machi="91" ten="30,1500,0" yaku="18,1" doraHai="41" who="1" fromWho="2" sc="179,0,219,15,326,-15,276,0" /><INIT seed="5,1,0,3,1,98" ten="179,234,311,276" oya="1" hai0="63,114,3,43,116,55,128,106,32,109,84,29,86" hai1="0,51,5,87,28,115,80,77,18,79,67,122,93" hai2="4,71,134,25,47,120,127,14,40,52,99,132,104" hai3="102,113,9,75,20,101,110,34,95,124,50,57,16"/><U125/><E122/><V123/><F71/><W83/><G110/><T96/><D109/><U107/><E107/><V81/><F127/><W44/><G124/><T21/><D116/><U13/><E125/><V117/><F117/><W130/><G34/><T36/><D3/><U65/><E115/><V126/><F126/><W23/><G113/><T82/><D32/><U49/><E28/><V58/><F25/><W90/><G130/><T37/><D128/><U72/><E0/><V76/><F4/><W103/><G57/><T22/><D114/><U19/><E5/><V74/><F14/><N who="3" m="7247" /><G83/><T12/><D43/><U1/><E1/><V129/><F99/><N who="3" m="57847" /><G75/><T61/><D96/><U31/><E31/><V2/><F104/><W10/><G10/><T94/><D29/><U59/><E19/><V133/><F2/><W70/><G70/><T7/><D106/><U48/><E59/><V8/><F8/><W30/><G30/><T105/><D105/><U85/><E72/><V62/><REACH who="2" step="1"/><F129/><REACH who="2" ten="179,234,301,276" step="2"/><W135/><G135/><T88/><D7/><U56/><E13/><V91/><F91/><W112/><G112/><T54/><D12/><U26/><E26/><V69/><F69/><W89/><G89/><T121/><D88/><N who="1" m="53391" /><E77/><V66/><F66/><W39/><G39/><AGARI ba="1,1" hai="39,40,47,52,58,62,74,76,81,120,123,132,133,134" machi="39" ten="40,5200,0" yaku="1,1,20,1,54,1,53,0" doraHai="98" doraHaiUra="33" who="2" fromWho="3" sc="179,0,234,0,301,65,276,-55" /><INIT seed="6,0,0,5,3,15" ten="179,234,366,221" oya="2" hai0="124,132,66,39,26,34,6,114,79,77,106,31,103" hai1="68,131,16,23,69,46,9,72,117,62,123,112,18" hai2="125,105,33,96,3,43,55,70,133,116,73,60,67" hai3="99,12,127,45,108,135,59,100,74,110,17,126,83"/><V50/><F3/><W53/><G135/><T81/><D132/><U54/><E72/><V65/><F133/><W42/><G83/><T64/><D39/><U13/><E117/><V20/><F73/><W109/><G74/><T36/><D36/><U88/><E112/><V48/><F33/><W38/><G59/><T115/><D124/><U4/><E131/><V98/><F116/><W1/><G53/><T35/><D6/><U30/><E123/><V14/><F105/><W90/><G90/><T7/><D7/><U71/><E30/><V25/><F67/><W129/><G1/><T61/><D35/><U37/><E88/><V128/><F14/><W58/><G58/><T121/><D121/><U76/><E76/><V84/><F84/><W8/><REACH who="3" step="1"/><G129/><REACH who="3" ten="179,234,366,211" step="2"/><T2/><D2/><U44/><E54/><V0/><F0/><W49/><G49/><T19/><D81/><U107/><E37/><V11/><F50/><W119/><G119/><T52/><D52/><U86/><E68/><V10/><F55/><W47/><G47/><T95/><D66/><U28/><E69/><V93/><F48/><W101/><G101/><T56/><D64/><U40/><E46/><V57/><F70/><W21/><G21/><T111/><D56/><U97/><E71/><V41/><F20/><W134/><G134/><T91/><D103/><U24/><E62/><V130/><F60/><W82/><G82/><T104/><D61/><U102/><E86/><V94/><F130/><W27/><G27/><T63/><D26/><U78/><E78/><N who="0" m="29705" /><D63/><U51/><AGARI ba="0,1" hai="4,9,13,16,18,23,24,28,40,44,51,97,102,107" machi="51" ten="20,8000,1" yaku="0,1,7,1,52,2,54,1" doraHai="15" who="1" fromWho="1" sc="179,-20,234,90,366,-40,211,-20" /><INIT seed="7,0,0,1,5,24" ten="159,324,326,191" oya="3" hai0="28,42,11,31,122,60,7,0,65,21,113,63,56" hai1="109,3,39,107,114,102,26,101,73,25,90,17,41" hai2="81,14,133,98,108,51,43,130,71,117,23,34,19" hai3="128,92,85,124,82,55,118,37,45,121,88,20,1"/><W12/><G1/><T95/><D122/><U127/><E109/><V93/><F117/><W5/><G118/><T111/><D111/><U132/><E73/><V96/><F34/><W61/><G124/><T80/><D113/><U99/><E3/><V46/><F71/><W106/><G106/><T58/><D42/><U4/><E4/><V47/><F133/><W74/><G128/><T29/><D95/><U91/><E102/><V123/><F130/><W76/><G121/><T72/><D72/><U52/><E132/><V104/><F104/><W87/><G37/><T36/><D36/><U50/><E127/><V103/><F108/><W131/><G131/><T75/><D75/><U100/><E100/><V112/><F112/><W84/><G61/><T94/><D94/><U48/><E114/><V44/><F123/><W66/><G66/><T119/><D119/><U62/><E62/><V68/><F68/><W134/><G134/><T6/><D6/><U18/><E48/><V22/><F81/><W9/><REACH who="3" step="1"/><G20/><REACH who="3" ten="159,324,326,181" step="2"/><T129/><D129/><U110/><E110/><V70/><F23/><W53/><G53/><T83/><REACH who="0" step="1"/><D21/><REACH who="0" ten="149,324,326,181" step="2"/><U33/><E39/><V38/><F38/><W64/><G64/><AGARI ba="0,2" hai="0,7,11,28,29,31,56,58,60,63,64,65,80,83" machi="64" ten="40,12000,2" yaku="1,1,2,1,9,1,52,3,53,1" doraHai="24" doraHaiUra="2" who="0" fromWho="3" sc="149,140,324,0,326,0,181,-120" owari="289,-11.0,324,12.0,326,43.0,61,-44.0" /></mjloggm>