<mjloggm ver="2.3"><GO type="169" lobby="0"/><UN n0="%E8%88%B9%E8%B6%8A%E8%8B%B1%E4%B8%80%E9%83%8E" n1="%E3%82%B7%E3%83%B3%E3%83%9C%E3%83%AA%E3%83%AB%E3%83%89%E3%83%AB%E3%83%95" n2="%4A%4F%4A%4F%31%39%38%35" n3="%E3%81%A4%E3%81%A3%E3%81%8D%EF%BD%9E%32%6E%64" dan="18,16,16,16" rate="2221.92,2132.88,2092.80,2039.52" sx="M,M,M,M"/><TAIKYOKU oya="0"/><INIT seed="0,0,0,2,0,102" ten="250,250,250,250" oya="0" hai0="21,28,113,135,34,63,120,42,69,127,24,96,15" hai1="100,57,112,1,126,50,33,98,128,132,86,94,32" hai2="109,22,81,83,37,91,46,84,5,19,7,60,43" hai3="122,129,119,89,71,82,44,45,27,130,2,54,73"/><T51/><D113/><U14/><E112/><V80/><F109/><W20/><G119/><T117/><D117/><U8/><E128/><N who="3" m="49258" /><G2/><T87/><D120/><U10/><E132/><V30/><F30/><W18/><G71/><T17/><D127/><U9/><E126/><V105/><F105/><W106/><G122/><T72/><D72/><U97/><E1/><V39/><F39/><W133/><G133/><T124/><D124/><U115/><E115/><V35/><F35/><W68/><G68/><T77/><D135/><U121/><E121/><V38/><F60/><W31/><G106/><T58/><D96/><U64/><E86/><V107/><F107/><W61/><G18/><T12/><D69/><U59/><E97/><V25/><REACH who="2" step="1"/><F37/><REACH who="2" ten="250,250,240,250" step="2"/><W93/><G61/><T76/><D34/><U78/><E32/><V3/><F3/><W70/><G31/><T114/><D28/><U131/><E33/><V108/><F108/><W74/><G70/><T85/><D114/><U65/><E131/><V75/><F75/><W62/><G73/><T66/><D77/><U79/><E78/><V118/><F118/><W47/><G74/><T123/><D76/><U23/><E79/><V40/><F40/><W88/><G62/><T0/><D0/><U26/><E50/><V125/><F125/><W53/><G53/><T116/><D116/><U4/><E65/><V95/><AGARI ba="0,1" hai="5,7,19,22,25,38,43,46,80,81,83,84,91,95" machi="95" ten="30,4000,0" yaku="1,1,0,1,53,1" doraHai="102" doraHaiUra="90" who="2" fromWho="2" sc="250,-20,250,-10,240,50,250,-10" /><INIT seed="1,0,0,3,5,83" ten="230,240,290,240" oya="1" hai0="28,77,53,43,55,10,23,114,24,4,6,81,128" hai1="89,78,102,131,20,29,130,118,19,31,61,21,45" hai2="103,110,68,125,63,25,26,0,101,129,50,120,51" hai3="116,42,40,48,94,88,39,62,58,60,17,76,30"/><U109/><E118/><V113/><F120/><W121/><G121/><T108/><D108/><U35/><E102/><V119/><F119/><W52/><G116/><T80/><D128/><N who="1" m="49195" /><E78/><V67/><F129/><W41/><G39/><T46/><D114/><U124/><E61/><V49/><F110/><W70/><G30/><N who="1" m="11274" /><E45/><V69/><F125/><W86/><G70/><T14/><D6/><U126/><E89/><V105/><F0/><W133/><G133/><T135/><D135/><U36/><E36/><V93/><F113/><W123/><G123/><T122/><D122/><U111/><E21/><V38/><F38/><W64/><G64/><T22/><D22/><U127/><E35/><V1/><F101/><W13/><G76/><T3/><D3/><U117/><E117/><V90/><F1/><W33/><G33/><T95/><D95/><U16/><E16/><V32/><F32/><W97/><G97/><T134/><D134/><U11/><E11/><AGARI ba="0,0" hai="11,13,17,40,41,42,48,52,58,60,62,86,88,94" machi="11" ten="40,8000,1" yaku="8,1,52,1,54,2" doraHai="83" who="3" fromWho="1" sc="230,0,240,-80,290,0,240,80" /><INIT seed="2,0,0,1,2,84" ten="230,160,290,320" oya="2" hai0="53,85,27,131,98,1,100,21,128,54,93,43,19" hai1="11,86,34,129,51,112,82,38,118,83,71,57,64" hai2="48,46,76,95,115,59,25,72,94,130,18,105,50" hai3="17,96,81,67,63,44,28,80,42,106,47,73,97"/><V33/><F115/><W101/><G28/><T23/><D1/><U62/><E118/><V88/><F95/><W78/><G96/><T109/><D109/><U16/><E129/><V35/><F105/><W29/><G29/><T121/><D121/><U107/><E107/><V26/><F130/><W117/><G117/><T40/><D128/><U68/><E34/><V99/><F33/><W22/><G80/><T31/><D131/><U66/><E38/><V36/><F36/><W41/><G41/><T122/><D122/><U87/><E112/><V20/><F35/><W8/><G8/><T125/><D125/><U55/><E66/><V70/><F70/><W0/><G0/><T10/><D10/><U135/><E135/><V74/><F76/><W110/><G42/><N who="0" m="15915" /><D85/><U13/><E68/><V116/><F116/><W124/><G110/><T79/><D79/><U14/><E14/><AGARI ba="0,0" hai="14,19,21,23,27,31,53,54,93,98,100" m="15915" machi="14" ten="30,1000,0" yaku="8,1" doraHai="84" who="0" fromWho="1" sc="230,10,160,-10,290,0,320,0" /><INIT seed="3,0,0,1,1,133" ten="240,150,290,320" oya="3" hai0="61,41,17,34,63,112,48,5,25,95,106,11,51" hai1="69,65,27,128,126,103,116,26,132,97,114,22,119" hai2="96,127,94,16,9,78,54,71,43,75,40,85,121" hai3="19,91,21,47,101,45,81,15,135,102,105,70,125"/><W68/><G135/><T100/><D106/><U35/><E114/><V24/><F121/><W31/><G31/><T44/><D112/><U36/><E36/><V76/><F75/><W84/><G125/><T74/><D74/><U29/><E132/><V109/><F109/><W23/><G23/><T92/><D34/><U58/><E128/><V6/><F71/><W110/><G110/><T77/><D77/><U37/><E37/><V7/><F127/><W20/><G20/><T82/><D82/><U55/><E126/><V113/><F113/><W0/><G0/><T8/><D51/><U117/><E58/><V88/><F54/><W32/><G32/><T86/><D25/><U33/><E55/><V12/><F24/><W1/><G1/><T4/><D17/><U123/><E123/><V52/><F52/><W66/><G70/><T130/><D130/><U60/><E33/><V46/><F40/><W80/><G80/><T39/><D39/><U50/><E50/><N who="2" m="26975" /><F85/><W13/><G13/><T62/><D86/><U49/><E49/><V134/><F134/><W30/><G30/><T93/><REACH who="0" step="1"/><D100/><REACH who="0" ten="230,150,290,320" step="2"/><U14/><E27/><V131/><F131/><W3/><G101/><T57/><D57/><U115/><E115/><V18/><F18/><W59/><G59/><T108/><D108/><U83/><E83/><V90/><F90/><W73/><G73/><T64/><D64/><U99/><E103/><V89/><F89/><W67/><G67/><T111/><D111/><U104/><E104/><V72/><F72/><W124/><G105/><T38/><D38/><U53/><E53/><RYUUKYOKU ba="0,1" sc="230,10,150,10,290,10,320,-30" hai0="4,5,8,11,41,44,48,61,62,63,92,93,95" hai1="14,22,26,29,35,60,65,69,97,99,116,117,119" hai2="6,7,9,12,16,76,78,88,94,96" /><INIT seed="4,1,1,2,2,34" ten="240,160,300,290" oya="0" hai0="29,6,51,39,67,65,72,22,78,95,15,57,12" hai1="115,80,62,49,103,1,97,82,101,18,59,68,109" hai2="111,43,117,88,126,21,64,105,20,133,73,40,36" hai3="11,27,135,52,76,10,31,23,131,53,8,123,33"/><T61/><D39/><U124/><E109/><V24/><F111/><W98/><G131/><T70/><D72/><U2/><E68/><V96/><F73/><W37/><G37/><T94/><D78/><U120/><E120/><V81/><F36/><W44/><G135/><T85/><D67/><U83/><E49/><V77/><F133/><W75/><G123/><T89/><D6/><U4/><E4/><V46/><F126/><W107/><G33/><T116/><D116/><U104/><E124/><V58/><F20/><W125/><G125/><T110/><D110/><U92/><E115/><V122/><F122/><W17/><G31/><T25/><D70/><U13/><E103/><V90/><F40/><W118/><G118/><T114/><D114/><U87/><E104/><V47/><F105/><W5/><G5/><T30/><D30/><U0/><E87/><N who="2" m="48559" /><F43/><W56/><G44/><N who="2" m="16937" /><F96/><W19/><G98/><T130/><D130/><U14/><REACH who="1" step="1"/><E18/><REACH who="1" ten="240,150,300,290" step="2"/><N who="2" m="12343" /><F117/><W55/><G107/><T127/><D127/><U38/><E38/><V60/><AGARI ba="1,2" hai="58,60,64,88,90" m="12343,16937,48559" machi="60" ten="30,2000,0" yaku="8,1,54,1" doraHai="34" who="2" fromWho="2" sc="240,-11,150,-6,300,43,290,-6" /><INIT seed="5,0,0,4,0,83" ten="229,144,343,284" oya="1" hai0="5,122,12,15,11,85,104,72,58,34,7,78,60" hai1="45,115,124,126,76,35,81,116,50,61,84,129,37" hai2="128,25,19,97,74,56,8,100,134,6,0,33,93" hai3="52,110,29,70,127,44,39,90,68,23,41,82,123"/><U117/><E37/><V121/><F121/><W132/><G110/><T99/><D122/><U9/><E35/><V135/><F74/><W27/><G123/><T51/><D34/><U118/><E115/><V48/><F128/><W107/><G107/><T75/><D51/><U28/><E28/><N who="2" m="19599" /><F19/><W102/><G102/><T125/><D125/><U96/><E129/><V98/><F48/><W1/><G1/><T120/><D120/><U53/><E96/><N who="2" m="59407" /><F56/><W92/><G132/><AGARI ba="0,0" hai="0,6,8,97,98,132,134,135" m="59407,19599" machi="132" ten="30,1000,0" yaku="20,1" doraHai="83" who="2" fromWho="3" sc="229,0,144,0,343,10,284,-10" /><INIT seed="6,0,0,3,5,63" ten="229,144,353,274" oya="2" hai0="49,59,47,9,19,121,15,45,82,100,4,118,120" hai1="103,56,13,108,112,96,67,53,101,87,44,62,124" hai2="107,68,2,7,77,83,39,78,117,37,18,57,131" hai3="99,66,113,6,31,86,64,25,38,11,79,133,90"/><V97/><F117/><W102/><G38/><T111/><D111/><U20/><E112/><V109/><F18/><W114/><G79/><T48/><D118/><U76/><E124/><V30/><F57/><W51/><G133/><T81/><D100/><U95/><E108/><V126/><F77/><W23/><G51/><T134/><D134/><U26/><E13/><V24/><F68/><W10/><G113/><T88/><D59/><U110/><E110/><V74/><F131/><W132/><G132/><T17/><D4/><U0/><E0/><V105/><F126/><W29/><G29/><T28/><D28/><U127/><E127/><V42/><F97/><W8/><G6/><T135/><D135/><U16/><E44/><N who="2" m="23631" /><F39/><W104/><REACH who="3" step="1"/><G114/><REACH who="3" ten="229,144,353,264" step="2"/><T106/><D49/><U73/><E73/><V69/><F74/><W70/><G70/><T35/><D48/><U22/><E22/><V52/><F69/><W12/><G12/><T50/><D15/><U115/><E115/><V40/><F30/><W14/><G14/><T94/><D50/><U129/><E129/><V1/><F78/><W116/><G116/><T130/><D130/><U85/><E76/><V119/><F119/><W128/><G128/><T122/><D122/><U98/><REACH who="1" step="1"/><E53/><REACH who="1" ten="229,134,353,264" step="2"/><V123/><F52/><W54/><G54/><T33/><D121/><U55/><E55/><V72/><F123/><W125/><G125/><T93/><D120/><U34/><E34/><V65/><F109/><W61/><G61/><T91/><D9/><U75/><E75/><V71/><F72/><W46/><G46/><T27/><D27/><RYUUKYOKU ba="0,2" sc="229,10,134,10,353,-30,264,10" hai0="17,19,33,35,45,47,81,82,88,91,93,94,106" hai1="16,20,26,56,62,67,85,87,95,96,98,101,103" hai3="8,10,11,23,25,31,64,66,86,90,99,102,104" /><INIT seed="7,1,2,5,4,97" ten="239,144,323,274" oya="3" hai0="0,108,119,35,48,68,88,81,11,77,104,15,99" hai1="33,20,121,115,43,13,129,118,73,29,74,56,14" hai2="62,103,18,3,25,100,102,95,57,32,135,71,90" hai3="9,40,110,126,6,30,67,28,12,116,98,60,78"/><W27/><G116/><T41/><D108/><U5/><E121/><V17/><F71/><W94/><G126/><T80/><D35/><U31/><E118/><V85/><F3/><W49/><G110/><T125/><D68/><U66/><E129/><V52/><REACH who="2" step="1"/><F135/><REACH who="2" ten="239,144,313,274" step="2"/><W16/><G78/><T109/><D0/><U38/><E115/><V36/><F36/><W50/><G6/><N who="0" m="3575" /><D109/><U124/><E124/><V19/><F19/><W63/><G30/><AGARI ba="1,3" hai="17,18,25,30,32,52,57,62,85,90,95,100,102,103" machi="30" ten="40,12000,2" yaku="1,1,52,3,54,1,53,1" doraHai="97" doraHaiUra="53" who="2" fromWho="3" sc="239,0,144,0,313,153,274,-123" owari="239,4.0,144,-36.0,466,57.0,151,-25.0" /></mjloggm>