<mjloggm ver="2.3"><GO type="169" lobby="0"/><UN n0="%59%54%39%38%39%39" n1="%E5%A4%9A%E5%8F%A3%E4%B8%87%E6%A3%92" n2="%E7%AE%97%E6%95%B0%E3%81%8C%E3%81%A7%E3%81%8D%E3%81%AA%E3%81%84" n3="%64%6F%6E%63%68%61%6E%33" dan="17,17,17,16" rate="2190.49,2127.44,2184.88,2083.88" sx="M,M,M,M"/><TAIKYOKU oya="0"/><INIT seed="0,0,0,2,4,16" ten="250,250,250,250" oya="0" hai0="101,65,63,90,125,21,118,85,14,48,93,6,52" hai1="129,19,47,99,128,112,80,66,4,9,122,132,42" hai2="94,27,28,13,109,127,124,114,36,51,107,41,10" hai3="7,5,62,22,113,17,117,39,72,18,116,86,35"/><T87/><D118/><U57/><E122/><V67/><F114/><W55/><G72/><T88/><D101/><U30/><E30/><V11/><F107/><W8/><G39/><T81/><D125/><U40/><E99/><V75/><F109/><W68/><G113/><T0/><D0/><U97/><E97/><V26/><F36/><W92/><G35/><T95/><D81/><U53/><E80/><V31/><F75/><W38/><G38/><T104/><D104/><U79/><E19/><V71/><F94/><W131/><G131/><T133/><D133/><U37/><E40/><V130/><F130/><W103/><G17/><N who="0" m="10423" /><D65/><U2/><E79/><V32/><F71/><W64/><G55/><T1/><D1/><U54/><E54/><V34/><F67/><W108/><G108/><T74/><D74/><U50/><E132/><V134/><F134/><W58/><G68/><T33/><D33/><U106/><E106/><V46/><REACH who="2" step="1"/><F10/><REACH who="2" ten="250,250,240,250" step="2"/><W110/><G110/><T56/><D6/><AGARI ba="0,1" hai="6,11,13,26,27,28,31,32,34,41,46,51,124,127" machi="6" ten="40,5200,0" yaku="1,1,2,1,9,1,53,0" doraHai="16" doraHaiUra="120" who="2" fromWho="0" sc="250,-52,250,0,240,62,250,0" /><INIT seed="1,0,0,1,1,102" ten="198,250,302,250" oya="1" hai0="80,119,133,123,58,8,94,55,77,29,127,51,85" hai1="88,19,84,128,76,33,18,35,9,132,22,49,95" hai2="69,1,44,13,113,11,4,67,10,39,5,104,125" hai3="106,103,135,126,20,105,48,50,0,45,98,73,93"/><U134/><E128/><V41/><F113/><W23/><G0/><T47/><D123/><U64/><E64/><V72/><F125/><W52/><G73/><T121/><D127/><U7/><E76/><V37/><F72/><W89/><G126/><T27/><D121/><U100/><E100/><V107/><REACH who="2" step="1"/><F37/><REACH who="2" ten="198,250,292,250" step="2"/><W70/><G135/><T36/><D133/><U6/><E134/><V91/><F91/><W99/><G70/><T54/><D36/><U83/><E132/><V24/><F24/><W109/><G109/><T110/><D110/><U75/><E35/><V81/><F81/><W2/><G2/><T92/><D119/><U66/><E33/><V16/><F16/><W82/><G82/><T63/><REACH who="0" step="1"/><D8/><REACH who="0" ten="188,250,292,250" step="2"/><U78/><E9/><V43/><F43/><W96/><REACH who="3" step="1"/><G48/><REACH who="3" ten="188,250,292,240" step="2"/><T31/><D31/><U114/><E49/><V117/><F117/><W17/><G17/><T34/><AGARI ba="0,3" hai="27,29,34,47,51,54,55,58,63,77,80,85,92,94" machi="34" ten="20,2700,0" yaku="1,1,0,1,7,1,53,0" doraHai="102" doraHaiUra="12" who="0" fromWho="0" sc="188,57,250,-13,292,-7,240,-7" /><INIT seed="2,0,0,0,3,45" ten="245,237,285,233" oya="2" hai0="100,104,77,34,22,109,14,10,79,5,28,76,7" hai1="97,36,58,11,4,17,122,69,110,0,6,29,52" hai2="111,124,53,49,31,128,135,95,42,43,108,15,80" hai3="68,62,83,48,55,12,38,99,103,66,59,70,134"/><V126/><F135/><W125/><G134/><T114/><D34/><U112/><E110/><N who="2" m="42027" /><F128/><W87/><G125/><N who="2" m="48233" /><F31/><W44/><G12/><T2/><D2/><U61/><E36/><V21/><F95/><W13/><G13/><T90/><D5/><U91/><E6/><V37/><F37/><W30/><G30/><T106/><D109/><U26/><E69/><V75/><F21/><W32/><G32/><T133/><D22/><U107/><E112/><V50/><F15/><W20/><G20/><T65/><D28/><U119/><E29/><V94/><F94/><W56/><G68/><T47/><D14/><U16/><E26/><V67/><F67/><W18/><G18/><T131/><D7/><U127/><E127/><V84/><F75/><W101/><G38/><T86/><D114/><U123/><E17/><V19/><F19/><W39/><G39/><T117/><D65/><U9/><E16/><V3/><F3/><W102/><REACH who="3" step="1"/><G99/><REACH who="3" ten="245,237,285,223" step="2"/><T116/><D133/><U121/><E97/><V71/><F71/><W81/><G81/><T54/><D131/><U130/><E130/><V40/><F53/><W78/><AGARI ba="0,1" hai="44,48,55,56,59,62,66,70,78,83,87,101,102,103" machi="78" ten="30,4000,0" yaku="1,1,0,1,52,1,53,0" doraHai="45" doraHaiUra="120" who="3" fromWho="3" sc="245,-10,237,-10,285,-20,223,50" /><INIT seed="3,0,0,1,0,127" ten="235,227,265,273" oya="3" hai0="102,40,119,110,38,23,12,29,57,49,34,13,62" hai1="87,4,25,11,95,41,117,88,66,103,120,31,58" hai2="89,114,7,109,45,18,134,112,78,123,22,67,74" hai3="1,99,80,92,52,125,132,54,24,84,97,69,106"/><W55/><G125/><T27/><D38/><U121/><E117/><V85/><F109/><W14/><G1/><T19/><D110/><U116/><E116/><V46/><F134/><W75/><G132/><T36/><D36/><U115/><E115/><V104/><F104/><W51/><G69/><T42/><D119/><U70/><E70/><V35/><F35/><W15/><G75/><T2/><D49/><U56/><E41/><V128/><F123/><W32/><G106/><T135/><D135/><U68/><E68/><V113/><F67/><W129/><G129/><T3/><D13/><N who="3" m="4617" /><G24/><T126/><D126/><U21/><E103/><V53/><F7/><W16/><G16/><T9/><D102/><U44/><E44/><V122/><F128/><W48/><G32/><T93/><D93/><U0/><REACH who="1" step="1"/><E66/><REACH who="1" ten="235,217,265,273" step="2"/><V30/><F113/><W63/><G63/><T20/><D40/><U47/><E47/><V81/><F112/><W76/><G99/><T77/><D42/><U5/><E5/><V98/><F114/><W10/><G10/><T50/><D9/><U111/><E111/><V39/><F98/><W43/><G43/><T60/><D57/><AGARI ba="0,1" hai="0,4,11,21,25,31,56,57,58,87,88,95,120,121" machi="57" ten="40,5200,0" yaku="1,1,54,1,53,1" doraHai="127" doraHaiUra="6" who="1" fromWho="0" sc="235,-52,217,62,265,0,273,0" /><INIT seed="4,0,0,5,2,37" ten="183,279,265,273" oya="0" hai0="21,49,103,93,130,59,9,116,114,19,91,36,90" hai1="24,96,66,81,124,15,135,11,54,69,128,22,26" hai2="32,86,45,84,122,94,58,48,44,16,107,40,67" hai3="70,117,95,64,55,120,74,77,23,34,131,63,83"/><T72/><D36/><U5/><E128/><V53/><F107/><W29/><G117/><T68/><D130/><U52/><E135/><V12/><F122/><W82/><G131/><T14/><D72/><U118/><E124/><V17/><F32/><W106/><G23/><T119/><D68/><U61/><E118/><V108/><F108/><W39/><G95/><T133/><D114/><U71/><E69/><V3/><F3/><W134/><G55/><T127/><D133/><U41/><E41/><V62/><F94/><W125/><G83/><T89/><D127/><U1/><E96/><V98/><F98/><W7/><G134/><T65/><D119/><U104/><E104/><V115/><F115/><W60/><G7/><T123/><D116/><U4/><E81/><V85/><REACH who="2" step="1"/><F12/><REACH who="2" ten="183,279,255,273" step="2"/><W56/><G120/><T6/><D123/><U102/><E15/><V75/><F75/><W129/><G106/><T51/><D103/><U30/><E102/><V132/><F132/><W99/><G129/><T0/><REACH who="0" step="1"/><D93/><REACH who="0" ten="173,279,255,273" step="2"/><U73/><E73/><V33/><F33/><W109/><G125/><T105/><D105/><U38/><E38/><AGARI ba="0,2" hai="16,17,38,40,44,45,48,53,58,62,67,84,85,86" machi="38" ten="40,5200,0" yaku="1,1,52,1,54,1,53,0" doraHai="37" doraHaiUra="78" who="2" fromWho="1" sc="173,0,279,-52,255,72,273,0" /><INIT seed="5,0,0,0,1,62" ten="173,227,327,273" oya="1" hai0="28,0,131,67,93,63,55,44,7,13,75,135,119" hai1="76,6,74,112,36,108,10,84,11,54,43,113,3" hai2="85,52,91,96,47,15,102,99,106,94,68,87,133" hai3="134,61,20,66,83,2,12,56,50,42,126,53,88"/><U103/><E108/><V98/><F133/><W121/><G2/><T40/><D75/><U17/><E103/><V37/><F68/><W5/><G121/><T4/><D131/><U100/><E100/><V31/><F31/><W123/><G123/><T8/><D119/><U58/><E84/><V65/><F65/><W97/><G134/><T24/><D55/><U57/><E11/><V101/><F15/><W46/><G126/><T1/><D93/><U130/><E17/><V69/><F69/><W34/><G34/><T30/><D135/><U77/><E77/><V117/><F117/><W122/><G122/><T19/><D1/><U18/><E18/><V60/><F60/><W116/><G116/><T64/><D63/><U114/><E54/><V27/><F27/><W115/><G115/><T14/><D14/><U38/><E130/><V104/><F52/><W92/><G83/><T9/><D30/><U129/><E129/><V78/><F78/><W32/><G32/><T128/><D128/><U29/><E29/><V21/><F21/><W48/><G20/><T127/><D127/><U86/><E74/><V39/><F47/><N who="3" m="27871" /><G12/><T33/><REACH who="0" step="1"/><D7/><AGARI ba="0,0" hai="5,7,42,46,48,56,61,66,88,92,97" m="27871" machi="7" ten="30,3900,0" yaku="8,1,52,1,54,1" doraHai="62" who="3" fromWho="0" sc="173,-39,227,0,327,0,273,39" /><INIT seed="6,0,0,4,1,95" ten="134,227,327,312" oya="2" hai0="125,131,61,134,68,78,33,48,1,51,46,29,102" hai1="87,67,49,83,118,55,65,25,97,73,69,35,90" hai2="47,14,22,4,109,114,24,133,53,3,41,30,34" hai3="91,82,86,112,38,11,21,13,122,96,106,119,15"/><V50/><F114/><W113/><G119/><T135/><D1/><U103/><E118/><V89/><F133/><N who="0" m="50698" /><D29/><U84/><E69/><V124/><F124/><W26/><G122/><T107/><D33/><U57/><E73/><V39/><F109/><W5/><G38/><T110/><D78/><U64/><E87/><V76/><F76/><W7/><G7/><T100/><D110/><U62/><E25/><V85/><F3/><W130/><G130/><T40/><D107/><U94/><REACH who="1" step="1"/><E35/><REACH who="1" ten="134,217,327,312" step="2"/><V52/><F34/><W127/><G127/><T74/><D125/><U117/><E117/><V0/><F85/><W115/><G26/><T16/><D74/><U70/><AGARI ba="0,1" hai="49,55,57,62,64,65,67,70,83,84,90,94,97,103" machi="70" ten="20,8000,1" yaku="1,1,0,1,7,1,52,1,53,1" doraHai="95" doraHaiUra="80" who="1" fromWho="1" sc="134,-20,217,90,327,-40,312,-20" /><INIT seed="7,0,0,5,4,27" ten="114,307,287,292" oya="3" hai0="96,6,91,106,83,73,122,109,110,87,45,21,68" hai1="133,103,134,90,7,9,125,3,41,119,53,13,94" hai2="111,20,18,107,14,23,126,81,60,79,130,117,36" hai3="16,51,127,34,89,93,77,1,31,108,39,2,35"/><W64/><G39/><T99/><D68/><U17/><E125/><V76/><F111/><W71/><G108/><T86/><D45/><U66/><E119/><V101/><F117/><W80/><G127/><T5/><D21/><U55/><E103/><V116/><F116/><W63/><G51/><T42/><D42/><U47/><E66/><V33/><F126/><W124/><G124/><T25/><D25/><U11/><E133/><V8/><F36/><W40/><G40/><T37/><D37/><U46/><E134/><V22/><F33/><W52/><G52/><T0/><D0/><U38/><E47/><V43/><F43/><W59/><G71/><T4/><D122/><U78/><E78/><V100/><F130/><W75/><G34/><T112/><D73/><U19/><E17/><V30/><F30/><W97/><G31/><T24/><D24/><U49/><E38/><V61/><F76/><W85/><G35/><T132/><D112/><U102/><E102/><N who="2" m="39531" /><F107/><W104/><G104/><T67/><D132/><U115/><E115/><V131/><F131/><W50/><G50/><T62/><D106/><U32/><E32/><V57/><F57/><W105/><G105/><T69/><REACH who="0" step="1"/><D87/><AGARI ba="0,0" hai="3,7,9,11,13,19,41,46,49,53,55,87,90,94" machi="87" ten="30,1000,0" yaku="7,1" doraHai="27" who="1" fromWho="0" sc="114,-10,307,10,287,0,292,0" /><AGARI ba="0,0" hai="8,14,18,20,22,23,60,61,79,81,87" m="39531" machi="87" ten="30,1000,0" yaku="8,1" doraHai="27" who="2" fromWho="0" sc="104,-10,317,0,287,10,292,0" owari="94,-41.0,317,42.0,297,10.0,292,-11.0" /></mjloggm>