<mjloggm ver="2.3"><GO type="169" lobby="0"/><UN n0="%4B%45%4E%2D%4F%47%41%53" n1="%E6%98%AF%E6%94%BF%E3%81%AE%E5%A4%95%E9%99%BD" n2="%6B%72%62" n3="%E7%99%BE%E9%87%8E%E3%81%95%E3%82%93" dan="16,16,16,16" rate="2112.45,2141.34,2116.11,2132.24" sx="M,M,F,M"/><TAIKYOKU oya="0"/><INIT seed="0,0,0,4,2,119" ten="250,250,250,250" oya="0" hai0="16,117,83,89,77,124,91,125,101,25,50,79,112" hai1="57,134,48,86,87,121,128,75,107,90,84,55,113" hai2="92,102,73,88,12,14,26,122,5,45,51,131,65" hai3="47,118,4,13,37,99,15,78,35,27,95,98,100"/><T33/><D117/><U9/><E75/><V103/><F73/><W11/><G118/><T21/><D112/><U49/><E107/><V68/><F131/><W1/><G78/><N who="0" m="29707" /><D101/><U66/><E128/><V111/><F111/><W108/><G108/><T8/><D33/><U39/><E39/><V132/><F132/><W6/><G35/><T60/><D83/><U42/><E134/><V22/><F122/><W36/><G27/><T54/><D60/><U2/><E121/><V72/><F72/><W74/><G74/><T129/><D8/><U116/><E66/><V34/><F34/><W56/><G1/><T80/><D80/><U53/><E42/><N who="2" m="25015" /><F65/><W106/><G47/><N who="0" m="27999" /><D129/><U31/><E113/><V126/><F126/><AGARI ba="0,0" hai="16,21,25,89,91,124,125,126" m="27999,29707" machi="126" ten="30,2900,0" yaku="18,1,54,1" doraHai="119" who="0" fromWho="2" sc="250,29,250,0,250,-29,250,0" /><INIT seed="0,1,0,1,2,63" ten="279,250,221,250" oya="0" hai0="111,40,103,9,70,27,80,60,17,14,128,42,75" hai1="30,114,81,97,18,120,7,69,13,46,41,126,20" hai2="25,100,59,16,93,43,99,77,65,68,50,135,107" hai3="112,48,122,116,104,55,64,105,73,76,115,62,125"/><T29/><D128/><U39/><E120/><V101/><F135/><W0/><G116/><T26/><D111/><U108/><E108/><V94/><F77/><W91/><G0/><T109/><D109/><U35/><E126/><V49/><F68/><W37/><G37/><T61/><D27/><U38/><E114/><V118/><F118/><W88/><G125/><T106/><D80/><U110/><E69/><V15/><F25/><W72/><G122/><T47/><D75/><U54/><E97/><N who="2" m="59439" /><F107/><W66/><G62/><T4/><D4/><U58/><E7/><V98/><F98/><W87/><G76/><T11/><D11/><U121/><E121/><V51/><F43/><W133/><G87/><T74/><D74/><U78/><E30/><V113/><F113/><W96/><G96/><N who="0" m="61799" /><D61/><U21/><E35/><V85/><F85/><W71/><G71/><T45/><D42/><U32/><E32/><V33/><F33/><W19/><G55/><T52/><D40/><U86/><E110/><V95/><F95/><W31/><G31/><T130/><D130/><U83/><E83/><V79/><F79/><W44/><G19/><T22/><D70/><U84/><E39/><V23/><F65/><W67/><G64/><T129/><D129/><U90/><E84/><V56/><AGARI ba="1,0" hai="15,16,23,49,50,51,56,59,94,99,101" m="59439" machi="56" ten="30,2000,0" yaku="8,1,54,1" doraHai="63" who="2" fromWho="2" sc="279,-11,250,-6,221,23,250,-6" /><INIT seed="1,0,0,4,0,95" ten="268,244,244,244" oya="1" hai0="123,126,61,0,132,28,124,102,83,85,35,44,90" hai1="79,93,70,53,47,34,21,81,111,116,91,16,68" hai2="101,84,48,130,59,51,62,88,96,94,134,42,135" hai3="41,4,76,99,65,26,37,31,43,56,29,12,113"/><U117/><E34/><V18/><F130/><W87/><G37/><T15/><D0/><U128/><E128/><V45/><F48/><W119/><G119/><T6/><D123/><U114/><E114/><V120/><F120/><W92/><G113/><T105/><D132/><U67/><E111/><V107/><REACH who="2" step="1"/><F18/><REACH who="2" ten="268,244,234,244" step="2"/><W100/><G43/><T54/><D126/><U17/><E116/><V86/><F86/><W22/><G41/><T82/><D85/><U30/><E117/><V98/><F98/><W89/><G76/><T8/><D124/><U75/><E17/><V38/><F38/><W1/><G31/><T27/><D83/><U125/><E30/><V121/><F121/><W20/><G29/><T112/><D112/><U80/><E80/><V57/><F57/><W49/><G49/><T36/><D36/><U19/><E125/><V115/><F115/><W55/><G56/><T24/><D28/><U122/><E19/><V78/><F78/><W64/><G87/><T58/><D44/><U50/><E122/><V11/><F11/><W5/><G99/><T14/><D35/><U60/><E68/><V73/><F73/><W109/><G22/><T97/><D82/><U106/><E16/><V32/><F32/><W69/><G20/><T72/><D72/><U52/><E21/><V133/><F133/><W46/><G69/><T127/><D127/><U74/><E75/><V108/><F108/><W104/><G109/><T7/><D90/><U33/><E33/><V40/><F40/><W23/><G89/><T131/><D131/><U77/><E91/><V10/><F10/><AGARI ba="0,1" hai="6,7,8,10,14,15,24,27,54,58,61,97,102,105" machi="10" ten="40,5200,0" yaku="6,1,9,1,52,1" doraHai="95" who="0" fromWho="2" sc="268,62,244,0,234,-52,244,0" /><INIT seed="2,0,0,4,1,67" ten="330,244,182,244" oya="2" hai0="79,23,50,48,39,119,17,65,74,112,86,28,38" hai1="40,9,2,51,128,63,87,135,10,132,94,123,4" hai2="114,129,56,32,24,133,88,6,92,102,83,103,7" hai3="76,95,99,90,42,52,77,16,124,126,26,54,57"/><V121/><F121/><W93/><G42/><T80/><D112/><U89/><E128/><V8/><F129/><W27/><G54/><T44/><D119/><U55/><E123/><V100/><F114/><W108/><G108/><T12/><D48/><U107/><E107/><V62/><F133/><W49/><G95/><T58/><D74/><U98/><E40/><V25/><F83/><W22/><REACH who="3" step="1"/><G26/><REACH who="3" ten="330,244,182,234" step="2"/><T60/><REACH who="0" step="1"/><D28/><REACH who="0" ten="320,244,182,234" step="2"/><U0/><E132/><V101/><F32/><W11/><G11/><T30/><D30/><U37/><E135/><V18/><F24/><W61/><G61/><T20/><D20/><U84/><E63/><V47/><F8/><W1/><G1/><T13/><D13/><U72/><E10/><V120/><F120/><W15/><G15/><T130/><D130/><U73/><E2/><V19/><F25/><W116/><G116/><T3/><D3/><U14/><E0/><V122/><F122/><W85/><G85/><T59/><D59/><U115/><E115/><V96/><N who="2" m="25600" /><DORA hai="41" /><V106/><F106/><W111/><G111/><T68/><D68/><U91/><E84/><V109/><F109/><W78/><AGARI ba="0,2" hai="16,22,27,49,52,57,76,77,78,90,93,99,124,126" machi="78" ten="30,8000,1" yaku="1,1,0,1,54,2,53,1" doraHai="67,41" doraHaiUra="125,21" who="3" fromWho="3" sc="320,-20,244,-20,182,-40,234,100" /><INIT seed="3,0,0,1,2,25" ten="300,224,142,334" oya="3" hai0="128,71,16,127,45,48,130,22,118,41,15,5,102" hai1="90,37,64,63,88,56,77,83,97,1,27,135,72" hai2="44,101,47,50,33,55,98,116,38,78,82,35,65" hai3="86,95,107,120,106,49,108,26,134,7,68,61,84"/><W85/><G120/><T10/><D118/><U19/><E135/><V110/><F116/><W115/><G115/><T53/><D71/><U75/><E1/><V40/><F110/><W104/><G7/><T52/><D102/><U17/><E37/><V0/><F0/><W3/><G3/><N who="0" m="319" /><D127/><U122/><E122/><V74/><REACH who="2" step="1"/><F65/><REACH who="2" ten="300,224,132,334" step="2"/><W131/><G134/><T60/><D60/><U39/><E39/><V119/><F119/><W117/><G117/><T36/><D36/><U8/><E75/><V46/><F46/><W109/><G131/><AGARI ba="0,1" hai="15,16,22,41,45,48,52,53,128,130,131" m="319" machi="131" ten="30,3900,0" yaku="19,1,54,2" doraHai="25" who="0" fromWho="3" sc="300,49,224,0,132,0,334,-39" /><INIT seed="4,0,0,5,5,105" ten="349,224,132,295" oya="0" hai0="2,11,76,86,126,44,107,91,130,43,15,124,98" hai1="92,123,112,83,3,60,66,97,125,132,68,42,67" hai2="32,63,6,119,102,110,21,1,53,109,80,49,14" hai3="99,13,45,26,82,108,59,74,16,61,73,57,35"/><T103/><D130/><U25/><E123/><V4/><F32/><W10/><G108/><T52/><D76/><U7/><E125/><V30/><F119/><W118/><G82/><T31/><D31/><U121/><E121/><V12/><F102/><W85/><G118/><T75/><D2/><U78/><E132/><V0/><F63/><W114/><G85/><T131/><D131/><U28/><E112/><V94/><F94/><W122/><G122/><T50/><D75/><U51/><E66/><V84/><F49/><W8/><G45/><T134/><D43/><U19/><E19/><V79/><F53/><W17/><G59/><T27/><D27/><U69/><E7/><N who="2" m="2603" /><F84/><W100/><G114/><T29/><D29/><U95/><E3/><N who="2" m="1099" /><F79/><W71/><G71/><T93/><REACH who="0" step="1"/><D134/><REACH who="0" ten="339,224,132,295" step="2"/><U20/><E42/><V55/><F55/><W39/><G26/><T113/><D113/><U47/><E25/><N who="2" m="16687" /><F80/><W87/><G35/><T9/><D9/><U70/><E83/><V23/><F23/><W33/><G33/><T38/><D38/><U88/><E20/><V62/><F62/><W56/><G39/><T54/><D54/><U40/><E78/><V81/><F81/><W22/><G61/><T104/><D104/><U64/><E67/><V72/><F72/><W128/><G22/><T36/><D36/><U58/><E28/><V106/><F106/><N who="3" m="63775" /><G128/><T135/><D135/><U41/><E40/><V117/><F117/><W96/><G74/><T24/><D24/><U77/><E77/><V120/><F120/><W37/><G73/><T129/><D129/><U48/><E92/><RYUUKYOKU ba="0,1" sc="339,10,224,10,132,10,295,-30" hai0="11,15,44,50,52,86,91,93,98,103,107,124,126" hai1="41,47,48,51,58,60,64,68,69,70,88,95,97" hai2="12,14,109,110" /><INIT seed="4,1,1,5,2,128" ten="349,234,142,265" oya="0" hai0="38,117,70,86,84,5,79,63,14,8,90,94,60" hai1="3,114,112,42,1,82,22,104,101,15,51,81,58" hai2="65,120,10,83,73,19,53,111,32,28,7,110,46" hai3="18,133,124,49,118,44,56,97,76,91,52,126,121"/><T69/><D38/><U40/><E101/><V39/><F120/><W98/><G118/><T108/><D117/><U4/><E104/><V57/><F65/><W99/><G76/><T78/><D108/><U17/><E58/><V61/><F32/><W23/><G121/><T26/><D70/><U55/><E55/><V88/><F28/><W85/><G133/><T116/><D116/><U43/><E51/><V87/><F73/><W66/><G66/><T96/><D69/><U75/><E4/><V129/><F129/><W95/><REACH who="3" step="1"/><G44/><REACH who="3" ten="349,234,142,255" step="2"/><T92/><D79/><U34/><E75/><V62/><F46/><W27/><AGARI ba="1,2" hai="18,23,27,49,52,56,85,91,95,97,98,99,124,126" machi="27" ten="30,7900,0" yaku="1,1,2,1,0,1,54,1,53,0" doraHai="128" doraHaiUra="24" who="3" fromWho="3" sc="349,-40,234,-21,142,-21,255,102" /><INIT seed="5,0,0,4,0,54" ten="309,213,121,357" oya="1" hai0="89,62,97,27,71,93,23,8,25,51,103,42,77" hai1="44,125,49,78,117,48,13,4,90,66,70,113,28" hai2="79,34,91,39,127,130,102,94,108,0,98,118,69" hai3="26,82,75,19,50,46,74,11,124,58,72,6,133"/><U10/><E117/><V85/><F0/><W96/><G133/><T20/><D77/><U41/><E125/><V35/><F39/><W52/><G96/><T3/><D3/><U32/><E113/><V1/><F1/><W111/><G111/><T16/><D8/><U29/><E32/><V110/><F69/><W106/><G106/><T17/><D71/><U18/><E70/><V88/><F118/><W30/><G19/><T31/><D62/><U2/><E66/><V80/><F34/><W37/><G37/><T83/><D42/><U100/><E100/><V81/><F35/><W84/><G124/><T5/><D5/><U12/><E2/><V76/><F130/><W119/><G119/><T7/><D7/><U36/><E36/><V55/><F55/><W105/><G105/><T109/><D51/><U129/><E129/><V38/><F38/><W121/><G121/><T128/><D128/><U135/><E135/><V9/><F9/><W67/><G11/><T45/><D45/><N who="1" m="25647" /><E78/><V115/><F115/><W65/><G6/><T92/><D83/><U59/><E90/><N who="2" m="34347" /><F127/><W104/><G104/><T87/><D109/><U116/><E44/><V61/><F61/><W40/><G46/><T33/><D33/><U99/><E99/><V15/><F15/><W120/><G120/><T14/><D14/><U24/><E116/><V126/><F126/><W63/><G40/><T21/><D31/><N who="1" m="11851" /><E24/><AGARI ba="0,0" hai="16,17,20,21,23,24,25,27,87,89,92,93,97,103" machi="24" ten="40,2600,0" yaku="8,1,54,1" doraHai="54" who="0" fromWho="1" sc="309,26,213,-26,121,0,357,0" /><INIT seed="6,0,0,0,0,61" ten="335,187,121,357" oya="2" hai0="71,101,64,59,10,98,77,104,118,103,63,0,30" hai1="84,62,47,38,92,8,37,90,42,80,122,16,54" hai2="91,6,112,48,110,3,123,128,2,31,115,111,67" hai3="28,58,11,1,66,99,119,35,131,29,130,65,114"/><V116/><F128/><N who="3" m="49195" /><G119/><T102/><D118/><U117/><E117/><V81/><F116/><W40/><G40/><T74/><D74/><U56/><E122/><V75/><F123/><W36/><G36/><T41/><D41/><U13/><REACH who="1" step="1"/><E80/><REACH who="1" ten="335,177,121,357" step="2"/><V93/><F31/><W4/><G114/><N who="2" m="43561" /><F6/><W45/><G29/><T133/><D30/><U85/><E85/><N who="2" m="52463" /><F48/><AGARI ba="0,1" hai="8,13,16,37,38,42,47,48,54,56,62,84,90,92" machi="48" ten="30,3900,0" yaku="1,1,7,1,54,1,53,0" doraHai="61" doraHaiUra="124" who="1" fromWho="2" sc="335,0,177,49,121,-39,357,0" /><INIT seed="7,0,0,0,1,29" ten="335,226,82,357" oya="3" hai0="73,74,123,68,23,60,66,114,77,110,11,124,76" hai1="72,135,45,132,37,107,71,4,19,50,56,104,119" hai2="69,115,117,100,99,3,35,89,121,44,13,106,21" hai3="98,30,126,88,46,10,22,78,134,17,59,84,49"/><W87/><G134/><N who="1" m="51242" /><E72/><V92/><F117/><W36/><G36/><T58/><D123/><U103/><E103/><V43/><F121/><W15/><G126/><T54/><D124/><U96/><E96/><V94/><F115/><W14/><G78/><T62/><D110/><U128/><E128/><V0/><F106/><W130/><G130/><T38/><D114/><U12/><E71/><V9/><F69/><W32/><G32/><T90/><D38/><U111/><E4/><V65/><F65/><W26/><G59/><T81/><D23/><U47/><E56/><V8/><F21/><W5/><G98/><T101/><D101/><U116/><E111/><V127/><F127/><W75/><G75/><T1/><D90/><U20/><E47/><V129/><F99/><W102/><G102/><T27/><D27/><U16/><E19/><V86/><F100/><W31/><G14/><T112/><D112/><U122/><E37/><V79/><F13/><W95/><G84/><T41/><D41/><AGARI ba="0,0" hai="5,10,15,17,22,26,30,31,41,46,49,87,88,95" machi="41" ten="30,5800,0" yaku="7,1,8,1,54,1" doraHai="29" who="3" fromWho="0" sc="335,-58,226,0,82,0,357,58" owari="277,8.0,226,-17.0,82,-42.0,415,51.0" /></mjloggm>