<mjloggm ver="2.3"><GO type="169" lobby="0"/><UN n0="%E3%83%93%E3%83%81%E3%83%A3%E5%B1%B1%E3%83%93%E3%83%81%E3%83%A3%E7%94%B7" n1="%E3%82%AA%E3%83%AD%E3%83%8E%E3%81%A1%E3%82%83%E3%82%93" n2="%79%6F%75%61%6C%70%68%61" n3="%73%79%61%6D%6F" dan="16,16,17,16" rate="2044.98,2075.47,2141.11,2115.16" sx="M,F,M,M"/><TAIKYOKU oya="0"/><INIT seed="0,0,0,4,2,110" ten="250,250,250,250" oya="0" hai0="82,102,115,37,60,33,7,36,66,101,49,50,22" hai1="123,112,134,38,1,12,70,34,135,113,40,39,79" hai2="95,43,75,14,4,129,83,61,26,92,111,127,130" hai3="44,42,0,32,116,45,5,117,107,65,118,20,11"/><T85/><D33/><U9/><E123/><V72/><F111/><W99/><G20/><T121/><D121/><U77/><E1/><V25/><F43/><W23/><G23/><T62/><D7/><N who="1" m="3135" /><E70/><V80/><F61/><W105/><G44/><T47/><D115/><N who="1" m="44107" /><E34/><V41/><F41/><W119/><G32/><T8/><D8/><U17/><E17/><V68/><F14/><W64/><G118/><T97/><D37/><N who="1" m="13835" /><E40/><V106/><F68/><W59/><G119/><T120/><D120/><U19/><E19/><V24/><F4/><W131/><G117/><T128/><D36/><U74/><E74/><V18/><F18/><W86/><G42/><T30/><D128/><U88/><E88/><V6/><F6/><W125/><G131/><T90/><D30/><U67/><E67/><V93/><F129/><W78/><G65/><T21/><D66/><U16/><E16/><V100/><F130/><W48/><G5/><T15/><D15/><U63/><E63/><N who="0" m="24105" /><D50/><U98/><E98/><V91/><F91/><W76/><G99/><T71/><D71/><U46/><E46/><V51/><F51/><W73/><G45/><T108/><D97/><U81/><E81/><V10/><F75/><W124/><G73/><T132/><D108/><U52/><E52/><V96/><F72/><W27/><G64/><T57/><D47/><U28/><E28/><V104/><F10/><W109/><G11/><T94/><D82/><N who="2" m="31274" /><F104/><W133/><G107/><T126/><D49/><U58/><E58/><V35/><F35/><W122/><G116/><T54/><D57/><U53/><E53/><RYUUKYOKU ba="0,0" sc="250,-15,250,15,250,15,250,-15" hai1="77,79,134,135" hai2="24,25,26,92,93,95,96,100,106,127" /><INIT seed="1,1,0,4,0,15" ten="235,265,265,235" oya="1" hai0="38,118,11,125,63,85,19,81,83,129,105,31,109" hai1="71,5,82,30,123,67,72,94,96,44,21,39,29" hai2="121,124,132,76,108,128,77,89,26,101,45,32,61" hai3="100,98,48,107,12,60,102,8,0,1,13,58,27"/><U84/><E123/><V97/><F121/><W28/><G102/><T18/><D118/><U117/><E117/><V59/><F108/><W9/><G48/><T74/><D105/><U133/><E72/><V135/><F89/><W88/><G12/><N who="0" m="7455" /><D38/><U113/><E113/><V42/><F128/><W51/><G51/><T69/><D74/><U119/><E5/><V70/><F70/><W64/><G88/><N who="0" m="51247" /><D69/><U115/><E71/><V41/><F124/><W34/><REACH who="3" step="1"/><G8/><REACH who="3" ten="235,265,265,225" step="2"/><T54/><D125/><U114/><E114/><V106/><F132/><W92/><G92/><T116/><D116/><U24/><E94/><V7/><F135/><W40/><G40/><T20/><D129/><U37/><E119/><V68/><F41/><W120/><G120/><T10/><D109/><U80/><E133/><V86/><F42/><W52/><G52/><T23/><D83/><U73/><E115/><V2/><F106/><W99/><G99/><T87/><D87/><U75/><E96/><V90/><F86/><W14/><G14/><N who="0" m="7639" /><D31/><U91/><E30/><V49/><F97/><W56/><G56/><AGARI ba="1,1" hai="20,23,54,56,63" m="7639,51247,7455" machi="56" ten="30,7700,0" yaku="8,1,52,2,54,1" doraHai="15" who="0" fromWho="3" sc="235,90,265,0,265,0,225,-80" /><INIT seed="2,0,0,1,1,130" ten="325,265,265,145" oya="2" hai0="110,90,115,44,16,101,116,58,135,96,66,105,27" hai1="92,103,43,95,42,28,132,39,73,50,127,111,12" hai2="60,82,3,94,38,36,49,1,134,19,119,62,107" hai3="64,126,30,22,13,87,31,47,10,80,72,26,37"/><V53/><F119/><W83/><G64/><T14/><D115/><U106/><E73/><V35/><F107/><W104/><G104/><T123/><D123/><U108/><E39/><V89/><F35/><W100/><G100/><T18/><D116/><U9/><E28/><V122/><F122/><W17/><G126/><T61/><D110/><N who="1" m="42027" /><E127/><V15/><F82/><W102/><G102/><T67/><D67/><U77/><E77/><V4/><F36/><W34/><G72/><T45/><D135/><U0/><E0/><V51/><F38/><W59/><G59/><T131/><D131/><U57/><E106/><V99/><F49/><W85/><G31/><T24/><D18/><N who="1" m="8463" /><E103/><V124/><F124/><W68/><G68/><T7/><D7/><U84/><E84/><V74/><F74/><W86/><G37/><T52/><D90/><U75/><E75/><V6/><F1/><W91/><G80/><T128/><D128/><U120/><E132/><V48/><F134/><W33/><G33/><T97/><D97/><U113/><E113/><V8/><F48/><W118/><G118/><T76/><D76/><U29/><E29/><V2/><F3/><W109/><G109/><T78/><D78/><U88/><E120/><V5/><REACH who="2" step="1"/><F2/><REACH who="2" ten="325,265,255,145" step="2"/><W81/><G83/><T46/><REACH who="0" step="1"/><D66/><REACH who="0" ten="315,265,255,145" step="2"/><U40/><E95/><V56/><AGARI ba="0,2" hai="4,5,6,8,15,19,51,53,56,60,62,89,94,99" machi="56" ten="30,11700,0" yaku="1,1,2,1,0,1,8,1,53,0" doraHai="130" doraHaiUra="70" who="2" fromWho="2" sc="315,-39,265,-39,255,137,145,-39" /><INIT seed="2,1,0,4,5,44" ten="276,226,392,106" oya="2" hai0="127,10,108,94,16,46,82,80,104,106,12,4,70" hai1="32,112,75,0,115,19,60,39,113,116,40,93,37" hai2="29,65,26,121,42,61,50,100,89,99,21,45,49" hai3="91,125,28,120,74,56,58,129,17,92,43,79,126"/><V14/><F121/><W20/><G120/><T7/><D70/><U67/><E116/><V96/><F89/><W18/><G129/><T38/><D108/><U66/><E0/><V6/><F100/><W103/><G103/><T118/><D127/><U3/><E3/><V105/><F105/><W85/><G43/><T102/><D118/><U109/><E32/><V71/><REACH who="2" step="1"/><F49/><REACH who="2" ten="276,226,382,106" step="2"/><W63/><G126/><T22/><D104/><U31/><E115/><V52/><F52/><W128/><G125/><T101/><D106/><U33/><E113/><V73/><F73/><W123/><G74/><T15/><D101/><U77/><E75/><V27/><F27/><W132/><G123/><T84/><D38/><U122/><E39/><V78/><F78/><W36/><G79/><T23/><D102/><U110/><E77/><V119/><F119/><W1/><G36/><T41/><D94/><U57/><E93/><V64/><F64/><W5/><G91/><T62/><D62/><U133/><E67/><V134/><F134/><W35/><G63/><T2/><D82/><U25/><E133/><V81/><F81/><W11/><G132/><T87/><D80/><U76/><E112/><V9/><AGARI ba="1,1" hai="6,9,14,21,26,29,42,45,50,61,65,71,96,99" machi="9" ten="30,6000,0" yaku="1,1,0,1,52,1,53,0" doraHai="44" doraHaiUra="53" who="2" fromWho="2" sc="276,-21,226,-21,382,73,106,-21" /><INIT seed="2,2,0,5,1,8" ten="255,205,455,85" oya="2" hai0="25,122,93,133,55,22,32,53,79,91,82,130,56" hai1="89,66,90,118,41,0,116,65,9,126,19,1,104" hai2="7,92,48,61,74,86,38,20,72,35,68,110,21" hai3="45,112,54,77,24,123,97,101,12,96,30,103,17"/><V15/><F38/><W50/><G123/><T42/><D130/><U47/><E104/><V43/><F35/><W109/><G109/><T102/><D133/><U100/><E100/><V117/><F117/><W18/><G77/><T62/><D32/><U134/><E9/><V6/><F110/><W121/><G121/><T51/><D42/><U95/><E95/><V73/><F68/><W132/><G132/><T39/><D39/><U80/><E134/><V23/><F61/><W108/><G108/><T114/><D102/><U113/><E80/><V71/><F71/><W36/><G36/><T33/><D33/><U67/><E19/><V13/><F43/><W34/><G112/><T107/><D107/><U27/><E27/><V98/><F48/><W16/><G103/><T88/><D93/><U124/><E67/><V131/><F86/><W44/><G45/><T75/><D114/><U40/><REACH who="1" step="1"/><E47/><REACH who="1" ten="255,195,455,85" step="2"/><V26/><F26/><W3/><G3/><T5/><D5/><U111/><E111/><V135/><F135/><W128/><G128/><T81/><D82/><U85/><E85/><V60/><F131/><W10/><REACH who="3" step="1"/><G97/><REACH who="3" ten="255,195,455,75" step="2"/><T58/><REACH who="0" step="1"/><D122/><REACH who="0" ten="245,195,455,75" step="2"/><U52/><E52/><V120/><F120/><W29/><G29/><AGARI ba="2,3" hai="22,25,29,51,53,55,56,58,62,75,79,81,88,91" machi="29" ten="30,12000,2" yaku="1,1,2,1,7,1,54,1,53,2" doraHai="8" doraHaiUra="49" who="0" fromWho="3" sc="245,156,195,0,455,0,75,-126" owari="401,20.0,195,-20.0,455,55.0,-51,-55.0" /></mjloggm>