<mjloggm ver="2.3"><GO type="169" lobby="0"/><UN n0="%E3%81%86%E3%81%86%E3%82%84%61%62" n1="%E3%83%A2%E3%83%AD%E3%83%98%E3%82%A4%E3%83%A4" n2="%E9%B3%B3%E5%8D%97%E3%81%AE%E3%81%8A%E9%A6%AC%E3%81%95%E3%82%93" n3="%41%4F%54" dan="16,16,17,17" rate="2019.01,2125.69,2233.88,2201.71" sx="M,M,M,F"/><TAIKYOKU oya="0"/><INIT seed="0,0,0,3,2,40" ten="250,250,250,250" oya="0" hai0="110,26,68,103,114,89,13,78,22,81,131,71,128" hai1="51,43,80,129,115,60,83,86,38,11,39,66,106" hai2="10,29,27,77,121,21,125,104,90,8,101,87,64" hai3="48,97,94,102,124,117,9,112,85,6,92,69,59"/><T49/><D114/><U18/><E106/><V76/><F121/><W36/><G36/><T46/><D103/><U37/><E115/><V1/><F125/><W107/><G69/><T54/><D89/><U72/><E72/><V16/><F64/><W41/><G117/><T134/><D13/><U65/><E129/><N who="0" m="49737" /><D134/><U34/><E34/><V95/><F8/><W127/><G112/><T123/><D123/><U98/><E98/><V25/><F101/><W20/><G20/><T75/><D110/><U74/><E74/><V12/><F104/><W118/><G118/><T58/><D58/><U7/><E18/><AGARI ba="0,0" hai="18,22,26,46,49,54,68,71,75,78,81" m="49737" machi="18" ten="30,2900,0" yaku="19,1,52,1" doraHai="40" who="0" fromWho="1" sc="250,29,250,-29,250,0,250,0" /><INIT seed="0,1,0,0,2,13" ten="279,221,250,250" oya="0" hai0="135,27,90,39,111,105,35,89,57,67,50,127,63" hai1="51,79,28,116,65,95,74,17,100,36,19,132,122" hai2="29,61,81,62,77,21,68,131,123,55,104,88,110" hai3="52,6,15,24,121,106,83,72,43,91,45,12,22"/><T16/><D39/><U58/><E36/><V71/><F123/><W128/><G106/><T96/><D127/><U41/><E122/><V53/><F104/><W85/><G128/><T42/><D135/><U119/><E28/><V86/><F131/><W8/><G121/><T44/><D35/><U37/><E37/><V102/><F102/><W92/><G15/><T120/><D120/><U130/><E130/><V97/><F110/><W11/><G11/><T129/><D129/><U75/><E132/><V109/><F109/><W99/><G72/><T87/><D111/><U59/><E65/><V103/><F62/><W40/><G52/><T1/><D1/><U20/><E20/><V82/><F103/><W124/><G45/><T101/><REACH who="0" step="1"/><D87/><REACH who="0" ten="269,221,250,250" step="2"/><U2/><E2/><V25/><F86/><W4/><G124/><T30/><D30/><U32/><E32/><V48/><F29/><W18/><REACH who="3" step="1"/><G4/><REACH who="3" ten="269,221,250,240" step="2"/><T47/><D47/><U60/><E75/><V80/><F53/><W107/><G107/><T66/><D66/><U56/><E74/><V10/><F55/><W5/><G5/><T46/><D46/><U94/><E119/><V34/><F34/><W73/><G73/><T54/><D54/><U115/><E116/><V84/><F48/><W69/><G69/><T108/><D108/><U78/><E51/><V33/><F68/><W133/><G133/><T125/><D125/><U9/><E60/><V70/><F71/><W26/><G26/><T114/><D114/><U14/><E115/><V49/><F70/><W0/><G0/><T117/><D117/><U3/><E3/><RYUUKYOKU ba="1,2" sc="269,15,221,-15,250,-15,240,15" hai0="16,27,42,44,50,57,63,67,89,90,96,101,105" hai3="6,8,12,18,22,24,40,43,83,85,91,92,99" /><INIT seed="0,2,2,3,1,11" ten="284,206,235,255" oya="0" hai0="127,100,38,119,120,70,124,132,122,6,54,15,79" hai1="109,43,22,63,86,45,46,104,26,52,117,57,98" hai2="33,3,20,19,82,121,8,101,21,91,64,111,123" hai3="25,125,80,35,133,129,77,135,32,113,115,105,0"/><T14/><D119/><U40/><E117/><V78/><F33/><N who="3" m="12875" /><G105/><T60/><D38/><U88/><E109/><V44/><F111/><W99/><G0/><T96/><D79/><U55/><E98/><V37/><F101/><W41/><G125/><N who="0" m="48203" /><D132/><N who="3" m="50761" /><G129/><T42/><D6/><U18/><E104/><V29/><F29/><W2/><G2/><T4/><D42/><N who="1" m="15915" /><E55/><V10/><F64/><W107/><G25/><T9/><D14/><U84/><E84/><V116/><F116/><W51/><G51/><T106/><D54/><U1/><E1/><V83/><F37/><W81/><G41/><T23/><D23/><U114/><E114/><N who="3" m="43530" /><G77/><T34/><D34/><U90/><E90/><V76/><F91/><W12/><G12/><T128/><D128/><U131/><E131/><V102/><F3/><W94/><G107/><T74/><D74/><U72/><E72/><V49/><F49/><W112/><G112/><T39/><D39/><U36/><E36/><V56/><F78/><W61/><G61/><T73/><D73/><U47/><E46/><V89/><F44/><W53/><G53/><T69/><D60/><U93/><AGARI ba="2,2" hai="18,22,26,45,47,52,57,63,86,88,93" m="15915" machi="93" ten="30,4000,0" yaku="8,1,54,2" doraHai="11" who="1" fromWho="1" sc="284,-22,206,66,235,-12,255,-12" /><INIT seed="1,0,0,1,5,32" ten="262,272,223,243" oya="1" hai0="78,40,114,131,24,6,63,1,42,120,25,128,62" hai1="88,10,94,126,132,90,26,34,123,47,113,8,49" hai2="55,59,50,93,48,60,4,117,52,0,129,91,89" hai3="65,97,22,87,109,115,118,18,81,134,75,98,12"/><U14/><E123/><V57/><F117/><W135/><G115/><T112/><D78/><U2/><E113/><V86/><F129/><W68/><G75/><T61/><D6/><U99/><E132/><N who="3" m="50730" /><G118/><T100/><D62/><U70/><E70/><V107/><F107/><W121/><G121/><T41/><D41/><U66/><E66/><V9/><REACH who="2" step="1"/><F91/><REACH who="2" ten="262,272,213,243" step="2"/><N who="3" m="51695" /><G109/><T13/><D120/><U27/><E90/><V11/><F11/><W23/><G23/><T96/><D112/><U101/><E34/><V110/><F110/><W17/><G17/><T122/><D114/><U51/><E88/><V108/><F108/><W39/><G39/><T72/><D122/><U37/><E10/><V125/><F125/><W64/><G68/><T95/><D128/><U43/><E8/><V15/><F15/><W30/><G30/><T76/><D131/><U69/><E14/><V111/><F111/><W38/><G38/><T83/><D13/><U56/><E69/><V19/><F19/><W92/><G98/><T79/><D24/><U73/><E99/><V71/><F71/><W21/><G21/><T80/><D25/><U130/><E37/><V102/><F102/><AGARI ba="0,1" hai="12,18,22,64,65,92,97,102" m="51695,50730" machi="102" ten="30,1000,0" yaku="20,1" doraHai="32" who="3" fromWho="2" sc="262,0,272,0,213,-10,243,20" /><INIT seed="2,0,0,1,3,122" ten="262,272,203,263" oya="2" hai0="133,85,49,18,48,74,51,81,107,118,40,94,111" hai1="8,87,6,123,82,104,1,110,112,103,89,126,67" hai2="43,10,71,76,30,113,53,32,129,124,121,14,27" hai3="42,93,9,70,25,79,47,102,135,78,12,125,100"/><V114/><F121/><W23/><G70/><T72/><D107/><U7/><E123/><V41/><F71/><W117/><G117/><T21/><D40/><U64/><E112/><V134/><F129/><W106/><G106/><T57/><D94/><U16/><E126/><V56/><F124/><W45/><G135/><T59/><D133/><U44/><E7/><V34/><F134/><W15/><G15/><T75/><D111/><U83/><E110/><V0/><F34/><W66/><G66/><T52/><D118/><U101/><E67/><V99/><F0/><W65/><G65/><T69/><D69/><U39/><E64/><V19/><F76/><W50/><G47/><T4/><D4/><U80/><E104/><V90/><F90/><W2/><G2/><T132/><D59/><U22/><E44/><V20/><F99/><N who="3" m="59503" /><G102/><T108/><D108/><U24/><E39/><V105/><F105/><W62/><G62/><T55/><D132/><U127/><E127/><V63/><REACH who="2" step="1"/><F32/><REACH who="2" ten="262,272,193,263" step="2"/><W95/><G79/><T26/><REACH who="0" step="1"/><D57/><REACH who="0" ten="252,272,193,263" step="2"/><U36/><E103/><V88/><F88/><AGARI ba="0,2" hai="18,21,26,48,49,51,52,55,72,74,75,81,85,88" machi="88" ten="50,8000,1" yaku="1,1,2,1,54,2,53,1" doraHai="122" doraHaiUra="17" who="0" fromWho="2" sc="252,100,272,0,193,-80,263,0" /><INIT seed="3,0,0,0,1,46" ten="352,272,113,263" oya="3" hai0="5,91,128,90,108,135,59,116,1,42,24,32,101" hai1="81,132,97,29,83,89,106,131,23,79,121,120,6" hai2="105,60,67,44,66,4,36,57,123,35,27,20,112" hai3="53,115,47,54,85,11,80,68,56,126,98,75,8"/><W9/><G68/><T118/><D108/><U19/><E6/><V12/><F112/><W69/><G69/><T109/><D109/><U104/><E29/><V45/><F123/><W25/><G75/><T14/><D101/><U84/><E23/><V41/><F105/><N who="1" m="40553" /><E19/><V111/><F111/><W74/><G74/><T110/><D1/><U43/><E43/><V58/><F35/><W21/><G126/><T71/><D71/><U124/><E124/><V93/><F93/><W62/><G98/><T63/><D42/><U100/><E132/><V113/><F113/><W117/><G117/><T52/><D135/><U130/><E100/><V39/><F45/><W76/><G115/><T16/><D5/><U78/><E97/><V122/><F122/><N who="1" m="47209" /><E89/><V72/><F12/><W7/><G7/><T50/><D91/><U13/><E13/><V133/><F4/><W37/><G37/><T3/><D3/><U51/><E51/><V28/><F133/><W94/><G47/><T30/><D110/><U34/><E34/><V18/><F28/><W38/><G38/><T114/><D114/><U49/><E49/><V2/><F2/><W127/><G127/><T64/><D90/><U87/><AGARI ba="0,0" hai="78,79,81,83,84,87,130,131" m="47209,40553" machi="87" ten="40,2700,0" yaku="34,2" doraHai="46" who="1" fromWho="1" sc="352,-7,272,27,113,-7,263,-13" /><INIT seed="4,0,0,3,2,52" ten="345,299,106,250" oya="0" hai0="123,21,79,13,49,132,38,107,4,101,64,133,95" hai1="126,29,119,62,105,48,7,54,68,86,41,71,66" hai2="104,18,112,131,76,98,14,47,110,89,124,61,125" hai3="127,108,78,17,15,65,50,85,8,5,3,99,93"/><T96/><D38/><U53/><E105/><V134/><F110/><W90/><G108/><T25/><D123/><U20/><E7/><V60/><F112/><W91/><G127/><T46/><D79/><U1/><E1/><V43/><F131/><W128/><G128/><T67/><D107/><U57/><E86/><V63/><F134/><N who="0" m="51818" /><D13/><U80/><E80/><V106/><F76/><W36/><G36/><T109/><D4/><U23/><E23/><V6/><F6/><W39/><G39/><T100/><D100/><U121/><E20/><V34/><F34/><W11/><G78/><T40/><D109/><U103/><E29/><AGARI ba="0,0" hai="21,25,29,40,46,49,64,67,95,96,101" m="51818" machi="29" ten="30,1500,0" yaku="20,1" doraHai="52" who="0" fromWho="1" sc="345,15,299,-15,106,0,250,0" /><INIT seed="4,1,0,0,4,24" ten="360,284,106,250" oya="0" hai0="4,107,60,93,45,108,89,25,87,69,53,70,30" hai1="9,133,121,74,90,19,23,61,129,63,114,94,124" hai2="16,102,33,31,41,96,51,101,20,122,11,111,72" hai3="55,37,113,126,75,77,22,128,68,40,59,88,1"/><T98/><D108/><U14/><E74/><V32/><F122/><W71/><G1/><T50/><D4/><U135/><E121/><V43/><F111/><W95/><G113/><T84/><D60/><U73/><E73/><V109/><F109/><W15/><G128/><T36/><D36/><U49/><E129/><V76/><F72/><W91/><G91/><T62/><D62/><U112/><E124/><V13/><F76/><W92/><G92/><T39/><D39/><U130/><E130/><V131/><F131/><W47/><G126/><T134/><D134/><N who="1" m="51211" /><E49/><V8/><F33/><W7/><G77/><T110/><D110/><U100/><E100/><V46/><F43/><W38/><G38/><T34/><REACH who="0" step="1"/><D107/><REACH who="0" ten="350,284,106,250" step="2"/><U118/><E118/><V0/><F0/><W44/><G7/><T5/><D5/><N who="1" m="3375" /><E63/><V18/><F51/><W104/><G104/><T85/><AGARI ba="1,1" hai="25,30,34,45,50,53,69,70,84,85,87,89,93,98" machi="85" ten="30,6000,0" yaku="1,1,0,1,52,1,53,0" doraHai="24" doraHaiUra="132" who="0" fromWho="0" sc="350,73,284,-21,106,-21,250,-21" /><INIT seed="4,2,0,4,3,123" ten="423,263,85,229" oya="0" hai0="54,88,71,49,63,51,135,17,40,21,102,111,117" hai1="110,52,106,23,130,41,95,108,98,66,124,119,69" hai2="104,25,60,27,109,118,126,47,107,14,26,121,112" hai3="43,22,131,125,128,55,46,103,6,30,86,9,83"/><T31/><D117/><U76/><E106/><V96/><F121/><W57/><G103/><T1/><D1/><U10/><E119/><V37/><F118/><W122/><G125/><T116/><D102/><U72/><E41/><V58/><F126/><W127/><G127/><T44/><D116/><U85/><E124/><V84/><F112/><W28/><G122/><T70/><D135/><U35/><E35/><V100/><F104/><W65/><G65/><T133/><D31/><U33/><E33/><V92/><F14/><W12/><G22/><T68/><D133/><U94/><E72/><V80/><F107/><W93/><G93/><T19/><D111/><U34/><E34/><V2/><F2/><W99/><G99/><T77/><D77/><U45/><E66/><V134/><F134/><W29/><G55/><T32/><D32/><U53/><E69/><V114/><F114/><W90/><REACH who="3" step="1"/><G57/><REACH who="3" ten="423,263,85,219" step="2"/><T82/><D68/><U79/><E53/><V59/><F59/><W15/><G15/><T105/><D70/><U42/><E52/><V67/><F92/><W78/><G78/><T56/><D105/><U0/><E23/><V20/><F96/><W24/><G24/><T8/><D21/><U16/><E95/><V115/><F20/><W74/><G74/><T101/><D101/><U64/><E94/><V120/><F100/><W18/><G18/><T62/><D71/><U81/><E16/><N who="0" m="6217" /><D8/><U113/><E10/><V87/><F120/><W38/><AGARI ba="2,1" hai="6,9,12,28,29,30,38,43,46,83,86,90,128,131" machi="38" ten="30,2000,0" yaku="1,1,0,1,53,0" doraHai="123" doraHaiUra="89" who="3" fromWho="3" sc="423,-12,263,-7,85,-7,219,36" /><INIT seed="5,0,0,4,5,123" ten="411,256,78,255" oya="1" hai0="69,70,87,116,24,5,6,66,0,95,100,79,72" hai1="48,7,128,50,105,86,67,91,76,126,110,111,109" hai2="122,107,108,37,2,75,77,54,1,14,22,53,58" hai3="124,117,90,64,12,85,32,27,61,15,11,130,34"/><U17/><E105/><V99/><F122/><W19/><G130/><T131/><D72/><U129/><E76/><V28/><F37/><W51/><G124/><T73/><D73/><U8/><E17/><V120/><F120/><W23/><G117/><T57/><D116/><U88/><E67/><V55/><F58/><W81/><G51/><N who="1" m="19498" /><E126/><V43/><F43/><W56/><REACH who="3" step="1"/><G15/><REACH who="3" ten="411,256,78,245" step="2"/><T127/><D127/><U80/><E91/><V94/><F108/><W10/><G10/><T97/><D131/><U36/><E36/><V106/><F14/><AGARI ba="0,1" hai="7,8,14,80,86,88,109,110,111,128,129" m="19498" machi="14" ten="40,12000,1" yaku="10,1,52,3,54,1" doraHai="123" who="1" fromWho="2" sc="411,0,256,130,78,-120,245,0" owari="411,50.0,386,19.0,-42,-54.0,245,-15.0" /></mjloggm>