<mjloggm ver="2.3"><GO type="169" lobby="0"/><UN n0="%E3%82%A4%E3%82%AB%E3%81%AB%E3%82%82%E6%9D%B1%E5%8C%97" n1="%E6%B2%B3%E7%AB%A5%E3%81%AE%E3%83%AF%E3%82%AB%E3%83%9E%E3%83%84" n2="%E3%82%8A%E3%82%87%E3%81%91%E3%81%99" n3="%E3%82%B3%E3%83%B3%E3%83%81%E2%85%A2" dan="17,17,17,16" rate="2200.28,2165.50,2188.14,2107.60" sx="M,M,M,M"/><TAIKYOKU oya="0"/><INIT seed="0,0,0,0,3,130" ten="250,250,250,250" oya="0" hai0="53,65,77,128,22,69,49,50,92,97,28,66,42" hai1="110,80,54,7,81,17,76,68,116,6,33,52,87" hai2="122,61,124,85,5,0,1,18,70,74,39,127,71" hai3="36,129,104,86,111,2,112,73,94,100,96,51,16"/><T119/><D119/><U109/><E116/><V67/><F74/><W25/><G2/><T24/><D128/><U11/><E68/><V14/><F39/><W8/><G36/><T93/><D77/><U107/><E107/><V113/><F122/><W108/><G73/><T37/><D37/><U123/><E123/><V99/><F113/><W75/><G75/><T44/><D69/><U135/><E33/><V56/><F99/><W118/><G118/><T125/><D125/><N who="2" m="48202" /><F1/><W115/><G129/><T43/><D93/><U114/><E114/><V126/><F126/><W62/><G62/><T84/><D84/><U9/><E17/><V120/><F120/><W132/><G86/><T10/><D10/><U57/><E87/><V45/><F45/><W121/><G104/><T131/><D131/><U20/><E57/><V40/><F40/><W47/><G121/><T78/><D78/><U117/><E76/><V13/><F13/><N who="3" m="7207" /><G25/><T95/><D95/><U83/><E117/><V15/><F15/><W72/><G72/><T12/><D12/><U31/><E81/><V21/><F85/><W91/><G100/><N who="0" m="60455" /><D42/><U64/><E80/><V88/><F88/><W89/><G89/><T46/><AGARI ba="0,0" hai="22,24,28,43,44,46,49,50,53,65,66" m="60455" machi="46" ten="30,1500,0" yaku="8,1" doraHai="130" who="0" fromWho="0" sc="250,15,250,-5,250,-5,250,-5" /><INIT seed="0,1,0,3,0,8" ten="265,245,245,245" oya="0" hai0="120,72,71,113,83,11,18,34,77,89,24,133,7" hai1="16,3,129,57,134,114,21,23,127,63,48,0,97" hai2="50,70,41,65,107,61,104,55,93,125,29,84,91" hai3="99,40,31,78,98,60,101,35,100,111,82,36,94"/><T15/><D133/><U132/><E48/><V96/><F125/><W112/><G111/><T105/><D113/><U121/><E121/><V6/><F29/><W47/><G112/><T14/><D120/><U80/><E114/><V110/><F110/><W28/><G35/><T39/><D105/><U53/><E127/><V95/><F41/><W59/><G82/><T20/><D71/><U130/><E23/><V27/><F27/><W12/><G78/><T79/><D39/><U86/><E97/><V58/><REACH who="2" step="1"/><F6/><REACH who="2" ten="265,245,235,245" step="2"/><W43/><G43/><T33/><D77/><N who="1" m="46351" /><E0/><V42/><F42/><W46/><G46/><T119/><D119/><U128/><E3/><V4/><F4/><W75/><G75/><T90/><REACH who="0" step="1"/><D34/><REACH who="0" ten="255,245,235,245" step="2"/><U131/><E129/><V87/><F87/><W54/><G36/><T10/><D10/><U19/><E19/><V92/><F92/><W108/><G108/><T115/><D115/><U117/><E117/><V49/><F49/><N who="3" m="26855" /><G98/><T118/><D118/><U30/><E30/><AGARI ba="1,2" hai="7,11,14,15,18,20,24,30,33,72,79,83,89,90" machi="30" ten="40,7700,0" yaku="1,1,52,2,53,0" doraHai="8" doraHaiUra="116" who="0" fromWho="1" sc="255,100,245,-80,235,0,245,0" /><INIT seed="0,2,0,0,4,87" ten="355,165,235,245" oya="0" hai0="63,100,93,14,103,13,127,36,20,18,94,49,54" hai1="57,69,95,74,6,114,39,90,135,11,43,34,46" hai2="84,23,91,106,48,121,45,133,129,31,65,29,68" hai3="5,77,30,17,115,80,0,130,78,7,52,102,24"/><T71/><D36/><U25/><E69/><V67/><F121/><W42/><G42/><T53/><D127/><U60/><E74/><V107/><F68/><W86/><G130/><T89/><D14/><U117/><E117/><V118/><F133/><W131/><G131/><T19/><D19/><U16/><E114/><V8/><F129/><W59/><G115/><T26/><D26/><U50/><E135/><V73/><F73/><W128/><G0/><T101/><D94/><U61/><E39/><V21/><F107/><W96/><G17/><T38/><D38/><U111/><E57/><V58/><F106/><W22/><G78/><T62/><D71/><U108/><E34/><V9/><F23/><W112/><G112/><T134/><D134/><U105/><E105/><V99/><F99/><W126/><G126/><T110/><D110/><N who="1" m="42027" /><E25/><V10/><F58/><W120/><G120/><T119/><D119/><U64/><E64/><N who="2" m="24651" /><F21/><W109/><G109/><T2/><D2/><N who="1" m="471" /><E16/><V98/><F118/><W79/><G128/><T33/><D33/><U113/><E113/><V47/><F47/><W75/><G75/><T82/><D54/><U132/><E132/><V4/><F4/><W12/><G12/><T104/><D104/><U66/><E66/><V83/><F29/><W1/><G1/><T85/><REACH who="0" step="1"/><D82/><REACH who="0" ten="345,165,235,245" step="2"/><U116/><E116/><V92/><F31/><W55/><G5/><T44/><AGARI ba="2,1" hai="13,18,20,44,49,53,62,63,85,89,93,100,101,103" machi="44" ten="30,12000,1" yaku="1,1,2,1,0,1,8,1,52,1,53,0" doraHai="87" doraHaiUra="37" who="0" fromWho="0" sc="345,136,165,-42,235,-42,245,-42" /><INIT seed="0,3,0,0,1,87" ten="481,123,193,203" oya="0" hai0="11,123,127,85,112,69,104,90,33,16,64,94,36" hai1="31,121,5,108,55,83,101,86,34,103,48,35,30" hai2="49,24,78,116,95,53,99,1,50,23,81,13,80" hai3="117,72,115,2,76,22,56,98,91,124,100,109,134"/><T129/><D112/><U6/><E121/><V59/><F1/><W41/><G41/><T107/><D123/><U88/><E108/><V120/><F116/><W39/><G39/><T118/><D118/><U84/><E35/><V106/><F106/><N who="3" m="63767" /><G56/><T96/><D33/><U75/><E75/><V32/><F32/><W52/><G52/><T110/><D36/><U63/><E63/><V61/><F13/><W10/><G22/><T74/><D74/><U68/><E68/><V26/><F26/><W60/><G60/><T28/><D28/><N who="1" m="10795" /><E34/><V9/><F9/><W58/><G58/><T42/><D42/><U122/><E122/><V114/><F114/><W47/><G47/><T97/><D64/><U62/><E62/><V20/><F20/><W27/><G27/><T51/><D69/><U17/><E17/><N who="2" m="12399" /><F78/><W40/><G40/><T93/><D16/><U43/><E43/><V37/><F37/><W113/><G10/><T57/><D11/><U119/><E119/><V89/><F120/><W71/><G71/><T111/><D51/><AGARI ba="3,0" hai="49,50,51,53,59,61,80,81,89,95,99" m="12399" machi="51" ten="30,3900,0" yaku="25,1,8,1,52,1" doraHai="87" who="2" fromWho="0" sc="481,-48,123,0,193,48,203,0" /><INIT seed="1,0,0,5,5,130" ten="433,123,241,203" oya="1" hai0="52,60,73,122,133,33,118,116,103,57,5,50,19" hai1="88,13,135,134,15,117,25,72,53,78,113,81,106" hai2="2,79,14,20,102,109,85,64,48,96,124,127,4" hai3="61,39,83,82,40,22,3,28,16,32,8,70,46"/><U123/><E113/><V99/><F2/><W94/><G70/><T63/><D33/><U27/><E117/><V29/><F109/><W62/><G28/><T11/><D73/><U30/><E123/><V105/><F64/><W77/><G32/><T129/><D129/><U65/><E106/><V90/><F79/><W26/><G83/><T31/><D31/><U10/><E65/><V58/><F96/><W24/><G24/><T92/><D122/><U76/><E76/><V125/><F4/><W75/><G94/><T104/><D104/><U100/><E100/><V71/><F71/><W59/><G59/><T49/><D19/><U95/><E53/><N who="2" m="32039" /><F14/><W21/><REACH who="3" step="1"/><G22/><REACH who="3" ten="433,123,241,193" step="2"/><T44/><D57/><U111/><E111/><V119/><F29/><W47/><G47/><T86/><D92/><U84/><E15/><V36/><F20/><W43/><G43/><T1/><D44/><U67/><E67/><V115/><F115/><W131/><G131/><T97/><D1/><U37/><E27/><V9/><F124/><W55/><G55/><T132/><D52/><U0/><E0/><V18/><F127/><W110/><G110/><T74/><D116/><U69/><E69/><V54/><F54/><W51/><G51/><T126/><D126/><U101/><E37/><V107/><F119/><W7/><AGARI ba="0,1" hai="3,7,8,16,21,26,39,40,46,61,62,75,77,82" machi="7" ten="30,12000,2" yaku="1,1,0,1,25,2,54,1,53,1" doraHai="130" doraHaiUra="6" who="3" fromWho="3" sc="433,-30,123,-60,241,-30,193,130" /><INIT seed="2,0,0,0,3,27" ten="403,63,211,323" oya="2" hai0="4,34,72,21,111,2,57,105,54,1,132,135,59" hai1="66,26,92,39,74,9,44,97,38,18,121,94,77" hai2="10,58,33,75,80,70,115,103,78,6,130,119,20" hai3="17,37,129,48,23,5,25,28,35,87,86,36,109"/><V8/><F70/><W64/><G129/><T67/><D34/><U47/><E121/><V85/><F33/><W41/><G64/><T84/><D72/><U60/><E74/><V116/><F115/><W68/><G68/><T101/><D111/><U110/><E77/><V42/><F130/><W13/><G109/><T118/><D118/><U3/><E110/><V99/><F42/><W127/><G127/><T46/><D84/><U96/><E26/><V125/><F125/><W106/><G106/><T91/><D91/><U123/><E123/><V112/><F112/><W15/><G15/><T56/><D21/><U55/><E18/><V81/><F58/><W29/><G28/><T40/><D54/><U90/><E9/><V19/><F6/><W134/><G134/><N who="0" m="51243" /><D4/><U0/><E55/><V122/><F122/><W117/><G117/><T50/><D67/><U49/><E66/><V61/><F61/><W89/><G86/><T22/><D22/><U11/><E11/><V69/><F119/><W14/><G14/><T62/><D62/><U32/><E60/><V71/><F10/><W133/><G5/><T51/><D50/><U98/><E49/><V52/><F8/><W83/><G133/><T124/><D124/><U79/><E32/><V100/><F52/><W31/><G31/><T24/><D24/><U107/><E79/><N who="2" m="46239" /><F116/><W53/><G41/><T95/><D105/><U93/><E107/><N who="2" m="63903" /><F103/><W65/><G65/><T131/><D131/><U82/><E90/><V104/><F104/><W12/><G12/><T114/><D114/><U63/><E63/><V120/><F120/><RYUUKYOKU ba="0,0" sc="403,10,63,-30,211,10,323,10" hai0="1,2,40,46,51,56,57,59,95,101" hai2="19,20,69,71,75,78,81" hai3="13,17,23,25,29,35,36,37,48,53,83,87,89" /><INIT seed="2,1,0,2,1,88" ten="413,33,221,333" oya="2" hai0="95,109,64,44,79,98,14,34,12,110,6,13,90" hai1="126,125,83,39,54,135,53,33,30,104,50,69,127" hai2="67,124,102,48,8,131,5,92,28,46,78,23,65" hai3="74,47,70,11,16,49,17,76,42,118,116,43,87"/><V122/><F122/><W2/><G74/><T121/><D121/><U117/><E104/><V59/><F78/><W97/><G70/><T80/><D34/><U134/><E33/><V85/><F131/><W132/><G43/><T56/><D44/><U96/><E30/><V115/><F115/><W51/><G51/><T62/><REACH who="0" step="1"/><D6/><REACH who="0" ten="403,33,221,333" step="2"/><U73/><E126/><V21/><F124/><W71/><G118/><T15/><N who="0" m="3072" /><DORA hai="84" /><T66/><D66/><U55/><E117/><V114/><F114/><W123/><G116/><T93/><D93/><U81/><E125/><V75/><F5/><W35/><G35/><T38/><D38/><U1/><E39/><V24/><F8/><W4/><G47/><T37/><D37/><U29/><E127/><V103/><F21/><W22/><G4/><T20/><D20/><U41/><E134/><V52/><F75/><AGARI ba="1,1" hai="56,62,64,75,79,80,90,95,98,109,110" m="3072" machi="75" ten="50,8000,1" yaku="1,1,52,2,53,1" doraHai="88,84" doraHaiUra="82,58" who="0" fromWho="2" sc="403,93,33,0,221,-83,333,0" /><INIT seed="3,0,0,3,4,87" ten="496,33,138,333" oya="3" hai0="84,53,64,2,23,132,57,40,70,26,71,113,110" hai1="50,4,34,65,95,48,131,93,38,24,36,86,117" hai2="90,3,68,1,41,30,116,127,102,51,75,133,19" hai3="129,114,107,42,54,45,88,106,28,60,58,92,67"/><W96/><G129/><T52/><D2/><U120/><E120/><V111/><F116/><W56/><G28/><T33/><D33/><U82/><E131/><V72/><F68/><W78/><G78/><T21/><D110/><U73/><E117/><V121/><F111/><W32/><G32/><T119/><D119/><U105/><E105/><V22/><F30/><W59/><G114/><T130/><D130/><U97/><E73/><V43/><F102/><W8/><G8/><T103/><D132/><U61/><E4/><V128/><F128/><W37/><REACH who="3" step="1"/><G59/><REACH who="3" ten="496,33,138,323" step="2"/><T11/><D57/><U13/><E34/><V25/><F133/><W20/><G20/><T104/><D11/><U18/><E38/><V10/><F10/><W49/><AGARI ba="0,1" hai="37,42,45,49,54,56,58,60,67,88,92,96,106,107" machi="49" ten="20,12000,1" yaku="1,1,0,1,7,1,52,1,54,1,53,0" doraHai="87" doraHaiUra="112" who="3" fromWho="3" sc="496,-40,33,-40,138,-40,323,130" owari="456,56.0,-7,-51.0,98,-30.0,453,25.0" /></mjloggm>