<mjloggm ver="2.3"><GO type="185" lobby="0"/><UN n0="%E5%A4%A9%E3%83%B6%E7%80%AC%E5%A5%88%E6%9C%88" n1="%79%61%73%73%61%6E" n2="%E5%AE%88%E9%8A%AD%E5%A5%B4" n3="" dan="16,17,16,0" rate="2219.62,2220.92,2175.41,1500.00" sx="M,M,M,C"/><TAIKYOKU oya="0"/><INIT seed="0,0,0,0,5,3" ten="350,350,350,0" oya="0" hai0="70,52,112,74,95,55,119,67,126,104,38,76,133" hai1="114,124,1,89,129,48,99,49,117,121,128,91,135" hai2="94,97,75,125,78,53,60,88,59,63,33,101,37" hai3=""/><T100/><D112/><U115/><N who="1" m="31008" /><U42/><E1/><V56/><F37/><T81/><D119/><U57/><E117/><V106/><F33/><T83/><D38/><U98/><E57/><V46/><F46/><T103/><D126/><U51/><E124/><V39/><F39/><T34/><D34/><U79/><E79/><V110/><F125/><T93/><D133/><U65/><E65/><V68/><F68/><T111/><D111/><U0/><E0/><V116/><F116/><T85/><D104/><U92/><E42/><V109/><F78/><T64/><D76/><U131/><E135/><V41/><F41/><T108/><D85/><U123/><N who="1" m="31520" /><U35/><E35/><V118/><F75/><T82/><D82/><U2/><E2/><V107/><F118/><T62/><D74/><U47/><E47/><V71/><F71/><T80/><D80/><U44/><E44/><V132/><F132/><T96/><D108/><N who="2" m="41578" /><F101/><T105/><D70/><U86/><E91/><V130/><F130/><T54/><D54/><AGARI ba="0,0" hai="53,54,56,59,60,63,88,94,97,106,107" m="41578" machi="54" ten="30,2000,0" yaku="14,1,54,1" doraHai="3" who="2" fromWho="0" sc="350,-20,350,0,350,20,0,0" /><INIT seed="1,0,0,0,3,101" ten="330,350,370,0" oya="1" hai0="32,118,52,90,132,117,64,110,60,87,80,95,121" hai1="128,37,75,71,77,42,131,1,115,130,2,66,85" hai2="56,96,46,99,57,35,44,41,97,94,3,51,135" hai3=""/><U116/><E115/><V78/><F3/><T45/><N who="0" m="31008" /><T82/><D32/><U70/><E116/><N who="0" m="44649" /><D110/><U54/><E54/><V123/><N who="2" m="31520" /><V39/><F35/><T63/><D132/><U61/><E85/><V129/><F135/><T38/><D63/><U93/><E93/><V47/><F129/><T84/><D84/><U120/><N who="1" m="30752" /><U49/><E49/><V33/><F33/><T59/><D64/><U122/><N who="1" m="31264" /><U92/><E92/><V108/><F108/><T113/><D113/><U76/><E71/><V48/><F78/><N who="1" m="30313" /><E75/><V133/><F133/><T88/><D90/><U124/><E124/><V102/><F102/><T83/><D95/><U43/><E37/><V40/><REACH who="2" step="1"/><F94/><REACH who="2" ten="330,350,360,0" step="2"/><T53/><D38/><U134/><E134/><V119/><F119/><T67/><D67/><U107/><E107/><V0/><F0/><AGARI ba="0,1" hai="0,1,2,42,43,61,66,70,128,130,131" m="30313,31264,30752" machi="0" ten="40,7700,0" yaku="19,1,52,2" doraHai="101" who="1" fromWho="2" sc="330,0,350,87,360,-77,0,0" /><INIT seed="1,1,0,4,0,122" ten="330,437,283,0" oya="1" hai0="97,49,60,68,53,88,44,106,134,98,87,113,61" hai1="41,102,133,72,117,80,83,39,59,103,38,114,108" hai2="37,51,77,50,63,135,118,131,101,66,91,78,46" hai3=""/><U55/><E114/><V132/><F118/><T54/><D113/><U69/><E69/><V1/><F1/><T96/><D134/><N who="2" m="51242" /><F131/><T64/><D106/><U74/><E133/><V86/><F101/><T112/><D112/><U95/><E95/><V2/><F37/><T65/><D54/><U32/><E55/><V62/><F2/><T119/><D119/><U35/><E59/><V43/><F51/><T127/><D127/><U67/><E117/><V121/><N who="2" m="31008" /><V57/><F63/><T33/><D33/><U34/><E34/><V90/><F90/><T82/><REACH who="0" step="1"/><D98/><REACH who="0" ten="320,437,283,0" step="2"/><U81/><E35/><V104/><F104/><T45/><D45/><U71/><E32/><V73/><F73/><T109/><D109/><U126/><E126/><V84/><F84/><T75/><D75/><U56/><E74/><V0/><F0/><T110/><D110/><U111/><E72/><V107/><F107/><T93/><D93/><AGARI ba="1,1" hai="43,46,50,57,62,66,77,78,86,91,93" m="31008,51242" machi="93" ten="30,2000,0" yaku="20,1,52,1" doraHai="122" who="2" fromWho="0" sc="320,-22,437,0,283,32,0,0" /><INIT seed="2,0,0,5,4,118" ten="298,437,315,0" oya="2" hai0="113,2,96,132,65,46,79,121,102,123,56,119,55" hai1="104,92,43,133,112,127,36,49,42,77,95,34,117" hai2="107,72,105,45,76,120,69,54,3,101,109,106,48" hai3=""/><V130/><N who="2" m="30752" /><V108/><F3/><T134/><N who="0" m="31008" /><T90/><N who="0" m="31520" /><T32/><D2/><U82/><E34/><V62/><F130/><T85/><D32/><U125/><E104/><V60/><F101/><T58/><D119/><U87/><E112/><V52/><F76/><T124/><D113/><U64/><E133/><N who="0" m="51305" /><D79/><U129/><E129/><V115/><F72/><T59/><D65/><U61/><E36/><V100/><F100/><T41/><D124/><N who="1" m="47691" /><E49/><V80/><F80/><T116/><D116/><U75/><E117/><V122/><N who="2" m="31264" /><V47/><F115/><T98/><D55/><N who="2" m="21034" /><F48/><T39/><D102/><U1/><E1/><V68/><F60/><T71/><D71/><N who="2" m="27210" /><F62/><T94/><AGARI ba="0,0" hai="39,41,46,56,58,59,85,90,94,96,98" m="51305,31520,31008" machi="94" ten="30,6000,1" yaku="20,1,52,4" doraHai="118" who="0" fromWho="0" sc="298,60,437,-20,315,-40,0,0" /><INIT seed="4,0,0,2,0,115" ten="358,417,275,0" oya="0" hai0="38,56,119,107,83,72,50,111,33,87,79,96,100" hai1="77,39,1,106,121,105,75,86,63,126,41,58,90" hai2="93,113,132,3,53,35,92,47,66,32,133,104,61" hai3=""/><T85/><D33/><U80/><N who="1" m="31008" /><U70/><E70/><V91/><F104/><T116/><D38/><U49/><E39/><V37/><F3/><T65/><D111/><U103/><E126/><V36/><F113/><T43/><D43/><U71/><E1/><V76/><F76/><T118/><REACH who="0" step="1"/><D65/><REACH who="0" ten="348,417,275,0" step="2"/><U125/><E125/><V120/><N who="2" m="30752" /><V68/><F37/><T59/><D59/><U81/><E71/><V67/><F67/><T55/><AGARI ba="0,1" hai="50,55,56,72,79,83,85,87,96,100,107,116,118,119" machi="55" ten="40,12000,2" yaku="1,1,0,1,52,3,53,1" doraHai="115" doraHaiUra="94" who="0" fromWho="0" sc="348,130,417,-60,275,-60,0,0" /><INIT seed="4,1,0,1,4,59" ten="478,357,215,0" oya="0" hai0="120,132,63,116,125,58,84,134,119,87,75,117,67" hai1="43,113,56,105,35,42,128,76,124,104,71,100,57" hai2="131,48,60,109,39,66,97,129,81,51,94,54,107" hai3=""/><T108/><N who="0" m="30752" /><T45/><D75/><U82/><E35/><V90/><F39/><T49/><D125/><U111/><E124/><V130/><F109/><T68/><D108/><U103/><E71/><V0/><F0/><T38/><D38/><U93/><E93/><V32/><F32/><T99/><D99/><U78/><E82/><V64/><F107/><T133/><D68/><U122/><N who="1" m="31264" /><U33/><E33/><V126/><F126/><T118/><N who="0" m="29696" /><DORA hai="79" /><T1/><D1/><U91/><E91/><V98/><F98/><T50/><D50/><U3/><E128/><V85/><F54/><AGARI ba="1,0" hai="45,49,54,58,63,67,84,87,132,133,134" m="29696,30752" machi="54" ten="70,12000,1" yaku="20,1,52,2" doraHai="59,79" who="0" fromWho="2" sc="478,122,357,0,215,-122,0,0" /><INIT seed="4,2,0,3,0,107" ten="600,357,93,0" oya="0" hai0="38,131,134,98,87,125,120,106,32,61,73,53,129" hai1="39,130,132,77,35,55,97,90,114,79,47,33,115" hai2="80,36,105,63,70,117,34,3,67,62,37,75,50" hai3=""/><T86/><N who="0" m="30752" /><T110/><D32/><U2/><E2/><V99/><F62/><T91/><D38/><U46/><E130/><V119/><F50/><T122/><N who="0" m="31264" /><T89/><D125/><U127/><E132/><V121/><N who="2" m="31008" /><V0/><F34/><T94/><D134/><U56/><E127/><V128/><F128/><N who="0" m="49226" /><D73/><U81/><E39/><N who="2" m="14923" /><F99/><T83/><D110/><U51/><E35/><V113/><F105/><T102/><D53/><U74/><E79/><V71/><F71/><T85/><D61/><U100/><E90/><N who="0" m="34313" /><D106/><U58/><E33/><V45/><F45/><T78/><AGARI ba="2,0" hai="78,83,85,86,87,94,98,102" m="34313,49226,31264,30752" machi="78" ten="30,8000,1" yaku="19,1,34,2,52,2" doraHai="107" who="0" fromWho="0" sc="600,84,357,-42,93,-42,0,0" /><INIT seed="4,3,0,0,4,46" ten="684,315,51,0" oya="0" hai0="85,129,88,83,57,110,119,91,2,80,99,106,104" hai1="60,77,114,50,54,112,47,43,49,108,101,48,0" hai2="126,38,103,55,92,35,37,132,82,118,87,1,36" hai3=""/><T111/><D2/><U86/><E0/><V69/><F1/><T123/><N who="0" m="31520" /><T89/><D119/><U40/><E101/><V97/><F35/><T109/><D129/><U33/><E33/><V79/><F118/><T58/><D99/><U96/><E96/><V134/><F69/><T120/><N who="0" m="30752" /><T71/><D71/><U44/><E108/><V102/><F102/><T62/><D58/><U42/><E86/><V117/><F117/><T124/><D124/><U93/><E93/><V105/><F126/><T135/><D135/><U63/><E77/><V66/><F66/><T45/><D45/><N who="1" m="17483" /><E54/><V56/><REACH who="2" step="1"/><F92/><REACH who="2" ten="684,315,41,0" step="2"/><T113/><D109/><U34/><E34/><V65/><F65/><T98/><D110/><U61/><AGARI ba="3,1" hai="40,42,43,48,49,50,60,61,63,112,114" m="17483" machi="61" ten="40,12000,3" yaku="29,2,28,2,34,2,52,3" doraHai="46" who="1" fromWho="1" sc="684,-83,315,136,41,-43,0,0" owari="601,55.0,451,5.0,-2,-60.0,0,0.0" /></mjloggm>