<mjloggm ver="2.3"><GO type="169" lobby="0"/><UN n0="%74%79%61%73%6F" n1="%E3%83%90%E3%83%AA%E3%83%88%E3%83%B3" n2="%E5%B8%B0%E3%82%8A%E3%81%9F%E3%81%84%E3%80%82" n3="%E6%89%8B%E6%89%93%E3%81%A1%E3%81%8D%E3%81%97%E3%82%81%E3%82%93" dan="17,16,18,18" rate="2191.34,2190.32,2177.53,2214.83" sx="M,M,M,M"/><TAIKYOKU oya="0"/><INIT seed="0,0,0,1,0,47" ten="250,250,250,250" oya="0" hai0="27,98,9,60,51,101,3,25,61,28,102,16,10" hai1="5,40,57,135,83,86,116,69,103,77,64,18,80" hai2="52,85,133,62,21,92,114,91,93,87,70,54,129" hai3="132,122,130,26,123,63,117,81,68,42,120,95,1"/><T19/><D3/><U105/><E69/><V38/><F114/><W50/><G1/><T55/><D9/><U46/><E5/><V20/><F38/><W125/><G117/><T2/><D2/><U78/><E135/><V94/><F129/><W111/><G111/><T15/><D19/><U44/><E116/><V66/><F133/><W45/><G132/><T7/><D7/><U48/><E105/><V12/><F87/><W74/><G130/><T17/><D17/><U24/><E103/><N who="0" m="39433" /><D98/><U108/><E108/><V126/><F126/><W128/><G128/><T33/><D33/><U13/><E24/><N who="0" m="9289" /><D28/><U76/><E46/><AGARI ba="0,0" hai="10,15,16,46,51,55,60,61" m="9289,39433" machi="46" ten="30,5800,0" yaku="8,1,52,1,54,1" doraHai="47" who="0" fromWho="1" sc="250,58,250,-58,250,0,250,0" /><INIT seed="0,1,0,5,3,121" ten="308,192,250,250" oya="0" hai0="60,110,129,16,14,85,77,39,57,102,127,83,10" hai1="51,22,117,96,71,67,29,68,34,64,123,37,55" hai2="33,69,95,88,13,135,128,40,54,107,74,53,131" hai3="31,23,2,48,12,46,9,106,116,42,44,62,61"/><T7/><D129/><N who="2" m="49738" /><F107/><W79/><G106/><T20/><D127/><U4/><E34/><V28/><F74/><W1/><G1/><T82/><D39/><U32/><E32/><V119/><F69/><W50/><G79/><T35/><D35/><U81/><E37/><V113/><F113/><W115/><G116/><T27/><D102/><U120/><E4/><V122/><F122/><W45/><G2/><T52/><D110/><U3/><E3/><V43/><F13/><W18/><G46/><T91/><D77/><U63/><E117/><V73/><F73/><W94/><G94/><AGARI ba="1,0" hai="7,10,14,16,20,27,52,57,60,82,83,85,91,94" machi="94" ten="30,11600,0" yaku="7,1,8,1,54,2" doraHai="121" who="0" fromWho="3" sc="308,119,192,0,250,0,250,-119" /><INIT seed="0,2,0,2,4,20" ten="427,192,250,131" oya="0" hai0="37,38,86,1,60,127,34,51,117,57,9,2,70" hai1="13,45,43,119,48,78,132,104,131,32,12,53,114" hai2="89,90,61,82,44,52,75,49,31,28,98,19,55" hai3="50,107,120,29,62,64,97,65,124,122,116,23,42"/><T21/><D117/><U0/><E0/><V84/><F75/><W18/><G116/><T77/><D34/><U71/><E119/><V113/><F113/><W85/><G124/><T130/><D70/><U121/><E121/><N who="3" m="46698" /><G29/><T41/><D127/><U56/><E132/><V63/><F19/><W16/><G85/><T15/><D1/><U69/><E131/><V58/><REACH who="2" step="1"/><F63/><REACH who="2" ten="427,192,240,131" step="2"/><W26/><G18/><T27/><D60/><U83/><E114/><V40/><F40/><W106/><G97/><T73/><D41/><U105/><E43/><V7/><F7/><W100/><G100/><T66/><D73/><U93/><E71/><V129/><F129/><W46/><G65/><T81/><D66/><U59/><E69/><AGARI ba="2,1" hai="16,23,26,42,46,50,62,64,69,106,107" m="46698" machi="69" ten="30,3900,0" yaku="13,1,52,1,54,1" doraHai="20" who="3" fromWho="1" sc="427,0,192,-45,240,0,131,55" /><INIT seed="1,0,0,1,5,39" ten="427,147,240,186" oya="1" hai0="72,38,52,6,73,51,107,41,100,35,48,10,125" hai1="61,2,15,108,126,25,95,57,9,58,55,120,28" hai2="119,129,106,130,82,37,47,135,112,84,75,79,26" hai3="80,43,29,94,134,128,132,7,11,3,76,63,93"/><U65/><E120/><V116/><F26/><W121/><G121/><T53/><D35/><U89/><E2/><V62/><F62/><W101/><G128/><N who="2" m="49257" /><F47/><W40/><G29/><T111/><D111/><U77/><E77/><V115/><F37/><W12/><G3/><T64/><D64/><U54/><E126/><V31/><F31/><W5/><G63/><T74/><D125/><U90/><E108/><V98/><F84/><W113/><G113/><N who="2" m="43593" /><F135/><N who="3" m="51755" /><G7/><T1/><D38/><U104/><E104/><V8/><F8/><W30/><G30/><T24/><D24/><U105/><E105/><V109/><F109/><W68/><G68/><T23/><D23/><N who="1" m="15423" /><E95/><V20/><F20/><W44/><G44/><T103/><D107/><U96/><E96/><V114/><F114/><W69/><G94/><T49/><D1/><U46/><E46/><V17/><F17/><W87/><G69/><T60/><D6/><N who="1" m="3511" /><E65/><V81/><F81/><W70/><G70/><T85/><D85/><U33/><E33/><V133/><F133/><W18/><G5/><T71/><D71/><U36/><E36/><V0/><F0/><W27/><G27/><T56/><D73/><U131/><E131/><V99/><F99/><AGARI ba="0,0" hai="11,12,18,40,43,76,80,87,93,99,101" m="51755" machi="99" ten="30,3900,0" yaku="20,1,52,2" doraHai="39" who="3" fromWho="2" sc="427,0,147,0,240,-39,186,39" /><INIT seed="2,0,0,0,4,12" ten="427,147,201,225" oya="2" hai0="11,41,80,36,78,106,118,63,95,132,6,58,97" hai1="28,66,90,16,37,87,114,49,3,38,119,67,54" hai2="4,115,131,112,98,43,122,15,34,45,1,24,46" hai3="96,86,14,29,128,50,59,121,61,116,31,130,69"/><V47/><F122/><W42/><G121/><T71/><D132/><U10/><E28/><V75/><F75/><W123/><G123/><T89/><D118/><U102/><E102/><V57/><F43/><W125/><G116/><T32/><D32/><U7/><E114/><V103/><F1/><W0/><G69/><T70/><D106/><U77/><E77/><V109/><F131/><W27/><G0/><T62/><D36/><U99/><E99/><V110/><F34/><W93/><G86/><T76/><D41/><U68/><E67/><V113/><F24/><W30/><G14/><T25/><D25/><U120/><E66/><V20/><F57/><W73/><G50/><T74/><D78/><U53/><E53/><V104/><REACH who="2" step="1"/><F4/><REACH who="2" ten="427,147,191,225" step="2"/><W2/><G73/><T40/><D40/><U23/><E120/><V108/><F108/><W21/><G2/><T83/><D58/><U81/><E119/><V48/><F48/><W8/><G42/><T135/><D6/><U124/><E68/><V33/><F33/><W133/><G130/><T56/><D56/><U72/><E72/><V101/><F101/><W129/><G128/><T79/><D70/><U17/><E124/><V51/><F51/><W26/><G125/><T5/><D71/><U13/><REACH who="1" step="1"/><E17/><AGARI ba="0,1" hai="15,17,20,45,46,47,98,103,104,109,110,112,113,115" machi="17" ten="50,4800,0" yaku="1,1,52,1,53,0" doraHai="12" doraHaiUra="44" who="2" fromWho="1" sc="427,0,147,-48,191,58,225,0" /><INIT seed="2,1,0,1,2,7" ten="427,99,249,225" oya="2" hai0="18,86,6,92,82,79,60,103,131,100,120,63,129" hai1="39,130,88,119,40,58,46,28,115,20,41,84,114" hai2="56,65,109,1,90,49,0,13,122,134,11,25,99" hai3="78,29,9,102,89,125,33,74,77,4,37,12,111"/><V73/><F73/><W38/><G111/><T62/><D120/><U53/><E119/><V108/><F122/><W126/><G102/><T64/><D6/><U81/><E130/><N who="0" m="49673" /><D64/><U54/><E41/><V121/><F121/><W98/><G74/><T96/><D18/><U15/><E54/><N who="2" m="31823" /><F25/><N who="3" m="18607" /><G98/><T67/><D67/><U70/><E70/><V97/><F65/><W44/><G89/><AGARI ba="1,0" hai="60,62,63,79,82,86,89,92,96,100,103" m="49673" machi="89" ten="30,1000,0" yaku="19,1" doraHai="7" who="0" fromWho="3" sc="427,13,99,0,249,0,225,-13" /><INIT seed="3,0,0,2,5,112" ten="440,99,249,212" oya="3" hai0="43,83,119,13,91,102,128,116,34,95,35,94,12" hai1="0,113,68,121,104,23,127,62,88,109,38,124,58" hai2="70,65,50,125,73,37,2,29,114,7,21,77,67" hai3="131,72,89,98,92,30,115,106,129,25,49,61,52"/><W3/><G3/><T123/><D123/><U47/><E121/><V79/><F2/><W126/><G115/><T40/><D83/><U22/><E68/><V39/><F21/><W117/><G72/><T78/><D78/><U130/><E104/><V4/><F50/><W84/><G126/><T5/><D5/><U42/><E113/><V26/><F114/><W90/><G61/><T118/><D102/><U46/><E46/><V48/><F48/><W31/><G117/><T101/><D101/><U51/><E38/><V93/><F26/><W14/><G14/><N who="0" m="5739" /><D91/><U134/><E109/><V41/><F29/><W44/><G106/><T64/><D64/><U120/><E120/><V105/><F105/><W60/><G60/><T27/><D27/><U132/><E130/><N who="3" m="49674" /><G25/><T86/><D86/><U17/><E0/><V54/><F73/><W71/><G71/><T76/><D76/><U16/><E88/><V28/><F79/><W85/><G85/><T15/><D15/><N who="1" m="9503" /><E23/><V122/><F77/><W110/><G110/><T75/><D75/><U133/><E17/><V87/><F125/><W82/><AGARI ba="0,0" hai="30,31,44,49,52,82,84,89,90,92,98" m="49674" machi="82" ten="30,3000,0" yaku="19,1,54,1" doraHai="112" who="3" fromWho="3" sc="440,-10,99,-10,249,-10,212,30" /><INIT seed="3,1,0,0,1,88" ten="430,89,239,242" oya="3" hai0="18,85,47,37,130,14,23,32,126,89,42,29,76" hai1="15,34,122,2,77,99,40,108,128,49,107,59,41" hai2="25,82,56,112,117,16,125,86,43,48,105,30,50" hai3="8,115,12,68,92,69,96,72,0,45,113,80,36"/><W114/><G0/><T123/><D123/><U109/><E2/><V73/><F112/><W110/><G110/><T21/><D126/><U106/><E34/><V83/><F117/><W3/><G3/><T84/><D130/><U120/><E77/><V51/><F105/><W38/><G72/><T111/><D111/><U26/><E15/><V100/><F100/><W13/><G80/><T11/><D76/><U60/><E26/><V79/><F125/><W127/><G13/><T133/><D133/><U44/><E99/><V81/><F43/><W58/><G58/><T118/><D118/><U10/><E10/><V71/><F71/><W53/><G127/><T22/><D89/><U33/><E33/><V101/><F101/><W132/><G132/><T64/><D64/><U7/><E7/><V66/><F73/><W57/><G45/><T93/><D93/><U70/><E70/><V52/><F66/><W17/><G69/><T67/><D67/><U98/><E128/><V63/><F30/><W116/><G68/><T4/><D4/><U78/><E109/><V121/><F121/><W39/><G116/><T65/><D65/><U102/><E122/><V20/><AGARI ba="1,0" hai="16,20,25,48,50,51,52,56,63,79,81,82,83,86" machi="20" ten="30,7900,0" yaku="0,1,8,1,54,2" doraHai="88" who="2" fromWho="2" sc="430,-21,89,-21,239,82,242,-40" /><INIT seed="4,0,0,4,3,29" ten="409,68,321,202" oya="0" hai0="34,64,119,78,95,79,60,87,75,97,130,59,46" hai1="33,52,55,40,49,91,100,133,41,61,6,30,25" hai2="108,71,101,112,134,83,5,68,11,93,132,107,82" hai3="66,102,8,10,27,126,37,122,21,36,13,1,0"/><T76/><D119/><U32/><E133/><N who="2" m="51307" /><F107/><W4/><G102/><T70/><D130/><U120/><E120/><V43/><F43/><W14/><G66/><T116/><D116/><U121/><E121/><V124/><F108/><W62/><G62/><T15/><D75/><U31/><E100/><V58/><F112/><W3/><G122/><T103/><D34/><U20/><E6/><V56/><F101/><W110/><G110/><T54/><D15/><N who="3" m="5641" /><G37/><T63/><REACH who="0" step="1"/><D46/><REACH who="0" ten="399,68,321,202" step="2"/><U109/><E109/><V84/><F124/><W96/><G126/><T89/><D89/><U28/><E91/><N who="2" m="53479" /><F5/><W72/><G72/><T9/><D9/><U19/><E32/><V38/><F11/><W105/><G10/><T113/><D113/><U118/><E33/><V81/><F38/><W123/><G36/><T16/><D16/><U22/><E118/><V115/><F115/><W47/><G123/><T92/><D92/><U99/><E22/><V125/><F125/><W2/><G47/><T129/><D129/><U35/><E35/><V114/><F114/><W94/><G94/><T77/><D77/><U26/><E26/><V67/><F83/><AGARI ba="0,1" hai="54,59,60,63,64,70,76,78,79,83,87,95,97,103" machi="83" ten="40,2000,0" yaku="1,1,53,0" doraHai="29" doraHaiUra="45" who="0" fromWho="2" sc="399,30,68,0,321,-20,202,0" /><INIT seed="4,1,0,4,5,23" ten="429,68,301,202" oya="0" hai0="103,119,111,6,61,52,0,57,101,118,116,40,75" hai1="74,132,7,10,51,112,12,99,39,82,64,89,59" hai2="26,102,58,24,68,135,32,114,133,38,37,104,44" hai3="35,34,120,63,16,105,108,84,67,96,72,126,87"/><T125/><D75/><U92/><E39/><N who="2" m="14859" /><F32/><W91/><G108/><T55/><D40/><U2/><E132/><N who="2" m="50763" /><F68/><W70/><G72/><T121/><D121/><U8/><E112/><V30/><F30/><W48/><G120/><T77/><D77/><U28/><E28/><V56/><F114/><W60/><G126/><T17/><D125/><U45/><E59/><N who="2" m="22571" /><F44/><W65/><G35/><T47/><D47/><U122/><E64/><V80/><F80/><W123/><G34/><T22/><D57/><U66/><E66/><V50/><F50/><W94/><G123/><T86/><D103/><U42/><E122/><V13/><F13/><W128/><G48/><T93/><D101/><U127/><E127/><V18/><F18/><W134/><G134/><T81/><D81/><U98/><E82/><V46/><F46/><W27/><G70/><T88/><D17/><U117/><E74/><V71/><F71/><W97/><G67/><T124/><D124/><U49/><E49/><V4/><F4/><W115/><G65/><T1/><D6/><U62/><E12/><V90/><F90/><W53/><G91/><T95/><D88/><U29/><E51/><V36/><N who="2" m="14867" /><V85/><DORA hai="15" /><F85/><W3/><G87/><T54/><D86/><U5/><E89/><V69/><F69/><W76/><G115/><T130/><D0/><U25/><E2/><V21/><F21/><W110/><G3/><T83/><D1/><U19/><E45/><V33/><F33/><W9/><G84/><T11/><D22/><U100/><E7/><V79/><F79/><W113/><G76/><RYUUKYOKU ba="1,0" sc="429,-10,68,-10,301,30,202,-10" hai2="24,26,102,104" /><INIT seed="5,2,0,4,4,115" ten="419,58,331,192" oya="1" hai0="62,60,116,7,117,52,33,68,84,85,134,123,108" hai1="133,28,39,10,103,89,128,77,95,63,18,76,118" hai2="66,64,37,98,1,71,112,51,82,53,110,27,25" hai3="73,88,31,42,70,34,74,101,17,23,46,0,54"/><U29/><E39/><V12/><F1/><W14/><G70/><T32/><D108/><U96/><E133/><V80/><F37/><W90/><G101/><T107/><D107/><U50/><E128/><V91/><F110/><W92/><G0/><T61/><D68/><U26/><E118/><V104/><F71/><W11/><G34/><T99/><D99/><U43/><E63/><V127/><F127/><W21/><G54/><T124/><D134/><U36/><E36/><V16/><F104/><W8/><G90/><T44/><D124/><U132/><E132/><V72/><F72/><W55/><G55/><T15/><D7/><U83/><E103/><V126/><F98/><W30/><G74/><T81/><D15/><N who="1" m="7543" /><E26/><N who="2" m="9739" /><F112/><W131/><G73/><T5/><D5/><U93/><E93/><V79/><F79/><N who="1" m="30281" /><E83/><N who="2" m="31787" /><F91/><W57/><G131/><T40/><D32/><U125/><E125/><V87/><F87/><W122/><G88/><T109/><D33/><U69/><E69/><V129/><F129/><W135/><G92/><T78/><D85/><U100/><E100/><V59/><F126/><W19/><G135/><T97/><D97/><U105/><E105/><V94/><F94/><W20/><G122/><T119/><D109/><U48/><E48/><V75/><F75/><W114/><G114/><T67/><D123/><U35/><E35/><V47/><F66/><W113/><G113/><T86/><D67/><U58/><E58/><V6/><F64/><W9/><G57/><N who="0" m="34855" /><D86/><U111/><E111/><V2/><F2/><W41/><G14/><T38/><D38/><U3/><E3/><RYUUKYOKU ba="2,0" sc="419,15,58,15,331,-15,192,-15" hai0="40,44,61,62,78,81,84,116,117,119" hai1="28,29,43,50,89,95,96" /><INIT seed="5,3,0,0,4,78" ten="434,73,316,177" oya="1" hai0="76,80,24,105,126,12,3,51,129,59,23,117,120" hai1="47,19,82,6,93,68,133,127,112,54,116,40,22" hai2="104,31,29,20,102,83,86,81,125,9,101,92,89" hai3="48,49,58,42,67,39,15,56,96,60,73,106,66"/><U18/><E116/><V17/><F125/><W109/><G73/><T7/><D117/><U28/><E68/><V90/><F9/><W13/><G109/><T41/><D105/><U11/><E112/><V38/><F38/><W103/><G39/><T44/><D126/><U111/><E133/><V94/><F104/><W35/><G35/><T53/><D129/><U124/><E111/><V21/><F17/><W65/><G42/><T131/><D131/><U84/><E54/><V61/><F86/><W100/><G106/><T63/><D120/><U72/><E93/><V95/><F94/><N who="3" m="58391" /><G103/><T107/><D3/><U1/><E19/><V108/><F61/><N who="3" m="38055" /><G67/><T113/><D107/><U75/><E28/><V121/><REACH who="2" step="1"/><F108/><REACH who="2" ten="434,73,306,177" step="2"/><W62/><G62/><T130/><D130/><U91/><E127/><V34/><F34/><W36/><G36/><T64/><D113/><U97/><E97/><V25/><F25/><W57/><G49/><T119/><D119/><U33/><E33/><V4/><F4/><W43/><G15/><T132/><D12/><U77/><E124/><V55/><F55/><N who="3" m="31975" /><G13/><T0/><D7/><U135/><E135/><V74/><F74/><W79/><G43/><T5/><D5/><U27/><REACH who="1" step="1"/><E77/><AGARI ba="3,1" hai="58,60,66,77,79" m="31975,38055,58391" machi="77" ten="30,1000,0" yaku="8,1" doraHai="78" who="3" fromWho="1" sc="434,0,73,-19,306,0,177,29" /><INIT seed="6,0,0,3,5,81" ten="434,54,306,206" oya="2" hai0="25,11,14,106,41,71,116,29,19,108,120,67,80" hai1="43,6,77,75,76,69,66,47,59,52,82,107,88" hai2="70,93,79,31,105,27,124,102,46,113,20,13,117" hai3="89,122,91,123,73,135,118,49,64,84,44,30,130"/><V128/><F117/><W103/><G73/><T63/><D116/><U57/><E107/><V22/><F70/><W94/><G118/><T100/><D108/><U5/><E77/><V36/><F105/><W51/><G135/><T58/><D120/><U85/><E57/><V99/><F113/><W134/><G134/><T90/><D41/><U95/><E66/><V0/><F0/><W21/><G130/><T34/><D58/><U17/><E69/><V68/><F68/><W54/><G64/><T83/><D90/><U8/><E17/><V33/><F124/><W60/><G60/><T101/><D101/><U56/><E56/><V10/><F128/><W12/><G103/><T110/><D110/><U32/><E32/><V132/><F132/><W62/><G62/><T23/><D11/><U131/><E8/><V39/><F79/><W50/><G122/><T53/><D53/><U1/><E1/><V55/><F39/><W38/><G38/><T15/><D15/><U24/><E24/><V114/><F114/><W48/><G123/><T74/><D74/><U40/><E131/><V112/><F36/><W87/><G12/><T9/><D9/><U92/><E92/><V98/><F98/><AGARI ba="0,0" hai="14,19,23,25,29,34,63,67,71,80,83,98,100,106" machi="98" ten="40,2600,0" yaku="25,2" doraHai="81" who="0" fromWho="2" sc="434,26,54,0,306,-26,206,0" /><INIT seed="7,0,0,2,2,90" ten="460,54,280,206" oya="3" hai0="51,76,135,95,30,114,129,133,52,132,117,19,54" hai1="97,102,5,101,23,119,98,14,60,12,86,121,116" hai2="25,21,1,43,110,125,7,75,31,22,62,38,61" hai3="8,32,3,85,10,107,94,100,24,47,35,79,29"/><W9/><G107/><T66/><D117/><U93/><E121/><V20/><F110/><W39/><G35/><T57/><D129/><U122/><E122/><V45/><F75/><W80/><G39/><T4/><D114/><U59/><E5/><V16/><F125/><W81/><G47/><T0/><D30/><U13/><E86/><V77/><F77/><W42/><G42/><T118/><D118/><U17/><E119/><V134/><F134/><W106/><G106/><T131/><D131/><U46/><E46/><V120/><F120/><W89/><G100/><T112/><D76/><U56/><E116/><V73/><F73/><W113/><G113/><T91/><D19/><U37/><E37/><V127/><F127/><W55/><G55/><N who="0" m="31999" /><D66/><U84/><E84/><V58/><F62/><W68/><G68/><T123/><D123/><U67/><E59/><V130/><F130/><W124/><G81/><T2/><D112/><U18/><E18/><V69/><F69/><W128/><G128/><T50/><D4/><U15/><E15/><V104/><F104/><W99/><REACH who="3" step="1"/><G124/><REACH who="3" ten="460,54,280,196" step="2"/><T111/><D54/><U109/><REACH who="1" step="1"/><E109/><REACH who="1" ten="460,44,280,196" step="2"/><V11/><F38/><W33/><G33/><T49/><D111/><U92/><AGARI ba="0,2" hai="12,13,14,17,23,56,60,67,92,93,97,98,101,102" machi="92" ten="20,16000,3" yaku="1,1,2,1,0,1,7,1,9,1,8,1,52,2,53,0" doraHai="90" doraHaiUra="41" who="1" fromWho="1" sc="460,-40,44,180,280,-40,196,-80" owari="420,52.0,224,-18.0,240,4.0,116,-38.0" /></mjloggm>