<mjloggm ver="2.3"><GO type="169" lobby="0"/><UN n0="%4F%4D%41%4E%54%41" n1="%EF%BC%98%EF%BC%90%EF%BC%90%EF%BC%98" n2="%E3%83%90%E3%82%AD" n3="%E3%83%8F%E3%82%AC%E3%82%BF%E3%82%AB%E3%81%AE%E3%81%88%E3%81%98%E3%81%8D" dan="19,17,17,17" rate="2255.32,2181.53,2193.16,2186.90" sx="M,M,M,M"/><TAIKYOKU oya="0"/><INIT seed="0,0,0,3,1,122" ten="250,250,250,250" oya="0" hai0="14,130,0,74,58,102,29,10,4,108,26,13,114" hai1="34,75,132,89,135,121,115,134,94,45,83,88,111" hai2="93,68,125,67,17,18,31,116,50,69,81,20,76" hai3="98,106,100,39,55,118,19,11,21,43,72,113,126"/><T79/><D114/><U5/><E34/><V109/><F125/><W37/><G113/><T119/><D119/><U53/><E115/><V54/><F116/><W85/><G118/><T128/><D102/><U38/><E5/><V107/><F107/><W56/><G72/><T40/><D40/><U120/><E53/><V41/><F41/><W52/><G126/><T123/><D123/><N who="1" m="47179" /><E45/><V33/><F33/><W78/><G11/><T99/><D99/><N who="1" m="57799" /><E38/><V84/><F67/><W6/><G6/><T8/><D58/><U63/><E63/><V127/><F127/><W16/><G55/><T15/><D79/><N who="1" m="44543" /><E89/><V91/><F31/><W44/><G21/><N who="0" m="15567" /><D74/><U61/><E61/><V124/><F124/><W131/><G39/><T48/><D48/><U87/><E87/><V71/><F20/><W77/><G85/><T90/><D90/><U103/><E103/><V46/><F68/><W12/><G19/><T32/><D32/><U95/><E95/><V97/><F69/><W28/><G28/><T49/><D49/><U2/><E2/><V66/><F71/><W117/><G117/><T1/><D1/><U9/><E9/><V62/><F17/><W73/><G73/><T101/><D101/><U42/><E42/><V27/><F18/><W65/><G65/><T96/><D10/><U110/><AGARI ba="0,0" hai="110,111,132,134,135" m="44543,57799,47179" machi="110" ten="40,12000,2" yaku="20,1,34,2,52,2,54,1" doraHai="122" who="1" fromWho="1" sc="250,-60,250,120,250,-30,250,-30" /><INIT seed="1,0,0,4,0,77" ten="190,370,220,220" oya="1" hai0="37,35,42,7,58,104,57,64,98,24,69,53,95" hai1="48,130,90,127,26,51,107,28,92,32,2,111,33" hai2="86,11,71,135,23,14,132,59,25,72,60,133,121" hai3="19,110,123,128,74,131,126,93,102,65,22,13,15"/><U36/><E127/><V120/><F71/><W125/><G74/><T5/><D104/><U129/><E107/><V134/><F72/><W83/><G65/><T16/><D69/><U49/><E36/><V8/><N who="2" m="33792" /><DORA hai="105" /><V12/><F86/><W113/><G102/><T44/><D64/><U50/><E2/><V4/><F59/><W109/><G93/><T21/><D35/><U62/><E62/><V115/><F60/><W94/><G94/><T17/><D17/><U1/><E1/><V3/><F115/><W118/><G83/><T99/><D99/><U10/><E10/><V30/><F3/><W89/><G89/><T45/><D45/><U106/><E106/><V101/><F101/><W67/><G67/><T29/><D29/><U75/><E75/><V70/><F70/><W73/><G73/><T82/><D82/><U79/><E79/><V27/><F27/><W55/><G55/><T76/><D76/><U97/><E111/><N who="3" m="42506" /><G113/><T124/><D124/><N who="3" m="47721" /><G123/><T0/><D58/><U81/><E81/><V68/><REACH who="2" step="1"/><F68/><REACH who="2" ten="190,370,210,220" step="2"/><W34/><G118/><T108/><D108/><U6/><E26/><V46/><F46/><W43/><G43/><T9/><D57/><U117/><E117/><V18/><AGARI ba="0,1" hai="4,8,11,12,14,18,23,25,30,120,121" m="33792" machi="18" ten="60,16000,3" yaku="1,1,0,1,20,1,34,3,53,2" doraHai="77,105" doraHaiUra="80,119" who="2" fromWho="2" sc="190,-40,370,-80,210,170,220,-40" /><INIT seed="2,0,0,3,3,36" ten="150,290,380,180" oya="2" hai0="105,126,85,51,113,47,111,79,120,89,30,112,76" hai1="78,99,82,31,41,55,56,115,19,34,94,64,1" hai2="125,117,95,53,59,130,123,75,134,70,102,12,29" hai3="8,4,57,3,81,96,49,48,10,72,7,110,69"/><V90/><F117/><W45/><G69/><T63/><D120/><U0/><E115/><V73/><F123/><W23/><G110/><T40/><D111/><U107/><E107/><V124/><F70/><W66/><G23/><T101/><D126/><N who="2" m="48746" /><F134/><W32/><G32/><T14/><D30/><U9/><E64/><V127/><F130/><W86/><G72/><T60/><D112/><U35/><E31/><V43/><F102/><W122/><G96/><T98/><D113/><U71/><E71/><V46/><F29/><W15/><G122/><T16/><D79/><U18/><E35/><V42/><F12/><W2/><G15/><T103/><D76/><U20/><E34/><V27/><F27/><W118/><G118/><T91/><D91/><U77/><E1/><V80/><F46/><W74/><G74/><N who="2" m="28169" /><F80/><W44/><G66/><T135/><D101/><U92/><E82/><V61/><N who="2" m="48754" /><V6/><DORA hai="5" /><F6/><W131/><G131/><T67/><D67/><U68/><E68/><V26/><F26/><W93/><G93/><T97/><D135/><U50/><E92/><V65/><F53/><W119/><G119/><T38/><D103/><U58/><E0/><V37/><F37/><W54/><REACH who="3" step="1"/><G49/><REACH who="3" ten="150,290,380,170" step="2"/><T87/><D51/><U17/><E94/><V88/><F95/><W106/><G106/><T133/><D105/><U132/><E132/><V52/><F65/><W28/><G28/><T109/><D109/><U84/><E50/><V104/><F104/><W128/><G128/><T116/><D98/><U13/><E99/><V83/><F83/><W11/><G11/><RYUUKYOKU ba="0,1" sc="150,-15,290,-15,380,15,170,15" hai2="42,43,52,59,61,88,90" hai3="2,3,4,7,8,10,44,45,48,54,57,81,86" /><INIT seed="2,1,1,3,0,8" ten="135,275,395,185" oya="2" hai0="23,11,5,130,14,59,133,45,53,13,36,129,40" hai1="64,35,51,65,47,62,6,66,99,105,1,12,22" hai2="16,31,119,54,120,134,118,111,113,125,86,29,97" hai3="2,132,98,96,121,123,70,117,0,79,19,27,20"/><V50/><F113/><W100/><G70/><T37/><D37/><U116/><E116/><V21/><F120/><W87/><G117/><T52/><D133/><U61/><E35/><V103/><F134/><W24/><G132/><T43/><D43/><U33/><E33/><V110/><F125/><W80/><G98/><T89/><D89/><U85/><E1/><V126/><F86/><W67/><G67/><T101/><D101/><U56/><E85/><V73/><F73/><W25/><G2/><T4/><D4/><U131/><E131/><N who="0" m="50185" /><D59/><U68/><E66/><V112/><F112/><W44/><G44/><T88/><D88/><U75/><E6/><V115/><F115/><W9/><G0/><T58/><D58/><U92/><E105/><N who="2" m="63727" /><F126/><W108/><G9/><T74/><D74/><U91/><E75/><V72/><F72/><W15/><REACH who="3" step="1"/><G108/><REACH who="3" ten="135,275,395,175" step="2"/><N who="2" m="41513" /><F119/><W39/><G39/><T93/><D93/><AGARI ba="1,2" hai="15,19,20,24,25,27,79,80,87,93,96,100,121,123" machi="93" ten="40,2600,0" yaku="1,1,52,1,53,0" doraHai="8" doraHaiUra="7" who="3" fromWho="0" sc="135,-29,275,0,395,0,175,49" /><INIT seed="3,0,0,4,1,101" ten="106,275,395,224" oya="3" hai0="88,43,82,108,17,16,87,39,96,33,10,32,132" hai1="105,95,100,114,27,64,14,84,35,5,93,81,11" hai2="65,111,98,42,71,13,50,70,36,112,85,66,37" hai3="41,123,60,20,19,86,54,122,44,135,21,128,72"/><W12/><G72/><T6/><D108/><U121/><E114/><V26/><F112/><W8/><G128/><T38/><D132/><U92/><E121/><V49/><F26/><W59/><G135/><T110/><D110/><U127/><E127/><V7/><F85/><W53/><G53/><T69/><D69/><N who="2" m="26122" /><F98/><W109/><G109/><T47/><D39/><N who="2" m="14922" /><F13/><W9/><G122/><T0/><REACH who="0" step="1"/><D96/><REACH who="0" ten="96,275,395,224" step="2"/><U4/><E64/><N who="2" m="24683" /><F111/><W62/><G123/><T102/><D102/><U25/><E35/><AGARI ba="0,1" hai="0,6,10,16,17,32,33,35,38,43,47,82,87,88" machi="35" ten="40,5200,0" yaku="1,1,54,2,53,0" doraHai="101" doraHaiUra="52" who="0" fromWho="1" sc="96,62,275,-52,395,0,224,0" /><INIT seed="4,0,0,1,4,95" ten="158,223,395,224" oya="0" hai0="41,119,100,5,118,93,36,84,15,81,101,113,29" hai1="78,17,23,0,74,48,120,13,82,35,117,68,51" hai2="79,7,57,110,115,55,22,19,86,85,47,96,94" hai3="65,75,32,42,83,97,6,31,126,112,121,134,71"/><T53/><D113/><U80/><E117/><V88/><F115/><W69/><G112/><T34/><D53/><U116/><E116/><V1/><F110/><W59/><G59/><T44/><D101/><U21/><E68/><V39/><F7/><W54/><G54/><T12/><D34/><U49/><E35/><V9/><F9/><W127/><G42/><T56/><D29/><U114/><E114/><V91/><F1/><W60/><G69/><T98/><D56/><U99/><E0/><V70/><F70/><W8/><G134/><T130/><D130/><U89/><E120/><V67/><F67/><W122/><G97/><T61/><D61/><U16/><E82/><N who="2" m="47327" /><F39/><W128/><G83/><T72/><D72/><U18/><REACH who="1" step="1"/><E13/><REACH who="1" ten="158,213,395,224" step="2"/><N who="2" m="9583" /><F47/><W103/><G71/><T4/><D15/><U92/><AGARI ba="0,1" hai="16,17,18,21,23,48,49,51,74,78,80,89,92,99" machi="92" ten="40,8000,1" yaku="1,1,0,1,52,1,54,1,53,0" doraHai="95" doraHaiUra="64" who="1" fromWho="1" sc="158,-40,213,90,395,-20,224,-20" /><INIT seed="5,0,0,4,5,120" ten="118,303,375,204" oya="1" hai0="99,105,7,123,24,16,90,62,82,117,37,132,111" hai1="29,20,92,46,17,65,54,115,109,124,2,51,59" hai2="98,53,86,58,42,52,69,110,39,121,84,15,125" hai3="56,32,33,49,95,3,18,6,11,22,64,19,66"/><U85/><E115/><V113/><F121/><W106/><G106/><T107/><D123/><U9/><E124/><V30/><F69/><W74/><G74/><T135/><D117/><U70/><E70/><V50/><F125/><W97/><G66/><T108/><D37/><U63/><E2/><V34/><F110/><N who="0" m="42026" /><D7/><U77/><E109/><V78/><F113/><W57/><G57/><T27/><D62/><U60/><E60/><V31/><F42/><W13/><G64/><T104/><D16/><U28/><E9/><V93/><F34/><W134/><G134/><N who="0" m="51243" /><D82/><N who="1" m="47311" /><E92/><AGARI ba="0,0" hai="24,27,90,92,99,104,105,107" m="51243,42026" machi="92" ten="40,8000,1" yaku="20,1,52,3" doraHai="120" who="0" fromWho="1" sc="118,80,303,-80,375,0,204,0" /><INIT seed="6,0,0,3,3,59" ten="198,223,375,204" oya="2" hai0="82,115,90,35,27,69,79,28,102,70,43,72,97" hai1="31,106,12,53,29,76,46,63,4,101,64,16,57" hai2="125,42,60,110,51,11,100,41,124,66,13,91,129" hai3="99,113,80,120,39,133,93,77,22,81,50,61,18"/><V112/><F112/><W128/><G120/><T96/><D115/><U127/><E127/><N who="2" m="48715" /><F129/><W73/><G113/><T107/><D90/><U104/><E76/><V1/><F1/><W37/><G128/><T20/><D20/><U78/><E78/><V26/><F51/><W54/><G81/><T103/><REACH who="0" step="1"/><D43/><REACH who="0" ten="188,223,375,204" step="2"/><U33/><E33/><V122/><F41/><W19/><G133/><T7/><D7/><U135/><E4/><V56/><F42/><W2/><G2/><T116/><D116/><U123/><E135/><V58/><F91/><W84/><G73/><T65/><D65/><U5/><E5/><V68/><F66/><W114/><G114/><T121/><D121/><U38/><E123/><V67/><F67/><W92/><G37/><T45/><D45/><U32/><E38/><V40/><F40/><W10/><G39/><T94/><AGARI ba="0,1" hai="27,28,35,69,70,72,79,82,94,96,97,102,103,107" machi="94" ten="20,2700,0" yaku="1,1,0,1,7,1,53,0" doraHai="59" doraHaiUra="134" who="0" fromWho="0" sc="188,37,223,-7,375,-13,204,-7" /><INIT seed="7,0,0,4,0,63" ten="225,216,362,197" oya="3" hai0="104,30,78,65,27,101,23,24,96,89,113,90,64" hai1="70,97,86,75,124,66,88,1,76,111,120,99,100" hai2="107,5,125,118,127,16,72,106,135,12,31,33,52" hai3="47,53,126,3,14,15,115,130,94,82,69,134,54"/><W91/><G69/><T20/><D78/><U2/><E120/><V37/><F5/><W109/><G3/><T71/><D113/><U117/><E111/><V57/><F37/><W50/><G115/><T55/><D55/><U4/><E124/><N who="2" m="47691" /><F72/><W9/><G126/><T43/><D43/><U13/><E99/><V17/><F135/><W51/><G134/><T44/><D44/><U56/><E70/><V110/><F17/><W116/><G109/><T18/><D71/><U7/><E117/><V129/><F129/><W114/><G114/><T32/><D32/><U108/><E108/><V46/><F46/><N who="3" m="27863" /><G116/><T25/><D25/><U128/><E128/><V103/><F118/><W132/><G132/><T122/><D122/><U29/><E29/><V36/><F36/><W74/><G74/><T102/><D102/><U112/><E112/><V40/><F40/><W85/><G130/><T121/><D121/><U84/><E75/><V41/><F41/><W133/><G133/><T21/><D21/><U73/><E73/><V95/><F107/><W98/><G9/><T10/><D10/><U81/><E2/><V11/><F106/><W93/><G93/><T123/><D123/><U61/><E1/><V45/><F33/><W49/><G49/><T119/><D119/><U77/><E13/><V131/><F11/><W38/><G38/><T34/><D34/><U105/><E77/><AGARI ba="0,0" hai="14,15,47,51,54,77,82,85,91,94,98" m="27863" machi="77" ten="30,1500,0" yaku="8,1" doraHai="63" who="3" fromWho="1" sc="225,0,216,-15,362,0,197,15" /><INIT seed="7,1,0,2,1,13" ten="225,201,362,212" oya="3" hai0="105,116,117,93,32,80,90,98,89,16,113,118,73" hai1="77,22,100,134,103,8,94,119,14,52,65,99,74" hai2="5,124,39,110,88,69,49,19,21,56,45,84,107" hai3="102,54,70,36,61,63,83,112,28,66,85,29,58"/><W132/><G36/><T128/><D32/><U79/><E134/><V26/><F110/><W62/><G132/><T50/><D50/><U127/><E127/><V31/><F69/><W68/><G112/><T37/><D37/><U92/><E119/><V130/><F107/><W72/><G72/><T95/><D16/><N who="1" m="8263" /><E74/><V106/><F106/><W104/><G102/><N who="1" m="38954" /><E65/><V101/><F101/><W111/><G104/><T43/><D43/><U96/><E22/><V64/><F5/><W27/><G111/><T7/><D113/><U97/><E52/><V135/><F39/><W10/><G10/><T33/><D33/><U35/><E35/><V76/><F135/><W20/><G28/><T2/><D105/><U125/><E125/><V4/><F31/><W23/><G23/><T9/><D117/><U6/><E6/><V17/><F4/><W82/><G85/><N who="0" m="52399" /><D116/><U34/><E34/><V41/><F84/><W122/><G122/><T1/><D118/><U87/><E87/><V91/><F21/><W121/><G121/><T57/><D7/><U0/><E0/><V55/><F124/><W30/><G30/><T3/><D9/><U60/><E60/><V11/><F64/><AGARI ba="1,0" hai="20,27,29,54,58,61,62,63,64,66,68,70,82,83" machi="64" ten="40,2000,0" yaku="9,1" doraHai="13" who="3" fromWho="2" sc="225,0,201,0,362,-23,212,23" /><INIT seed="7,2,0,4,4,75" ten="225,201,339,235" oya="3" hai0="80,79,128,45,99,18,19,64,2,124,42,43,1" hai1="47,68,118,23,102,0,21,131,91,59,104,82,7" hai2="106,100,27,107,58,119,62,4,20,70,81,116,89" hai3="71,103,54,60,134,133,26,86,11,35,115,84,105"/><W93/><G115/><T67/><D128/><U108/><E108/><V31/><F70/><W77/><G11/><T6/><D124/><U74/><E68/><V129/><F4/><W3/><G3/><T8/><D2/><U30/><E131/><V123/><F123/><W56/><G71/><T97/><D67/><U88/><E59/><V13/><F13/><W65/><G105/><T126/><D64/><U53/><E118/><V15/><F15/><W9/><G9/><T83/><D83/><U73/><E7/><V24/><F129/><W55/><G103/><T32/><D32/><U127/><E0/><V112/><F112/><W90/><G35/><T78/><D43/><U46/><E127/><V132/><F132/><N who="3" m="50795" /><G26/><T130/><D126/><U63/><E102/><V25/><F27/><W135/><G135/><T92/><D130/><U117/><E117/><V14/><F25/><W37/><G37/><T72/><D99/><U51/><E104/><V96/><F107/><W69/><G69/><T61/><D61/><U57/><E47/><V36/><F14/><W17/><G17/><T34/><D34/><U33/><E33/><V5/><F36/><W22/><G22/><T95/><D97/><U41/><E30/><V28/><F28/><W109/><G109/><T110/><D110/><U10/><E10/><V39/><F39/><W87/><G77/><T122/><D122/><U111/><E111/><V44/><F119/><W125/><G125/><T38/><D78/><N who="1" m="44367" /><E74/><V66/><F116/><W16/><G16/><AGARI ba="2,0" hai="1,6,8,16,18,19,38,42,45,72,79,80,92,95" machi="16" ten="40,8000,1" yaku="25,2,52,1,54,1" doraHai="75" who="0" fromWho="3" sc="225,86,201,0,339,0,235,-86" owari="311,11.0,201,-20.0,339,44.0,149,-35.0" /></mjloggm>