<mjloggm ver="2.3"><GO type="169" lobby="0"/><UN n0="%E8%87%B3%E9%AB%98%E3%81%AE%E3%81%A0%E3%81%A0%E3%81%A1%E3%82%83%E8%B1%86" n1="%79%69%6E%6E%65%72%30%36" n2="%E5%A6%99%E6%89%8D" n3="%59%48%56%48" dan="16,16,16,16" rate="2067.84,2173.39,2068.00,2052.88" sx="M,M,M,F"/><TAIKYOKU oya="0"/><INIT seed="0,0,0,1,0,102" ten="250,250,250,250" oya="0" hai0="93,119,11,54,81,20,112,135,134,34,49,76,84" hai1="121,14,7,58,126,132,42,106,59,101,80,105,17" hai2="71,117,29,52,23,33,63,18,30,26,120,61,83" hai3="35,60,77,127,43,78,82,85,125,15,50,113,108"/><T1/><D112/><U56/><E121/><V114/><F120/><W103/><G35/><T116/><D34/><U4/><E101/><V91/><F114/><W6/><G113/><T8/><D20/><U69/><E69/><V36/><F117/><N who="0" m="45130" /><D93/><U98/><E98/><V64/><F36/><W10/><G108/><T129/><D1/><U100/><E100/><V22/><F33/><W38/><G38/><T62/><D62/><U111/><E111/><V75/><F22/><W95/><G77/><T67/><D67/><U40/><E132/><N who="0" m="50729" /><D129/><U57/><E80/><V115/><F115/><W46/><G60/><T133/><N who="0" m="50737" /><T99/><DORA hai="128" /><D99/><AGARI ba="0,0" hai="6,10,15,43,46,50,78,82,85,95,99,103,125,127" machi="99" ten="40,2600,0" yaku="25,2" doraHai="102,128" who="3" fromWho="0" sc="250,-26,250,0,250,0,250,26" /><INIT seed="1,0,0,0,5,66" ten="224,250,250,276" oya="1" hai0="35,22,33,55,34,17,119,124,58,49,69,59,89" hai1="12,87,93,71,99,123,121,94,108,65,19,10,20" hai2="135,98,27,61,26,44,48,113,97,122,118,83,3" hai3="105,50,133,79,109,9,11,76,110,100,30,92,46"/><U1/><E108/><N who="3" m="41578" /><G105/><T43/><D119/><U85/><E93/><V7/><F122/><W42/><G133/><T95/><D124/><U6/><E121/><V104/><F118/><W24/><G100/><T57/><D69/><U39/><E39/><V0/><F113/><W15/><G92/><T68/><D68/><U86/><E123/><V28/><F27/><W16/><G9/><T84/><REACH who="0" step="1"/><D43/><REACH who="0" ten="214,250,250,276" step="2"/><U8/><E71/><V64/><F135/><W29/><G29/><T132/><D132/><U37/><E37/><V115/><F28/><W91/><G91/><T23/><D23/><AGARI ba="0,1" hai="11,15,16,23,24,30,42,46,50,76,79" m="41578" machi="23" ten="30,2000,0" yaku="14,1,54,1" doraHai="66" who="3" fromWho="0" sc="214,-20,250,0,250,0,276,30" /><INIT seed="2,0,0,1,3,92" ten="194,250,250,306" oya="2" hai0="103,116,74,124,21,80,99,39,60,78,7,62,32" hai1="12,85,122,82,117,87,70,119,86,127,128,73,49" hai2="65,28,14,118,24,17,100,0,110,97,27,58,43" hai3="16,133,61,52,120,41,50,33,101,26,20,22,18"/><V135/><F0/><W23/><G133/><T123/><D123/><U83/><E70/><V54/><F118/><W112/><G120/><T71/><D116/><U25/><E122/><V115/><F135/><W42/><G112/><T35/><D124/><U108/><E108/><V15/><F110/><W66/><G101/><T109/><D109/><U72/><E119/><V90/><F43/><W47/><G33/><T79/><D60/><U89/><E117/><V111/><F111/><W55/><G41/><T48/><D48/><U77/><E128/><V98/><F65/><W67/><G23/><T94/><D78/><U5/><E127/><V38/><F38/><W9/><G9/><T53/><D7/><U64/><E64/><N who="3" m="24618" /><G61/><T93/><D71/><U63/><E63/><N who="2" m="36311" /><F100/><W44/><G44/><T113/><D39/><U46/><E25/><AGARI ba="0,0" hai="16,18,20,22,25,26,42,47,50,52,55" m="24618" machi="25" ten="30,3900,0" yaku="8,1,54,2" doraHai="92" who="3" fromWho="1" sc="194,0,250,-39,250,0,306,39" /><INIT seed="3,0,0,4,0,108" ten="194,211,250,345" oya="3" hai0="70,7,129,32,6,118,56,57,39,42,83,65,16" hai1="94,105,4,5,88,87,1,44,29,120,121,107,104" hai2="84,116,49,53,102,25,54,81,3,97,19,35,96" hai3="75,37,51,72,79,101,22,60,18,78,80,26,63"/><W41/><G37/><T33/><D118/><U59/><E29/><V14/><F116/><W130/><G130/><T122/><D122/><U23/><E23/><V92/><F3/><W46/><REACH who="3" step="1"/><G101/><REACH who="3" ten="194,211,250,335" step="2"/><T55/><D129/><U20/><E120/><V69/><F35/><W125/><G125/><T40/><D39/><U67/><E121/><V2/><F69/><W91/><G91/><T38/><D38/><U106/><E88/><N who="2" m="51215" /><F2/><W126/><G126/><T86/><D70/><U82/><E1/><V74/><F74/><W85/><G85/><T34/><D86/><U12/><E87/><V13/><F97/><W133/><G133/><T15/><D83/><AGARI ba="0,1" hai="18,22,26,41,46,51,60,63,72,75,78,79,80,83" machi="83" ten="40,3900,0" yaku="1,1,9,1,53,0" doraHai="108" doraHaiUra="90" who="3" fromWho="0" sc="194,-39,211,0,250,0,335,49" /><INIT seed="3,1,0,4,0,3" ten="155,211,250,384" oya="3" hai0="119,91,25,23,65,27,22,110,135,64,37,133,59" hai1="35,34,19,45,66,2,24,92,97,70,9,89,6" hai2="76,124,99,103,95,104,36,123,11,69,13,44,51" hai3="128,60,26,86,109,67,40,32,81,83,80,42,107"/><W79/><G107/><T94/><D110/><U87/><E70/><V20/><F36/><W53/><G128/><T125/><D37/><U98/><E66/><V108/><F69/><W132/><G132/><T7/><D125/><U93/><E45/><V68/><F108/><W28/><G109/><T130/><D130/><U63/><E63/><V105/><F68/><W8/><G53/><T15/><D119/><U118/><E118/><V111/><F111/><W84/><G8/><T1/><D1/><U55/><E55/><V88/><F124/><W50/><G50/><T4/><D15/><U90/><REACH who="1" step="1"/><E87/><REACH who="1" ten="155,201,250,384" step="2"/><V113/><F123/><W72/><G72/><T47/><D47/><U85/><E85/><V74/><F44/><W29/><G81/><T122/><D122/><U38/><E38/><V96/><F74/><W115/><G115/><T12/><D12/><U101/><E101/><V33/><F113/><W131/><G131/><T5/><D133/><U10/><E10/><V75/><F75/><W126/><G126/><T43/><D43/><U52/><E52/><V117/><F13/><W39/><G39/><T21/><D135/><U62/><E62/><V121/><F11/><W114/><G114/><T127/><D127/><U77/><E77/><V102/><F76/><W73/><G73/><T54/><D54/><U56/><E56/><V120/><F117/><W82/><G82/><T16/><D59/><U17/><E17/><V78/><F120/><W14/><G83/><T71/><D71/><U41/><E41/><V0/><F121/><W100/><G42/><T18/><D23/><AGARI ba="1,1" hai="2,6,9,19,23,24,34,35,89,90,92,93,97,98" machi="23" ten="40,8000,1" yaku="1,1,6,1,9,1,52,1,53,0" doraHai="3" doraHaiUra="46" who="1" fromWho="0" sc="155,-83,201,93,250,0,384,0" /><INIT seed="4,0,0,0,1,127" ten="72,294,250,384" oya="0" hai0="32,111,77,58,13,123,18,33,28,89,72,100,11" hai1="40,2,95,12,64,43,1,62,22,132,133,96,109" hai2="85,115,4,75,129,74,69,103,92,76,24,23,94" hai3="130,8,73,108,119,53,6,98,39,30,79,66,19"/><T113/><D113/><U35/><E109/><V45/><F115/><W121/><G119/><T83/><D123/><U97/><E35/><V80/><F69/><W46/><G19/><T7/><D111/><U125/><E125/><V26/><F4/><W60/><G108/><T124/><D124/><U61/><E12/><V87/><F45/><W86/><G86/><T105/><D28/><U93/><E22/><V34/><F103/><W57/><G130/><T120/><D120/><U5/><E64/><V134/><F134/><W84/><G84/><T49/><D7/><AGARI ba="0,0" hai="1,2,5,7,40,43,61,62,93,95,96,97,132,133" machi="7" ten="25,1600,0" yaku="22,2" doraHai="127" who="1" fromWho="0" sc="72,-16,294,16,250,0,384,0" /><INIT seed="5,0,0,1,5,89" ten="56,310,250,384" oya="1" hai0="59,123,33,25,11,69,66,126,114,132,9,20,55" hai1="24,40,65,73,97,7,49,87,128,64,112,130,34" hai2="98,6,77,39,116,56,131,113,41,103,42,46,134" hai3="45,62,115,8,44,107,118,76,22,121,67,104,83"/><U28/><E73/><V10/><F116/><W99/><G121/><T117/><D123/><U68/><E112/><V93/><F134/><W133/><G115/><T74/><D117/><U53/><E40/><V96/><F113/><W102/><G107/><T70/><D74/><U48/><E7/><V30/><F42/><W4/><G22/><T27/><D33/><U0/><E0/><V108/><F131/><N who="1" m="50217" /><E87/><V37/><F77/><W38/><G38/><T17/><D132/><U16/><E68/><V1/><F39/><W120/><G120/><T94/><D114/><U36/><E36/><V47/><F47/><W26/><G26/><T81/><D81/><U29/><E29/><V135/><F135/><W80/><G80/><T71/><D126/><U14/><E97/><V31/><F108/><W105/><G105/><T54/><D27/><U92/><E92/><V61/><REACH who="2" step="1"/><F96/><REACH who="2" ten="56,310,240,384" step="2"/><W57/><G118/><T79/><D94/><U122/><E122/><V23/><F23/><W106/><G106/><T78/><D66/><AGARI ba="0,1" hai="1,6,10,30,31,37,41,46,56,61,66,93,98,103" machi="66" ten="30,3900,0" yaku="1,1,7,1,52,1,53,0" doraHai="89" doraHaiUra="15" who="2" fromWho="0" sc="56,-39,310,0,240,49,384,0" /><INIT seed="6,0,0,0,1,14" ten="17,310,289,384" oya="2" hai0="1,26,108,38,122,93,91,34,46,76,48,42,98" hai1="75,94,97,111,112,52,96,79,82,127,84,99,106" hai2="70,9,32,15,20,19,69,64,35,120,39,54,73" hai3="60,58,114,27,132,30,71,78,29,113,57,49,56"/><V41/><F120/><W68/><G132/><T24/><D108/><U65/><E111/><V77/><F73/><W61/><G78/><T117/><D117/><U12/><E65/><V44/><F77/><W53/><G29/><T22/><D1/><U100/><E127/><V126/><F126/><W28/><G27/><T135/><D135/><U13/><E112/><N who="3" m="43114" /><G28/><T80/><D34/><U105/><E13/><V128/><F128/><W45/><G30/><T37/><D26/><U90/><E12/><V74/><F74/><W31/><G31/><T110/><D110/><U33/><E33/><V116/><F116/><W8/><G8/><T101/><D101/><N who="1" m="62631" /><E52/><V130/><F130/><W115/><G115/><T92/><D92/><U95/><E97/><V62/><F70/><AGARI ba="0,0" hai="45,49,53,56,57,58,60,61,68,70,71" m="43114" machi="70" ten="40,8000,1" yaku="15,1,11,1,34,2" doraHai="14" who="3" fromWho="2" sc="17,0,310,0,289,-80,384,80" /><INIT seed="7,0,0,4,3,99" ten="17,310,209,464" oya="3" hai0="113,121,106,66,125,48,67,8,2,63,34,23,128" hai1="25,35,74,111,73,39,108,9,38,129,56,43,135" hai2="102,26,36,40,24,133,100,11,77,68,32,50,110" hai3="61,70,13,54,96,122,10,57,76,131,3,28,87"/><W30/><G122/><T90/><D8/><U22/><E35/><V21/><F133/><W114/><G3/><T120/><D23/><U20/><E129/><V118/><F118/><W55/><G114/><T41/><D90/><U44/><E135/><V109/><F11/><W6/><G70/><T105/><D63/><U59/><E9/><V15/><F36/><W81/><G131/><T124/><D48/><U101/><E44/><V80/><F68/><W69/><G69/><T130/><D41/><U72/><E43/><V52/><F40/><W64/><G96/><T29/><D29/><AGARI ba="0,0" hai="6,10,13,28,29,30,54,55,57,61,64,76,81,87" machi="29" ten="40,2000,0" yaku="8,1" doraHai="99" who="3" fromWho="0" sc="17,-20,310,0,209,0,464,20" owari="-3,-50.0,310,11.0,209,-19.0,484,58.0" /></mjloggm>