<mjloggm ver="2.3"><GO type="169" lobby="0"/><UN n0="%E3%81%82%E3%83%BC%E3%82%8B%E3%81%97%E3%81%A6%E3%83%BC" n1="%E3%81%86%E3%81%95%E3%81%8E%E3%83%95%E3%82%A1%E3%83%B3%E3%82%B7%E3%83%BC" n2="%31%35%2E%31%35%63%6D" n3="%4F%48%21%47%49%52%4C" dan="16,16,18,16" rate="2079.04,2155.29,2220.42,2096.50" sx="M,M,M,M"/><TAIKYOKU oya="0"/><INIT seed="0,0,0,0,5,80" ten="250,250,250,250" oya="0" hai0="51,90,96,107,25,46,133,117,2,49,70,79,97" hai1="29,106,93,109,42,132,56,118,36,22,87,23,50" hai2="48,110,58,67,65,10,24,105,76,125,3,57,9" hai3="128,108,115,17,81,74,32,94,75,39,101,6,73"/><T33/><D117/><U85/><E118/><V69/><F105/><W5/><G32/><T72/><D70/><U77/><E106/><V54/><F110/><W8/><G115/><T1/><D49/><U43/><E109/><V20/><F125/><W124/><G108/><T19/><D133/><U104/><E104/><V122/><F122/><W92/><G39/><T129/><D129/><U86/><E132/><V30/><F69/><W15/><G124/><T7/><D7/><U130/><E130/><V123/><F123/><W35/><G35/><T40/><D79/><U120/><E120/><V60/><F3/><W31/><G31/><T71/><D71/><U66/><E77/><V68/><F68/><W83/><G128/><T98/><D72/><U112/><E112/><V41/><F67/><W95/><G101/><T64/><D64/><U88/><E36/><V28/><F28/><W62/><G62/><T134/><D107/><U13/><E29/><V16/><F41/><N who="1" m="15369" /><E13/><V34/><REACH who="2" step="1"/><F76/><REACH who="2" ten="250,250,240,250" step="2"/><W121/><G121/><T84/><D1/><U18/><E66/><V59/><F59/><W38/><G38/><T127/><D2/><U135/><E135/><V119/><F119/><W52/><G52/><T126/><D134/><U12/><E23/><V53/><F53/><AGARI ba="0,1" hai="12,18,22,50,53,56,85,86,87,88,93" m="15369" machi="53" ten="30,12000,2" yaku="25,1,8,1,52,3,54,1" doraHai="80" who="1" fromWho="2" sc="250,0,250,130,240,-120,250,0" /><INIT seed="1,0,0,4,1,23" ten="250,380,120,250" oya="1" hai0="30,125,22,79,63,123,3,82,81,52,37,124,67" hai1="64,89,101,98,113,96,2,115,133,56,0,90,91" hai2="111,75,130,127,45,116,44,20,28,107,135,88,18" hai3="55,106,29,25,59,128,120,34,122,70,105,62,47"/><U102/><E56/><V19/><F116/><W15/><G128/><T69/><D3/><N who="1" m="1067" /><E64/><V76/><F130/><W77/><G70/><T87/><D37/><U99/><E133/><V48/><F107/><W38/><G77/><T110/><D110/><U12/><E12/><V36/><F111/><W134/><G134/><T121/><D81/><U40/><E40/><V132/><F36/><W27/><G15/><T31/><D52/><U104/><E104/><V24/><F127/><N who="0" m="48714" /><D22/><U43/><E43/><V80/><F45/><W117/><G117/><T17/><D17/><U97/><N who="1" m="24576" /><DORA hai="57" /><U58/><E58/><V72/><F72/><W61/><G38/><T93/><D93/><U49/><E49/><V6/><F135/><W126/><G126/><T42/><D42/><U65/><E65/><V39/><F132/><W4/><G47/><T73/><D73/><U1/><N who="1" m="1075" /><U84/><DORA hai="94" /><E84/><V131/><F39/><W21/><G106/><T108/><D108/><U71/><E71/><V51/><F131/><W13/><G105/><T32/><D32/><U68/><E68/><V8/><F19/><W33/><G34/><T14/><D14/><U129/><E129/><V100/><F18/><W50/><G13/><T78/><D78/><U95/><E95/><V114/><F44/><W92/><G92/><T109/><D109/><U53/><E53/><V35/><F35/><W10/><G55/><T60/><D67/><U103/><AGARI ba="0,0" hai="89,90,91,101,102,103,113,115" m="24576,1075" machi="103" ten="70,24000,3" yaku="29,2,28,2,52,4" doraHai="23,57,94" who="1" fromWho="1" sc="250,-80,380,240,120,-80,250,-80" /><INIT seed="1,1,0,1,5,102" ten="170,620,40,170" oya="1" hai0="99,109,80,128,107,26,85,22,38,49,40,59,64" hai1="10,70,1,116,55,79,110,43,17,132,127,67,41" hai2="30,8,42,68,88,45,74,0,62,87,114,52,93" hai3="103,19,20,86,69,24,37,72,108,12,125,48,32"/><U115/><E115/><V71/><F74/><W35/><G37/><T92/><D128/><U14/><E116/><V129/><F129/><W122/><G72/><T16/><D109/><U27/><E132/><V113/><F30/><W104/><G122/><T9/><D38/><U75/><E127/><V84/><F84/><W111/><G69/><T50/><D40/><U98/><E1/><V46/><F8/><W73/><G73/><T47/><D9/><U15/><E110/><V91/><F0/><W95/><G125/><T65/><D107/><U51/><E98/><V94/><F62/><W7/><G35/><T90/><D59/><U56/><E15/><V112/><F52/><W96/><G7/><T61/><D61/><U124/><E124/><V121/><F121/><W130/><G130/><T134/><D134/><U39/><E39/><V57/><F57/><W82/><G48/><N who="0" m="18539" /><D47/><N who="2" m="17930" /><F42/><W44/><G44/><T133/><D133/><U106/><E43/><V11/><F11/><W6/><G6/><T83/><D83/><U34/><E41/><V118/><F118/><W23/><G32/><T5/><D5/><U25/><E34/><V33/><F33/><W3/><G3/><T81/><D81/><U31/><E75/><V131/><F131/><W117/><G117/><T78/><AGARI ba="1,0" hai="16,22,26,64,65,78,80,85,90,92,99" m="18539" machi="78" ten="30,2000,0" yaku="8,1,54,1" doraHai="102" who="0" fromWho="0" sc="170,23,620,-11,40,-6,170,-6" /><INIT seed="2,0,0,0,4,117" ten="193,609,34,164" oya="2" hai0="19,97,68,39,96,7,84,108,101,125,104,112,3" hai1="44,134,120,88,100,61,130,31,38,2,132,12,75" hai2="122,66,16,69,131,13,57,124,5,86,82,87,111" hai3="106,113,65,109,59,24,20,55,51,45,50,4,91"/><V115/><F115/><W103/><G109/><T121/><D121/><U93/><E2/><V8/><F69/><W110/><G110/><T85/><D108/><U62/><E75/><V52/><F111/><W70/><G113/><T60/><D39/><U29/><E120/><V9/><F122/><W127/><G127/><T90/><D125/><U135/><E130/><V47/><F124/><W27/><G106/><T99/><D84/><N who="1" m="52359" /><E100/><V107/><F107/><W22/><G103/><T67/><D112/><U76/><E76/><V0/><F131/><W72/><G72/><T126/><D126/><U21/><E12/><V92/><F92/><W105/><G105/><T25/><D3/><U10/><E10/><V54/><F86/><W28/><G4/><T63/><D7/><U36/><E36/><V40/><F66/><W42/><G91/><T73/><D73/><U48/><E38/><V123/><F123/><W46/><G70/><T98/><D67/><U78/><E78/><V1/><F1/><W17/><G65/><T53/><D53/><N who="1" m="29831" /><E21/><V81/><F57/><AGARI ba="0,0" hai="17,20,22,24,27,28,42,45,46,50,51,55,57,59" machi="57" ten="40,1300,0" yaku="8,1" doraHai="117" who="3" fromWho="2" sc="193,0,609,0,34,-13,164,13" /><INIT seed="3,0,0,5,1,42" ten="193,609,21,177" oya="3" hai0="71,57,36,60,84,94,41,116,68,59,9,62,89" hai1="54,16,97,132,85,33,34,70,7,66,113,82,21" hai2="106,27,122,45,75,63,88,39,20,117,3,95,127" hai3="64,103,35,129,112,67,90,81,78,28,128,14,0"/><W29/><G0/><T119/><D36/><U47/><E113/><V1/><F117/><W24/><G112/><T2/><D41/><U91/><E7/><V110/><F106/><W51/><G103/><T126/><D126/><U80/><E132/><V65/><F75/><W72/><G28/><T8/><D2/><U17/><E97/><V92/><F110/><W79/><G79/><T49/><D49/><U100/><E100/><V102/><F127/><W118/><G118/><T46/><D46/><U61/><E82/><V12/><F12/><W11/><G90/><T134/><D134/><U98/><E98/><V43/><F95/><W25/><G51/><T52/><D116/><U124/><E124/><V38/><F38/><W19/><REACH who="3" step="1"/><G25/><REACH who="3" ten="193,609,21,167" step="2"/><T55/><D119/><U93/><E91/><V31/><F102/><W26/><G26/><T99/><D99/><U114/><E114/><V5/><F122/><W74/><G74/><T121/><D121/><U18/><E85/><V13/><F13/><W15/><G15/><T58/><REACH who="0" step="1"/><D58/><REACH who="0" ten="183,609,21,167" step="2"/><U77/><E77/><V109/><F109/><W96/><G96/><T107/><D107/><U53/><E70/><AGARI ba="0,2" hai="8,9,52,55,57,59,60,62,68,70,71,84,89,94" machi="70" ten="40,5200,0" yaku="1,1,9,1,54,1,53,0" doraHai="42" doraHaiUra="32" who="0" fromWho="1" sc="183,72,609,-52,21,0,167,0" /><INIT seed="4,0,0,3,1,52" ten="255,557,21,167" oya="0" hai0="66,105,26,14,10,59,39,104,84,2,93,89,129" hai1="51,79,45,47,16,48,17,60,37,76,6,123,65" hai2="116,24,86,109,29,36,73,106,11,71,108,21,131" hai3="30,42,68,41,54,98,70,95,27,121,9,61,20"/><T44/><D2/><U15/><E123/><V120/><F86/><W4/><G121/><T128/><D26/><U99/><E37/><V100/><F100/><W102/><G70/><T8/><D8/><U63/><E99/><V126/><F11/><W72/><G72/><T67/><D67/><U3/><E3/><V28/><F21/><W32/><G32/><T38/><D44/><U1/><E1/><V122/><F24/><W0/><G68/><T5/><D38/><U119/><E119/><V97/><F97/><W43/><G54/><T135/><D39/><U124/><E124/><V40/><F40/><W107/><G61/><N who="0" m="38207" /><D135/><U57/><E6/><V114/><F29/><W87/><G87/><T112/><D112/><U118/><E118/><V101/><F101/><W113/><G113/><T13/><D13/><U34/><E34/><V78/><F78/><W85/><G85/><T133/><D133/><U132/><E132/><V127/><F28/><W94/><AGARI ba="0,0" hai="0,4,9,20,27,30,41,42,43,94,95,98,102,107" machi="94" ten="30,1100,0" yaku="0,1" doraHai="52" who="3" fromWho="3" sc="255,-5,557,-3,21,-3,167,11" /><INIT seed="5,0,0,1,3,40" ten="250,554,18,178" oya="1" hai0="97,106,135,86,12,118,4,26,109,52,56,16,3" hai1="119,6,45,22,61,75,124,31,88,82,33,81,9" hai2="87,66,133,47,19,84,59,98,129,127,43,131,121" hai3="74,132,69,73,105,41,46,51,1,94,78,42,107"/><U2/><E119/><V13/><F121/><W29/><G69/><T15/><D109/><U85/><E124/><V28/><F28/><W99/><G1/><T58/><D3/><U24/><E61/><N who="2" m="38207" /><F98/><W38/><G132/><T116/><D135/><U77/><REACH who="1" step="1"/><E45/><REACH who="1" ten="250,544,18,178" step="2"/><V64/><F133/><W36/><G46/><T0/><D116/><U70/><E70/><V65/><F127/><W68/><G68/><T14/><D118/><U32/><AGARI ba="0,1" hai="2,6,9,22,24,31,32,33,75,77,81,82,85,88" machi="32" ten="30,12000,1" yaku="1,1,0,1,54,1,53,2" doraHai="40" doraHaiUra="79" who="1" fromWho="1" sc="250,-40,544,130,18,-40,178,-40" owari="210,1.0,674,77.0,-22,-52.0,138,-26.0" /></mjloggm>