<mjloggm ver="2.3"><GO type="185" lobby="0"/><UN n0="%E5%B7%A5%E8%97%A4%E3%81%95%E3%82%93" n1="%E3%81%84%E3%81%AC%E3%82%8F%E3%82%93" n2="%E3%81%B2%E3%82%8D%E3%81%8D%E3%81%A7%E3%81%99" n3="" dan="16,16,17,0" rate="2224.61,2211.84,2200.86,1500.00" sx="M,M,M,C"/><TAIKYOKU oya="0"/><INIT seed="0,0,0,4,3,134" ten="350,350,350,0" oya="0" hai0="96,127,64,46,68,133,83,74,57,48,44,117,113" hai1="119,106,103,107,92,120,122,49,86,90,75,71,42" hai2="50,51,73,110,123,97,126,35,72,40,61,125,116" hai3=""/><T56/><D117/><U95/><N who="1" m="30752" /><U100/><N who="1" m="31264" /><U129/><E71/><V115/><N who="2" m="31520" /><V89/><F115/><T124/><D113/><U43/><E119/><V121/><N who="2" m="31008" /><V54/><F116/><T37/><D133/><U88/><E75/><N who="2" m="28747" /><F35/><T0/><D0/><U1/><E129/><V132/><F132/><T109/><D109/><U85/><REACH who="1" step="1"/><E49/><REACH who="1" ten="350,340,350,0" step="2"/><V128/><F128/><T47/><D68/><U111/><E111/><V82/><F110/><T77/><D48/><U93/><E93/><V58/><F40/><T66/><D37/><U39/><E39/><V94/><F82/><T105/><D105/><U98/><E98/><V52/><F54/><T81/><D96/><U131/><E131/><V114/><F114/><T45/><D83/><U70/><E70/><V91/><BYE who="1" /><F91/><UN n1="%E3%81%84%E3%81%AC%E3%82%8F%E3%82%93" /><T41/><D41/><U53/><E53/><V108/><F108/><T84/><D74/><U36/><E36/><V65/><F52/><T60/><N who="0" m="11264" /><DORA hai="80" /><T118/><D118/><U62/><E62/><AGARI ba="0,1" hai="56,57,60,62,64,66,77,81,84,124,127" m="11264" machi="62" ten="50,12000,1" yaku="9,1,52,3" doraHai="134,80" who="0" fromWho="1" sc="350,130,340,-120,350,0,0,0" /><INIT seed="0,1,0,4,1,129" ten="480,220,350,0" oya="0" hai0="115,44,101,123,109,92,60,3,2,122,107,94,134" hai1="33,117,72,66,131,77,127,34,110,54,81,61,100" hai2="35,76,132,50,74,85,126,80,53,133,96,67,59" hai3=""/><T84/><N who="0" m="31264" /><T108/><N who="0" m="31520" /><T47/><D115/><U128/><E117/><V65/><F35/><T38/><D107/><U40/><E127/><V130/><F130/><N who="1" m="49705" /><E40/><V112/><F112/><T99/><D60/><U114/><E110/><N who="0" m="42601" /><D38/><U86/><E100/><V62/><F126/><T121/><N who="0" m="31008" /><T36/><D36/><U51/><E72/><V37/><F37/><T87/><D134/><N who="2" m="51818" /><F96/><T111/><N who="0" m="42609" /><T88/><DORA hai="102" /><D87/><U118/><E118/><V41/><F85/><T42/><D42/><U71/><E114/><V75/><F75/><T91/><D101/><U39/><E39/><V119/><F119/><T55/><D55/><U106/><E106/><V83/><F83/><T56/><D56/><AGARI ba="1,0" hai="33,34,51,54,56,61,66,71,77,81,86" m="49705" machi="56" ten="30,1000,0" yaku="19,1" doraHai="129,102" who="1" fromWho="0" sc="480,-12,220,12,350,0,0,0" /><INIT seed="1,0,0,4,5,63" ten="468,232,350,0" oya="1" hai0="45,78,132,42,52,66,50,65,104,116,119,90,54" hai1="107,56,64,121,103,77,95,122,126,91,109,101,55" hai2="35,123,118,53,113,61,92,43,47,60,59,100,79" hai3=""/><U112/><N who="1" m="31008" /><U135/><N who="1" m="31264" /><U105/><E112/><V36/><N who="2" m="31520" /><V3/><F35/><T57/><D104/><U41/><E135/><V125/><F3/><T32/><D32/><U62/><E77/><V51/><F113/><T127/><D132/><U99/><E126/><V72/><F125/><T82/><D127/><U134/><E134/><V98/><F118/><N who="0" m="45098" /><D90/><U34/><E41/><V2/><REACH who="2" step="1"/><F2/><REACH who="2" ten="468,232,340,0" step="2"/><T1/><D1/><U40/><E34/><V39/><F39/><T124/><D124/><U38/><E38/><V33/><F33/><T111/><D111/><U37/><E37/><V58/><F58/><T74/><D57/><U102/><E109/><V117/><F117/><T86/><D74/><U73/><E73/><V108/><F108/><T71/><D71/><U97/><E107/><V0/><F0/><T131/><D131/><U76/><E105/><V96/><F96/><T93/><D93/><U69/><E99/><V85/><F85/><T128/><D128/><U81/><E97/><V115/><F115/><T130/><D130/><U70/><E95/><V129/><F129/><T87/><D86/><U106/><E106/><V75/><F75/><T94/><D94/><U48/><E70/><V120/><F120/><RYUUKYOKU ba="0,1" sc="468,10,232,-20,340,10,0,0" hai0="42,45,50,52,54,65,66,78,82,87" hai2="36,43,47,51,53,59,60,61,72,79,92,98,100" /><INIT seed="2,1,1,2,1,81" ten="478,212,350,0" oya="2" hai0="92,128,119,70,100,103,66,60,59,110,113,84,52" hai1="107,75,51,45,55,37,41,112,133,124,33,35,65" hai2="120,80,89,127,117,32,54,58,61,108,122,46,1" hai3=""/><V118/><N who="2" m="30752" /><V93/><N who="2" m="31264" /><V53/><F32/><T36/><D119/><U111/><E112/><V69/><F1/><T72/><D72/><U49/><E107/><V34/><F34/><T44/><D113/><U57/><E75/><V3/><F3/><T105/><D110/><U83/><E133/><V78/><F108/><T129/><D105/><U123/><N who="1" m="31520" /><U104/><E104/><V97/><F127/><T99/><D100/><U106/><E106/><V94/><F93/><T90/><D44/><U38/><E124/><V86/><REACH who="2" step="1"/><F69/><REACH who="2" ten="478,212,340,0" step="2"/><T39/><D70/><U130/><E111/><V76/><F76/><T95/><D129/><U101/><E130/><V50/><AGARI ba="1,2" hai="46,50,53,54,58,61,78,80,86,89,94,97,117,118" m="31264,30752" machi="50" ten="30,12000,2" yaku="1,1,0,1,52,3,53,1" doraHai="81" doraHaiUra="87" who="2" fromWho="2" sc="478,-61,212,-61,340,142,0,0" /><INIT seed="2,2,0,2,0,107" ten="417,151,482,0" oya="2" hai0="112,32,58,115,75,61,123,49,45,94,1,46,81" hai1="89,78,121,85,72,108,47,104,66,0,65,55,129" hai2="126,34,109,54,67,59,36,130,86,91,125,52,117" hai3=""/><V119/><F34/><T99/><N who="0" m="31520" /><T82/><D32/><U35/><N who="1" m="31008" /><U37/><E0/><V60/><F130/><T120/><N who="0" m="30752" /><T135/><D1/><U77/><E35/><V38/><F86/><T84/><D135/><U53/><E104/><V40/><F91/><T39/><D39/><N who="2" m="14890" /><F40/><T133/><D133/><U106/><E106/><V97/><F97/><T105/><D105/><U42/><E129/><V3/><F3/><T70/><D70/><U93/><E108/><V127/><F109/><T79/><D49/><U96/><E78/><V118/><AGARI ba="2,0" hai="52,54,59,60,67,117,118,119,125,126,127" m="14890" machi="118" ten="50,8000,1" yaku="18,1,34,2,54,1" doraHai="107" who="2" fromWho="2" sc="417,-42,151,-42,482,84,0,0" /><INIT seed="2,3,0,1,3,61" ten="375,109,566,0" oya="2" hai0="94,88,101,58,57,48,124,103,76,115,40,46,104" hai1="133,78,32,135,110,95,34,112,66,42,59,117,85" hai2="106,125,99,75,87,35,45,127,64,47,79,116,60" hai3=""/><V131/><F116/><T92/><D124/><N who="2" m="47690" /><F35/><T102/><D115/><U126/><E112/><V52/><F75/><T39/><D76/><U90/><E90/><V93/><F131/><T33/><D33/><U73/><E73/><V56/><F106/><T129/><D129/><U71/><E71/><V123/><N who="2" m="31520" /><V98/><F52/><T130/><D130/><U80/><E117/><V119/><F119/><T81/><D104/><U2/><E2/><V122/><N who="2" m="31264" /><V108/><F108/><T37/><D37/><U49/><E110/><V128/><F128/><T91/><D81/><U63/><E126/><V65/><F65/><T50/><D39/><U107/><E107/><V1/><F1/><T89/><D50/><U43/><E32/><V121/><N who="2" m="31008" /><V67/><F64/><T62/><D58/><U77/><E34/><V83/><F99/><T72/><D72/><U118/><E118/><V36/><F36/><T68/><D68/><U109/><E109/><V51/><F51/><T0/><D0/><U111/><E111/><V132/><F132/><N who="1" m="50761" /><E49/><V70/><F70/><T120/><N who="0" m="30752" /><T100/><N who="0" m="25600" /><DORA hai="38" /><T114/><D114/><U97/><E78/><V44/><F98/><T84/><D84/><U54/><E54/><AGARI ba="3,0" hai="40,46,48,54,57,62,88,89,91,92,94" m="25600,30752" machi="54" ten="50,8000,1" yaku="6,1,8,1,52,2,54,1" doraHai="61,38" who="0" fromWho="1" sc="375,86,109,-86,566,0,0,0" /><INIT seed="4,0,0,2,1,120" ten="461,23,566,0" oya="0" hai0="85,44,60,123,64,109,107,35,58,62,68,89,53" hai1="129,34,52,90,106,128,88,1,81,116,113,69,91" hai2="42,51,63,50,114,84,3,66,39,125,87,79,48" hai3=""/><T94/><N who="0" m="31520" /><T38/><D35/><U132/><E116/><V135/><F3/><T75/><D75/><U71/><E1/><V0/><F0/><T77/><D77/><U101/><E34/><V133/><F114/><T93/><D107/><U126/><E126/><V78/><F125/><T37/><D109/><U110/><E132/><N who="2" m="50763" /><F39/><T86/><REACH who="0" step="1"/><D44/><REACH who="0" ten="451,23,566,0" step="2"/><U40/><E110/><V95/><F42/><T41/><D41/><U119/><E40/><V112/><F112/><T130/><D130/><N who="1" m="50283" /><E113/><V72/><F72/><T99/><D99/><U32/><E32/><V65/><F87/><T82/><D82/><U108/><E108/><V67/><F95/><T92/><D92/><U33/><E33/><V55/><F84/><T105/><D105/><U74/><E119/><V96/><F96/><T46/><D46/><U118/><E118/><V104/><F104/><T117/><D117/><U36/><E74/><V124/><F124/><T111/><D111/><U61/><E81/><V73/><F73/><T131/><D131/><U97/><E36/><V102/><F79/><T59/><D59/><AGARI ba="0,1" hai="52,59,61,69,71,88,90,91,97,101,106" m="50283" machi="59" ten="30,3900,0" yaku="19,1,54,2" doraHai="120" who="1" fromWho="0" sc="451,-39,23,49,566,0,0,0" /><INIT seed="5,0,0,2,1,131" ten="412,72,566,0" oya="1" hai0="82,109,119,114,40,81,99,121,62,32,87,96,55" hai1="97,72,41,101,135,68,37,104,108,113,61,120,75" hai2="38,127,85,57,110,133,91,51,35,129,50,88,49" hai3=""/><U36/><N who="1" m="30752" /><U116/><E116/><V53/><F110/><T44/><N who="0" m="31008" /><T130/><D32/><U132/><E113/><V77/><F35/><T107/><D119/><U34/><E108/><V90/><F129/><T122/><N who="0" m="31264" /><T79/><D109/><U93/><E93/><V134/><F38/><N who="1" m="14953" /><E41/><V100/><F127/><T126/><D126/><U60/><E60/><V95/><F100/><T0/><D0/><U42/><E42/><V71/><F71/><T115/><D130/><U67/><E34/><V117/><F117/><T73/><D107/><U70/><E70/><V78/><F95/><T58/><D115/><U63/><E63/><V76/><F85/><T112/><D114/><U48/><E48/><AGARI ba="0,0" hai="48,49,50,51,53,57,76,77,78,88,90,91,133,134" machi="48" ten="50,8000,1" yaku="29,2,52,2,54,1" doraHai="131" who="2" fromWho="1" sc="412,0,72,-80,566,80,0,0" owari="412,1.0,-8,-61.0,646,60.0,0,0.0" /></mjloggm>