<mjloggm ver="2.3"><GO type="169" lobby="0"/><UN n0="%46%49%4E%48%E7%B4%A0%E9%9D%A2" n1="%74%6F%72%69%30%36%31%32" n2="%6E%6F%6D%69%6F" n3="%E3%82%B5%E3%83%B3%26%E3%83%A0%E3%83%BC%E3%83%B3" dan="16,17,16,17" rate="2146.97,2146.82,2098.84,2148.00" sx="M,M,M,M"/><TAIKYOKU oya="0"/><INIT seed="0,0,0,3,0,113" ten="250,250,250,250" oya="0" hai0="28,11,23,17,123,38,85,108,71,48,114,2,66" hai1="129,87,9,109,33,92,27,39,26,20,64,79,61" hai2="133,5,70,10,103,88,46,76,57,35,65,99,60" hai3="73,29,67,102,7,54,77,45,47,121,40,49,55"/><T68/><D38/><U82/><E39/><V52/><F133/><W43/><G121/><T56/><D114/><U128/><E109/><V96/><F35/><W22/><G102/><T25/><D123/><U36/><E36/><V126/><F126/><W94/><G67/><T44/><D108/><U24/><E33/><V74/><F46/><W112/><G112/><T100/><D100/><U19/><E9/><V90/><F74/><W95/><G7/><T116/><D116/><U31/><E92/><N who="3" m="35370" /><G77/><T8/><D8/><U1/><E1/><V12/><F76/><W127/><G73/><T50/><D85/><U32/><REACH who="1" step="1"/><E27/><REACH who="1" ten="250,240,250,250" step="2"/><V111/><F111/><W130/><G127/><T105/><D105/><U124/><E124/><V81/><F81/><W84/><G130/><T53/><D2/><U134/><E134/><V59/><F70/><AGARI ba="0,1" hai="19,20,24,26,31,32,61,64,70,79,82,87,128,129" machi="70" ten="40,1300,0" yaku="1,1,53,0" doraHai="113" doraHaiUra="101" who="1" fromWho="2" sc="250,0,240,23,250,-13,250,0" /><INIT seed="1,0,0,4,2,55" ten="250,263,237,250" oya="1" hai0="7,81,68,28,122,102,93,47,132,123,38,44,109" hai1="64,120,6,0,90,26,91,11,131,60,25,127,134" hai2="113,110,114,95,61,67,82,126,33,29,14,16,98" hai3="97,49,41,130,53,105,121,85,76,8,88,135,108"/><U5/><E120/><N who="0" m="46121" /><D68/><U34/><E127/><V73/><F126/><W30/><G121/><T52/><D38/><U65/><E131/><V4/><F110/><W116/><G108/><T112/><D112/><N who="2" m="43114" /><F4/><W18/><G130/><T32/><D7/><U36/><E36/><V46/><F46/><W48/><G135/><T125/><D81/><U59/><E134/><V77/><F29/><W92/><G30/><T42/><D42/><U87/><E91/><V51/><F51/><W45/><G116/><T50/><D109/><U106/><E106/><V56/><F33/><W27/><G105/><T89/><D102/><U84/><E84/><V12/><F16/><W119/><G119/><T72/><D72/><U15/><E34/><V83/><F83/><W62/><G62/><T23/><D32/><U74/><E74/><V31/><F31/><W101/><G101/><AGARI ba="0,0" hai="12,14,56,61,67,73,77,82,95,98,101" m="43114" machi="101" ten="30,2000,0" yaku="11,1,52,1" doraHai="55" who="2" fromWho="3" sc="250,0,263,0,237,20,250,-20" /><INIT seed="2,0,0,3,3,40" ten="250,263,257,230" oya="2" hai0="10,125,16,62,36,22,128,117,132,105,0,111,118" hai1="129,91,135,1,126,2,33,13,130,85,49,64,89" hai2="42,57,55,124,119,51,20,94,32,47,122,123,37" hai3="41,127,17,131,38,24,74,31,90,109,110,77,108"/><V95/><F119/><N who="0" m="45578" /><D105/><U81/><E33/><V3/><F32/><W39/><G127/><T59/><D125/><U4/><E126/><V35/><F124/><W102/><G131/><N who="1" m="50186" /><E135/><V48/><F35/><W99/><G90/><T120/><D128/><U75/><E75/><V116/><F116/><W106/><G17/><T70/><D120/><U44/><E64/><V73/><F73/><W7/><G7/><N who="0" m="1383" /><D70/><U72/><E72/><V107/><F107/><W34/><REACH who="3" step="1"/><G41/><REACH who="3" ten="250,263,257,220" step="2"/><T96/><D132/><U133/><E91/><V97/><F123/><W58/><G58/><T46/><D96/><U66/><E133/><V23/><F122/><W87/><G87/><T88/><D88/><U45/><E89/><V113/><F97/><W112/><G112/><T43/><D111/><U50/><E85/><V71/><F113/><W28/><G28/><T60/><D59/><U30/><E30/><V76/><F71/><W93/><G93/><T52/><D52/><N who="1" m="29735" /><E66/><V18/><F94/><W65/><G65/><T14/><AGARI ba="0,1" hai="14,16,22,36,43,46,60,62" m="1383,45578" machi="14" ten="30,4000,0" yaku="12,1,52,1,54,1" doraHai="40" who="0" fromWho="0" sc="250,50,263,-10,257,-20,220,-10" /><INIT seed="3,0,0,0,5,22" ten="300,253,237,210" oya="3" hai0="102,127,82,106,55,32,126,117,13,83,96,27,14" hai1="116,128,118,108,134,54,85,17,135,81,48,21,52" hai2="84,74,33,94,38,62,100,78,5,4,43,129,12" hai3="79,131,123,57,18,119,29,3,111,26,46,86,44"/><W121/><G119/><N who="1" m="45610" /><E108/><V31/><F129/><W88/><G131/><T64/><D117/><U68/><E68/><V36/><F74/><W7/><G111/><T93/><D55/><N who="1" m="21035" /><E48/><V69/><F78/><W89/><G79/><T63/><D93/><U51/><E51/><V39/><F43/><W45/><G57/><T105/><D105/><U107/><E107/><V11/><F5/><W25/><G18/><T95/><D95/><U9/><E9/><V1/><F1/><W65/><G65/><T37/><D37/><U2/><E2/><V47/><F47/><W20/><G26/><T99/><D99/><U76/><E128/><V87/><F100/><W115/><G115/><T60/><D60/><U98/><E98/><V35/><F94/><W122/><REACH who="3" step="1"/><G86/><REACH who="3" ten="300,253,237,200" step="2"/><T132/><D64/><U56/><E56/><V113/><F113/><W70/><G70/><T42/><D27/><AGARI ba="0,1" hai="17,21,27,76,81,85,134,135" m="21035,45610" machi="27" ten="30,3900,0" yaku="12,1,52,1,54,1" doraHai="22" who="1" fromWho="0" sc="300,-39,253,49,237,0,200,0" /><INIT seed="4,0,0,4,4,13" ten="261,302,237,200" oya="0" hai0="32,5,1,3,12,51,131,35,83,33,103,96,48" hai1="95,25,98,79,52,88,127,0,73,70,71,110,11" hai2="46,84,24,29,121,45,69,66,132,15,36,129,124" hai3="4,57,55,63,39,64,128,23,122,107,86,92,97"/><T43/><D131/><U94/><E110/><V135/><F121/><W6/><G128/><T26/><D83/><U115/><E127/><V106/><F129/><W9/><G122/><T130/><D130/><U54/><E71/><V2/><F2/><W14/><G39/><T65/><D65/><U126/><E70/><V77/><F106/><W30/><G107/><T49/><D43/><U133/><E79/><V67/><F124/><W31/><G86/><T47/><D47/><U21/><E73/><V20/><F15/><W41/><G41/><T8/><REACH who="0" step="1"/><D26/><REACH who="0" ten="251,302,237,200" step="2"/><U18/><E126/><V111/><F45/><W134/><G134/><T109/><D109/><U50/><E133/><V53/><F111/><W68/><G4/><T44/><D44/><U101/><E54/><V116/><F132/><W108/><G108/><T10/><D10/><U125/><E125/><V76/><F135/><W113/><G113/><T58/><D58/><U22/><E115/><V17/><F67/><W114/><G114/><T120/><D120/><U123/><E123/><V56/><F46/><W16/><G68/><T99/><D99/><N who="1" m="57799" /><E0/><V93/><F66/><W59/><G59/><T112/><D112/><U90/><E11/><V117/><F69/><W42/><G42/><T100/><D100/><U19/><E101/><V89/><F36/><W104/><G64/><T118/><D118/><N who="2" m="45674" /><F56/><W119/><G119/><T91/><D91/><U74/><E52/><V102/><F53/><W28/><G104/><AGARI ba="0,1" hai="1,3,5,8,12,32,33,35,48,49,51,96,103,104" machi="104" ten="50,2400,0" yaku="1,1,53,0" doraHai="13" doraHaiUra="81" who="0" fromWho="3" sc="251,34,302,0,237,0,200,-24" /><INIT seed="4,1,0,0,5,115" ten="285,302,237,176" oya="0" hai0="39,113,97,105,29,104,94,19,102,124,18,8,66" hai1="69,58,78,37,89,129,80,103,92,20,28,71,17" hai2="132,107,93,117,6,51,123,90,96,134,30,52,118" hai3="74,50,60,10,21,120,24,45,0,7,76,41,61"/><T5/><D113/><U46/><E103/><V40/><F123/><W32/><G120/><T53/><D124/><U42/><E28/><V121/><F121/><W84/><G74/><T31/><D39/><U116/><E58/><N who="2" m="33055" /><F107/><W79/><G32/><T128/><D128/><U126/><E129/><V2/><F30/><W75/><G75/><T13/><D66/><U130/><E126/><V109/><F109/><W11/><G11/><T85/><D31/><U133/><E133/><N who="2" m="51307" /><F40/><W77/><REACH who="3" step="1"/><G84/><REACH who="3" ten="285,302,237,166" step="2"/><T65/><D85/><N who="1" m="52271" /><E130/><V49/><F49/><W119/><G119/><N who="2" m="45577" /><F6/><W36/><G36/><T23/><D5/><U82/><E37/><V44/><F2/><W55/><G55/><T14/><D53/><U70/><E116/><V108/><F108/><W135/><G135/><T27/><REACH who="0" step="1"/><D65/><REACH who="0" ten="275,302,237,166" step="2"/><U62/><E42/><V16/><F44/><W114/><G114/><T26/><D26/><U33/><E46/><V3/><F3/><W86/><G86/><T99/><D99/><U12/><E12/><V91/><F16/><AGARI ba="1,2" hai="0,7,10,16,21,24,41,45,50,60,61,76,77,79" machi="16" ten="40,2600,0" yaku="1,1,54,1,53,0" doraHai="115" doraHaiUra="25" who="3" fromWho="2" sc="275,0,302,0,237,-29,166,49" /><INIT seed="5,0,0,0,2,8" ten="275,302,208,215" oya="1" hai0="86,61,129,65,32,132,4,82,17,25,22,122,77" hai1="0,76,46,39,110,89,100,14,27,68,111,48,70" hai2="24,95,7,1,114,38,55,99,33,105,130,98,35" hai3="126,49,63,124,6,58,73,80,43,62,108,50,109"/><U45/><E0/><V115/><F38/><W85/><G73/><T91/><D129/><U57/><E76/><V116/><F116/><W36/><G6/><T34/><D132/><U102/><E27/><V94/><F130/><W31/><G31/><T28/><D122/><U121/><E57/><V26/><F55/><W97/><G97/><N who="2" m="36873" /><F7/><W10/><G10/><T66/><D66/><U83/><E121/><V113/><F1/><W104/><G104/><T23/><D4/><U12/><E39/><V123/><F105/><W88/><G36/><T72/><D72/><U3/><E3/><V87/><F87/><W29/><G29/><T51/><D51/><N who="3" m="19465" /><G43/><T41/><D41/><U5/><E5/><V13/><F13/><N who="1" m="5225" /><E46/><V19/><F19/><W59/><G58/><T131/><D131/><U60/><E68/><V21/><F21/><W117/><G117/><T81/><D23/><U30/><E30/><V119/><F119/><W37/><G37/><T44/><D28/><U67/><E45/><V18/><F18/><W69/><G69/><T74/><D44/><U93/><E48/><V11/><F11/><W120/><G120/><T90/><D34/><N who="2" m="12810" /><F123/><W71/><G71/><T103/><D32/><U9/><E9/><V134/><F134/><W47/><G47/><T42/><D42/><U75/><E75/><V96/><N who="2" m="36881" /><V128/><DORA hai="133" /><F128/><W92/><G63/><T135/><D135/><U112/><E60/><V106/><F106/><W125/><G92/><AGARI ba="0,0" hai="24,26,92,94,95,113,114,115" m="12810,36881" machi="92" ten="50,8000,1" yaku="28,2,15,1,11,1" doraHai="8,133" who="2" fromWho="3" sc="275,0,302,0,208,80,215,-80" /><INIT seed="6,0,0,1,0,44" ten="275,302,288,135" oya="2" hai0="39,96,18,103,108,73,95,40,83,54,58,122,11" hai1="92,84,65,13,23,78,43,60,93,4,12,131,88" hai2="32,85,111,37,76,52,91,57,121,31,62,94,20" hai3="79,35,123,33,15,107,119,116,29,45,59,104,6"/><V124/><F121/><W125/><G123/><T114/><D122/><U61/><E131/><V97/><F32/><W63/><G125/><T110/><D114/><U90/><E78/><V67/><F124/><W72/><G35/><T100/><D40/><U16/><E43/><V127/><F127/><W2/><G2/><T30/><D39/><U55/><E55/><V81/><F111/><W51/><G104/><T99/><D30/><U56/><E61/><V68/><F37/><W64/><G107/><T70/><D70/><U0/><E0/><V77/><F31/><W71/><G71/><T1/><D83/><U36/><E36/><V105/><F105/><W14/><G79/><T113/><D73/><U19/><E4/><V128/><F128/><W7/><G72/><T34/><D34/><U66/><E66/><V87/><F20/><W9/><G29/><T130/><D113/><U10/><E90/><V50/><REACH who="2" step="1"/><F87/><REACH who="2" ten="275,302,278,135" step="2"/><W41/><G33/><T82/><D130/><U24/><E24/><V25/><F25/><W42/><G116/><T27/><D110/><U46/><E46/><V132/><F132/><W120/><G119/><T49/><D108/><U101/><E101/><AGARI ba="0,1" hai="50,52,57,62,67,68,76,77,81,85,91,94,97,101" machi="101" ten="30,11600,0" yaku="1,1,7,1,52,1,54,1,53,0" doraHai="44" doraHaiUra="26" who="2" fromWho="1" sc="275,0,302,-116,278,126,135,0" /><INIT seed="6,1,0,2,2,127" ten="275,186,404,135" oya="2" hai0="84,111,30,46,74,4,45,33,89,114,42,0,29" hai1="38,110,11,101,26,92,24,120,13,61,133,85,118" hai2="69,59,21,76,63,35,56,80,126,43,95,104,64" hai3="107,115,2,10,39,106,68,91,40,100,70,44,124"/><V7/><F104/><W28/><G124/><T32/><D74/><U99/><E38/><V17/><F126/><W94/><G28/><T105/><D111/><U128/><E110/><V9/><F35/><W123/><G123/><T31/><D105/><U72/><E72/><V66/><F95/><W130/><G115/><T60/><D114/><U16/><E118/><V52/><F43/><W82/><G82/><T113/><D113/><U55/><E133/><V57/><F69/><W135/><G106/><T22/><D60/><U49/><E61/><V6/><F66/><W125/><G125/><T131/><D46/><U25/><E85/><V53/><F64/><W102/><G107/><T18/><D4/><U71/><E71/><V87/><F9/><W50/><G135/><T103/><D0/><U78/><E78/><V23/><F23/><W41/><G41/><T129/><D103/><U51/><E51/><V83/><F83/><W1/><G130/><N who="0" m="49675" /><D84/><U86/><E86/><V79/><F79/><W8/><G1/><T134/><D89/><U37/><E37/><V34/><F34/><W36/><G39/><N who="0" m="21727" /><D134/><U47/><E128/><V117/><F117/><W14/><G36/><T97/><D97/><U121/><AGARI ba="1,0" hai="11,13,16,24,25,26,47,49,55,92,99,101,120,121" machi="121" ten="30,2000,0" yaku="0,1,54,1" doraHai="127" who="1" fromWho="1" sc="275,-6,186,23,404,-11,135,-6" /><INIT seed="7,0,0,1,0,118" ten="269,209,393,129" oya="3" hai0="66,91,111,45,4,109,11,77,89,23,61,88,115" hai1="26,31,96,103,134,5,25,133,110,125,122,94,35" hai2="87,64,41,8,32,73,52,33,36,28,116,40,99" hai3="63,113,59,85,16,50,129,39,3,67,80,70,29"/><W112/><G3/><T128/><D77/><U130/><E110/><V121/><F73/><W62/><G39/><T83/><D23/><U120/><E5/><V78/><F116/><W42/><G29/><T47/><D83/><U100/><E125/><V15/><F64/><W44/><G129/><T105/><D105/><U74/><E74/><V1/><F1/><W135/><G135/><N who="1" m="51722" /><E130/><V124/><F124/><W92/><G92/><T27/><D128/><U69/><E69/><V22/><F99/><W58/><G16/><T21/><D115/><U65/><E65/><V76/><F33/><W104/><G104/><T49/><D111/><U9/><E9/><V108/><F32/><W19/><G19/><T81/><D81/><U60/><E60/><V30/><F36/><W75/><G75/><T117/><D117/><U127/><E127/><V56/><F30/><W102/><G102/><N who="1" m="38954" /><E25/><V55/><F8/><W2/><G2/><T51/><D109/><U57/><E57/><V14/><F56/><W53/><REACH who="3" step="1"/><G70/><REACH who="3" ten="269,209,393,119" step="2"/><T71/><D11/><U18/><E18/><V0/><F28/><W10/><G10/><T38/><D4/><U107/><E107/><V37/><F0/><W34/><G34/><T97/><D27/><U17/><E17/><V20/><F37/><W101/><G101/><AGARI ba="0,1" hai="26,31,35,94,96,101,120,122" m="38954,51722" machi="101" ten="30,3900,0" yaku="20,1,52,2" doraHai="118" who="1" fromWho="3" sc="269,0,209,49,393,0,119,-39" owari="269,7.0,258,-14.0,393,49.0,80,-42.0" /></mjloggm>