<mjloggm ver="2.3"><GO type="185" lobby="0"/><UN n0="%E6%84%9B%E3%81%A8%E6%AD%A3%E7%BE%A9" n1="%E3%83%84%E3%83%BC%E3%82%A2%E3%82%A6%E3%83%88" n2="%61%6E%64%6F%35%35" n3="" dan="17,16,16,0" rate="2279.72,2216.24,2164.38,1500.00" sx="F,M,M,C"/><TAIKYOKU oya="0"/><INIT seed="0,0,0,0,2,79" ten="350,350,350,0" oya="0" hai0="35,107,36,91,135,66,94,60,103,40,38,33,65" hai1="78,34,108,57,99,123,49,59,61,76,119,52,2" hai2="62,130,133,84,111,96,106,120,69,128,43,121,75" hai3=""/><T85/><D135/><U82/><N who="1" m="31520" /><U32/><E2/><V70/><N who="2" m="30752" /><V122/><N who="2" m="31008" /><V131/><N who="2" m="31264" /><V55/><F75/><T127/><D66/><U116/><E108/><V114/><F114/><T95/><D107/><U87/><E78/><V41/><F111/><T113/><D113/><U67/><REACH who="1" step="1"/><E99/><REACH who="1" ten="350,340,350,0" step="2"/><V50/><F133/><T54/><D33/><AGARI ba="0,1" hai="32,33,34,49,52,57,59,61,67,76,82,87,116,119" m="31520" machi="33" ten="40,12000,2" yaku="1,1,2,1,52,2,54,1,53,1" doraHai="79" doraHaiUra="46" who="1" fromWho="0" sc="350,-120,340,130,350,0,0,0" /><INIT seed="1,0,0,3,3,60" ten="230,470,350,0" oya="1" hai0="92,3,73,35,45,1,117,128,109,61,102,103,63" hai1="55,43,79,84,93,38,122,134,126,76,34,65,62" hai2="72,104,119,66,86,94,83,59,129,49,118,48,41" hai3=""/><U111/><N who="1" m="31264" /><U67/><E34/><V112/><F104/><T69/><D35/><U0/><E0/><V127/><F127/><T121/><N who="0" m="31008" /><T44/><D109/><U91/><E126/><V80/><F129/><T135/><D135/><U54/><E134/><V131/><F131/><T116/><D128/><U115/><E115/><V124/><F124/><T98/><D73/><U32/><E32/><V125/><F125/><T90/><D90/><U82/><E111/><V123/><N who="2" m="31520" /><V57/><F112/><T120/><N who="0" m="30752" /><T74/><D74/><U50/><E38/><V53/><F94/><T108/><D108/><U99/><E79/><V64/><F72/><T75/><D75/><U37/><E37/><V132/><F132/><T56/><D56/><U81/><E81/><V100/><F100/><T89/><D89/><U85/><E99/><V47/><F80/><T77/><D77/><U78/><E78/><V52/><F119/><N who="0" m="45642" /><D103/><U39/><E39/><V87/><F118/><T114/><D114/><U110/><E110/><V133/><F133/><T68/><D1/><U95/><E95/><V42/><F83/><T96/><D3/><U40/><E93/><V88/><F88/><T33/><D92/><U106/><E91/><RYUUKYOKU ba="0,0" sc="230,-10,470,-10,350,20,0,0" hai2="41,42,47,48,49,52,53,57,59,64,66,86,87" /><INIT seed="2,1,0,5,1,57" ten="220,460,370,0" oya="2" hai0="67,125,55,59,97,128,86,53,122,2,66,42,103" hai1="118,127,74,1,101,63,32,116,60,124,79,98,90" hai2="70,89,65,68,102,110,48,111,133,105,88,45,95" hai3=""/><V71/><F133/><T43/><N who="0" m="31264" /><T109/><D2/><U126/><E1/><V119/><F119/><N who="1" m="45609" /><E32/><V81/><F81/><T36/><D109/><N who="2" m="41482" /><F105/><T83/><D128/><U72/><E90/><N who="2" m="34923" /><F102/><T80/><D80/><U78/><E78/><V49/><F95/><T47/><D83/><U112/><E112/><V69/><F45/><T107/><D47/><U37/><E37/><V108/><N who="2" m="41490" /><V132/><DORA hai="99" /><F132/><T104/><D36/><U58/><E79/><V114/><F114/><T115/><D115/><U106/><E58/><V91/><N who="2" m="34931" /><V41/><DORA hai="131" /><F41/><T73/><D59/><U39/><E39/><V123/><N who="2" m="31520" /><V84/><F84/><T134/><D86/><U46/><E46/><V76/><F76/><T117/><D134/><U96/><E96/><V52/><F52/><T54/><D117/><U56/><E56/><V121/><N who="2" m="31008" /><V0/><F0/><T75/><D97/><U85/><E85/><V129/><F129/><T120/><N who="0" m="30752" /><T113/><D55/><U40/><E40/><V33/><F33/><T38/><D113/><U87/><E87/><V35/><F35/><T62/><D38/><U61/><AGARI ba="1,0" hai="60,61,63,72,74,98,101,106,124,126,127" m="45609" machi="61" ten="40,9000,2" yaku="18,1,12,1,52,4" doraHai="57,99,131" who="1" fromWho="1" sc="220,-31,460,92,370,-61,0,0" /><INIT seed="4,0,0,4,1,94" ten="189,552,309,0" oya="0" hai0="102,106,93,116,104,50,34,133,69,119,131,2,68" hai1="70,111,43,123,64,79,54,36,39,33,57,132,72" hai2="90,124,0,58,92,87,99,75,112,55,56,41,95" hai3=""/><T80/><D2/><U109/><N who="1" m="31520" /><U51/><E33/><V78/><F0/><T32/><D133/><U84/><E72/><V118/><F112/><T122/><N who="0" m="31264" /><T81/><D93/><U61/><E79/><V89/><F124/><T91/><D50/><U125/><E84/><V35/><F35/><N who="0" m="13354" /><D91/><U86/><E86/><V82/><F118/><N who="0" m="45098" /><D102/><U40/><E132/><V101/><F41/><N who="1" m="15945" /><E125/><V88/><REACH who="2" step="1"/><F58/><REACH who="2" ten="189,552,299,0" step="2"/><T126/><D126/><U59/><E59/><V38/><F38/><AGARI ba="0,1" hai="36,38,39,51,54,57,61,64,70,109,111" m="15945,31520" machi="38" ten="30,3900,0" yaku="34,2,52,1" doraHai="94" who="1" fromWho="2" sc="189,0,552,49,299,-39,0,0" /><INIT seed="5,0,0,0,0,84" ten="189,601,260,0" oya="1" hai0="94,2,71,113,48,44,35,129,54,0,92,101,123" hai1="68,127,76,66,95,72,42,117,70,51,43,62,78" hai2="104,1,126,118,128,53,115,134,65,80,120,119,46" hai3=""/><U73/><E117/><V132/><N who="2" m="30752" /><V96/><F1/><T41/><N who="0" m="31520" /><T37/><D35/><U77/><E127/><V116/><F126/><T57/><D113/><U74/><E70/><V112/><F65/><T39/><D129/><U69/><E69/><V102/><F46/><T85/><D39/><U50/><REACH who="1" step="1"/><E95/><REACH who="1" ten="189,591,260,0" step="2"/><V110/><F116/><T114/><D114/><U75/><N who="1" m="18432" /><DORA hai="98" /><U87/><E87/><V52/><F118/><T60/><D92/><U106/><E106/><V3/><F119/><T100/><D85/><U36/><E36/><V93/><F115/><T122/><N who="0" m="31264" /><T97/><REACH who="0" step="1"/><D100/><REACH who="0" ten="179,591,260,0" step="2"/><U56/><E56/><V45/><F112/><T59/><D59/><U33/><E33/><V121/><F102/><T55/><D55/><U81/><E81/><V88/><F80/><T90/><D90/><U34/><E34/><V63/><F88/><T124/><D124/><U108/><E108/><V61/><F110/><T105/><D105/><U82/><E82/><V49/><F104/><T58/><D58/><U64/><E64/><AGARI ba="0,2" hai="0,2,37,41,44,48,54,57,60,64,71,94,97,101" m="31264,31520" machi="64" ten="40,12000,2" yaku="1,1,24,2,52,3,53,1" doraHai="84,98" doraHaiUra="38,111" who="0" fromWho="1" sc="179,140,591,-120,260,0,0,0" /><INIT seed="6,0,0,5,4,32" ten="319,471,260,0" oya="2" hai0="123,109,127,77,48,50,78,79,58,131,111,108,85" hai1="124,3,67,37,135,36,59,89,112,74,76,70,60" hai2="113,55,34,90,81,52,128,92,43,122,83,114,105" hai3=""/><V57/><N who="2" m="31264" /><V61/><F34/><T120/><N who="0" m="30752" /><T56/><N who="0" m="31520" /><T98/><D131/><U41/><E112/><N who="2" m="43115" /><F105/><T106/><D85/><U49/><E124/><V68/><F128/><T35/><D35/><U53/><E135/><V115/><N who="2" m="43123" /><V100/><DORA hai="45" /><F100/><T84/><D84/><U130/><E130/><V2/><F2/><T126/><D98/><U47/><E3/><V133/><F133/><T125/><D106/><U33/><E33/><V119/><F119/><T101/><D101/><U38/><E89/><V93/><F68/><T39/><D39/><N who="1" m="14923" /><E76/><V99/><F43/><T102/><D102/><U96/><E96/><V73/><F73/><AGARI ba="0,0" hai="38,41,47,49,53,59,60,67,70,73,74" m="14923" machi="73" ten="30,2000,0" yaku="24,1,52,1" doraHai="32,45" who="1" fromWho="2" sc="319,0,471,20,260,-20,0,0" owari="319,-8.0,491,44.0,240,-36.0,0,0.0" /></mjloggm>