<mjloggm ver="2.3"><GO type="169" lobby="0"/><UN n0="%E3%81%92%E3%82%93%E3%81%BE%E3%81%84" n1="%E7%9C%9F%E4%B8%80" n2="%E3%82%AC%E3%83%83%E3%83%84%E3%83%A1%E3%82%A4%E3%82%B7" n3="%E8%91%B5%E3%81%A1%E3%82%83%E3%82%93" dan="16,16,16,16" rate="2122.46,2169.32,2124.80,2228.16" sx="M,M,M,M"/><TAIKYOKU oya="0"/><INIT seed="0,0,0,2,4,36" ten="250,250,250,250" oya="0" hai0="1,47,74,11,67,114,43,123,32,122,78,66,99" hai1="58,61,95,0,49,31,20,89,60,53,83,27,73" hai2="124,110,16,34,79,38,109,127,37,101,54,72,65" hai3="22,115,81,45,33,93,13,135,77,134,2,46,39"/><T56/><D114/><U5/><E0/><V119/><F65/><N who="0" m="24586" /><D56/><U91/><E5/><V28/><F101/><W25/><G2/><T41/><D32/><U12/><E12/><V130/><F130/><W50/><G115/><T82/><D99/><U76/><REACH who="1" step="1"/><E89/><REACH who="1" ten="250,240,250,250" step="2"/><V62/><F119/><W57/><G13/><T55/><D55/><U19/><E19/><V15/><F16/><W126/><G135/><T97/><D43/><U18/><E18/><V80/><F15/><W9/><G134/><T26/><D26/><U117/><E117/><V94/><F127/><W100/><G25/><T87/><D1/><U129/><E129/><V40/><F124/><W113/><G126/><T30/><D123/><U111/><E111/><V70/><F110/><W64/><G113/><T35/><D122/><U121/><E121/><V133/><F109/><W21/><G9/><T125/><D125/><U104/><E104/><V44/><F133/><W4/><G4/><T106/><D106/><U102/><E102/><V42/><F42/><W51/><G100/><T85/><D11/><U6/><E6/><V3/><F3/><W63/><G64/><T69/><D41/><U128/><E128/><V105/><F105/><W107/><G107/><T29/><D29/><U75/><E75/><V103/><F103/><W131/><G131/><T108/><D30/><U88/><E88/><V84/><F28/><W92/><G92/><T14/><D108/><U24/><E24/><V48/><F94/><W112/><G93/><T7/><D74/><U52/><E52/><V96/><F72/><W59/><G112/><RYUUKYOKU ba="0,1" sc="250,-10,240,30,250,-10,250,-10" hai1="20,27,31,49,53,58,60,61,73,76,83,91,95" /><INIT seed="1,1,1,3,3,68" ten="240,270,240,240" oya="1" hai0="45,79,21,123,64,100,127,98,40,111,13,80,133" hai1="2,14,110,72,96,61,51,17,3,39,60,38,71" hai2="75,44,25,49,9,94,24,37,54,117,82,12,91" hai3="62,107,104,36,135,113,73,18,63,32,7,55,92"/><U95/><E72/><V99/><F117/><W52/><G113/><T132/><D111/><U1/><E110/><V47/><F75/><W102/><G32/><T130/><D130/><U108/><E108/><V115/><F115/><W20/><G73/><T11/><D127/><U125/><E125/><V22/><F22/><W106/><G7/><T93/><D64/><U42/><E51/><V89/><F44/><W27/><G135/><T0/><D123/><U86/><E86/><N who="2" m="50391" /><F37/><W97/><REACH who="3" step="1"/><G36/><REACH who="3" ten="240,270,240,230" step="2"/><T131/><D133/><U88/><E42/><V30/><F30/><W128/><G128/><T77/><D132/><U105/><E105/><V5/><AGARI ba="1,2" hai="5,9,12,24,25,47,49,54,91,94,99" m="50391" machi="5" ten="30,1100,0" yaku="8,1" doraHai="68" who="2" fromWho="2" sc="240,-4,270,-6,240,34,230,-4" /><INIT seed="2,0,0,1,5,27" ten="236,264,274,226" oya="2" hai0="133,13,111,128,134,130,125,98,19,70,59,106,74" hai1="92,87,135,86,37,5,114,48,10,109,23,123,127" hai2="63,28,56,39,42,51,85,69,35,47,75,72,58" hai3="9,46,124,14,119,71,29,11,34,122,41,112,33"/><V64/><F85/><W30/><G71/><T91/><D70/><U76/><E37/><V40/><F40/><W131/><G119/><T113/><D113/><U80/><E114/><V8/><F8/><W43/><G112/><T100/><D111/><U7/><E109/><V12/><F12/><W129/><G14/><T57/><D74/><U84/><E135/><N who="0" m="51721" /><D91/><U3/><E127/><V1/><F1/><W82/><G46/><T115/><D115/><U93/><E123/><V118/><F118/><W83/><REACH who="3" step="1"/><G124/><REACH who="3" ten="236,264,274,216" step="2"/><T22/><D125/><U31/><E3/><V6/><F58/><AGARI ba="0,1" hai="13,19,22,57,58,59,98,100,106,128,130" m="51721" machi="58" ten="30,1000,0" yaku="20,1" doraHai="27" who="0" fromWho="2" sc="236,20,264,0,274,-10,216,0" /><INIT seed="3,0,0,4,0,68" ten="256,264,264,216" oya="3" hai0="54,44,93,30,16,32,71,75,58,77,52,107,9" hai1="73,21,1,56,124,50,122,61,10,103,18,126,12" hai2="113,43,49,109,86,120,88,25,70,6,114,98,129" hai3="17,74,53,111,132,80,2,84,48,34,31,91,55"/><W125/><G2/><T14/><D107/><U65/><E122/><V41/><F70/><W5/><G125/><N who="1" m="48234" /><E73/><V90/><F120/><W60/><G132/><T106/><D106/><U104/><E50/><V115/><F109/><W89/><G111/><T57/><D71/><U92/><E104/><V102/><F129/><W63/><G74/><T95/><D75/><U78/><E78/><V42/><F6/><W101/><G5/><T33/><D77/><U0/><E10/><V105/><F86/><W27/><G101/><T39/><D32/><U110/><E110/><V135/><F135/><W131/><G131/><T130/><D130/><U13/><E13/><V35/><REACH who="2" step="1"/><F49/><REACH who="2" ten="256,264,254,216" step="2"/><W22/><G48/><T62/><D33/><U64/><E1/><V99/><F99/><W29/><G84/><T118/><D118/><U134/><E0/><V121/><F121/><W11/><G80/><T4/><D4/><U46/><E134/><V79/><F79/><W38/><G38/><T37/><D37/><U51/><E51/><V83/><F83/><W23/><G34/><T94/><D39/><U7/><E7/><V81/><F81/><W24/><REACH who="3" step="1"/><G11/><REACH who="3" ten="256,264,254,206" step="2"/><T45/><D9/><U100/><E46/><V20/><F20/><W36/><G36/><T69/><D45/><U28/><E21/><V72/><F72/><W8/><G8/><T96/><D44/><U128/><E128/><V26/><F26/><W123/><G123/><T66/><D96/><U82/><E82/><V108/><F108/><W127/><G127/><T133/><D133/><U19/><E92/><V59/><F59/><RYUUKYOKU ba="0,2" sc="256,-15,264,-15,254,15,206,15" hai2="25,35,41,42,43,88,90,98,102,105,113,114,115" hai3="17,22,23,24,27,29,31,53,55,60,63,89,91" /><INIT seed="3,1,2,1,4,83" ten="241,249,269,221" oya="3" hai0="8,79,49,40,15,122,45,88,23,5,21,89,68" hai1="118,125,0,108,4,129,58,1,20,52,64,24,19" hai2="72,11,82,6,84,99,71,131,48,63,32,50,14" hai3="27,80,135,74,18,120,93,37,9,2,33,60,100"/><W47/><G120/><T41/><D122/><U94/><E108/><V75/><F32/><W107/><G135/><T98/><D68/><U112/><E112/><V121/><F131/><W22/><G107/><T97/><D79/><U117/><E129/><V35/><F35/><W51/><G37/><T16/><D41/><U78/><E125/><V30/><F30/><W46/><G33/><T113/><D113/><U39/><E39/><V43/><F99/><N who="0" m="37898" /><D23/><U124/><E124/><V34/><F34/><W36/><G100/><T3/><D3/><U7/><E64/><V66/><F121/><W25/><G93/><T116/><D116/><N who="1" m="44651" /><E94/><V12/><F12/><W29/><G36/><T110/><D110/><U44/><E44/><N who="2" m="25631" /><F50/><W127/><G51/><T76/><D76/><AGARI ba="1,2" hai="6,11,14,63,66,71,72,75,76,82,84" m="25631" machi="76" ten="30,2000,0" yaku="25,1,52,1" doraHai="83" who="2" fromWho="0" sc="241,-23,249,0,269,43,221,0" /><INIT seed="4,0,0,2,2,61" ten="218,249,312,221" oya="0" hai0="29,76,35,94,97,80,119,1,34,3,49,110,102" hai1="132,84,43,114,116,26,19,100,106,112,60,127,93" hai2="134,36,66,58,111,6,101,103,107,31,39,38,98" hai3="51,56,33,91,42,104,59,8,64,82,48,92,78"/><T28/><D119/><U20/><E116/><V55/><F111/><W0/><G104/><T99/><D110/><U115/><E106/><V21/><F103/><W62/><G33/><T126/><D126/><U54/><E127/><V50/><F134/><W117/><G117/><T53/><D34/><U105/><E105/><V95/><F6/><W124/><G124/><T128/><D128/><U79/><E132/><V44/><F31/><W27/><G27/><T130/><D130/><U40/><E79/><V108/><F108/><W70/><G8/><T85/><D99/><N who="1" m="59503" /><E84/><V121/><F121/><W118/><G0/><T88/><D76/><U30/><E19/><V24/><F107/><W47/><G51/><T37/><D37/><U135/><E135/><V90/><F90/><W9/><G9/><T32/><D32/><U12/><E12/><V11/><F11/><W2/><G2/><T86/><D86/><U83/><E83/><V45/><F45/><W71/><G71/><T87/><D87/><U16/><E30/><N who="2" m="17679" /><F39/><W13/><G13/><T52/><D29/><U4/><E4/><V46/><F46/><W41/><G41/><T125/><D125/><U120/><E120/><V69/><F69/><W68/><G70/><T129/><D129/><U10/><E10/><V131/><F131/><W77/><G118/><T25/><D53/><U18/><E18/><V72/><F72/><N who="3" m="43303" /><G78/><T7/><D7/><U89/><E89/><V75/><F75/><W67/><G91/><T122/><D122/><U74/><E74/><V14/><F14/><W73/><G73/><T133/><D133/><RYUUKYOKU ba="0,0" sc="218,10,249,10,312,10,221,-30" hai0="1,3,25,28,35,49,52,80,85,88,94,97,102" hai1="16,20,26,40,43,54,60,112,114,115" hai2="36,38,44,50,55,58,66,95,98,101" /><INIT seed="4,1,0,1,1,41" ten="228,259,322,191" oya="0" hai0="94,12,4,13,87,80,96,21,66,88,42,131,132" hai1="46,129,55,15,50,71,35,118,93,103,123,86,97" hai2="95,92,57,0,128,47,114,29,9,72,75,38,33" hai3="125,100,40,6,117,113,120,39,25,98,76,5,91"/><T109/><D132/><U56/><E123/><V2/><F114/><W104/><G117/><T17/><D131/><U48/><E118/><V102/><F29/><W106/><G113/><T135/><D135/><U36/><E129/><V84/><F33/><W126/><G120/><T43/><D109/><U34/><E71/><V18/><F57/><W68/><G68/><T26/><D66/><U133/><E133/><V65/><F65/><W10/><G104/><T82/><D82/><U11/><E86/><V19/><F38/><W1/><G6/><T77/><REACH who="0" step="1"/><D26/><REACH who="0" ten="218,259,322,191" step="2"/><U53/><REACH who="1" step="1"/><E36/><REACH who="1" ten="218,249,322,191" step="2"/><V22/><F128/><W7/><G39/><T99/><D99/><U62/><E62/><V110/><F110/><W37/><G98/><T61/><D61/><U73/><E73/><V52/><F75/><W49/><G37/><T134/><D134/><U51/><E51/><V28/><F72/><W14/><G49/><T59/><D59/><U130/><E130/><V74/><F74/><W27/><G126/><T108/><D108/><U78/><E78/><V83/><F84/><W112/><G76/><T124/><D124/><U119/><E119/><V116/><F116/><W32/><G125/><T24/><D24/><U54/><E54/><V111/><F52/><W58/><G27/><T122/><D122/><U16/><AGARI ba="1,2" hai="11,15,16,34,35,46,48,50,53,55,56,93,97,103" machi="16" ten="20,8000,1" yaku="1,1,0,1,7,1,52,1,54,1,53,0" doraHai="41" doraHaiUra="101" who="1" fromWho="1" sc="218,-41,249,103,322,-21,191,-21" /><INIT seed="5,0,0,5,1,125" ten="177,352,301,170" oya="1" hai0="132,72,53,43,86,117,24,34,1,131,69,128,66" hai1="46,27,38,40,88,65,55,90,26,99,95,126,82" hai2="47,64,3,62,42,49,93,0,58,109,134,106,129" hai3="10,45,133,102,21,17,19,124,77,37,4,105,130"/><U52/><E126/><V91/><F109/><W56/><G124/><T13/><D72/><U33/><E65/><V119/><F106/><W111/><G111/><T59/><D1/><U122/><E122/><V76/><F119/><W20/><G133/><T35/><D117/><U120/><E120/><V85/><F134/><W60/><G77/><T31/><D132/><U22/><E33/><V11/><F129/><N who="0" m="49738" /><D43/><U94/><E82/><V67/><F67/><W118/><G130/><T107/><D107/><U115/><E115/><V96/><F11/><W29/><G118/><T70/><D34/><U98/><E27/><V48/><F48/><W75/><G105/><T79/><D13/><U123/><E123/><V92/><F76/><W32/><G75/><T30/><D30/><AGARI ba="0,0" hai="22,26,30,38,40,46,52,55,88,90,94,95,98,99" machi="30" ten="30,11600,0" yaku="7,1,9,1,54,2" doraHai="125" who="1" fromWho="0" sc="177,-116,352,116,301,0,170,0" /><INIT seed="5,1,0,4,4,22" ten="61,468,301,170" oya="1" hai0="38,85,86,14,125,65,11,68,69,84,97,53,83" hai1="36,33,55,10,58,76,89,15,67,94,106,51,42" hai2="103,64,78,128,91,61,107,6,132,23,57,31,0" hai3="74,39,12,71,48,24,17,32,73,2,101,123,112"/><U100/><E33/><V26/><F128/><W126/><G2/><T75/><D38/><U99/><E76/><V54/><F132/><W66/><G123/><T110/><D110/><U5/><E67/><V41/><F41/><W134/><G39/><T77/><D125/><U127/><E127/><V25/><F78/><W47/><G126/><T109/><D109/><U70/><E70/><V121/><F121/><W96/><G112/><T40/><D40/><U80/><E80/><V108/><F108/><W90/><G90/><T72/><D72/><U45/><REACH who="1" step="1"/><E89/><REACH who="1" ten="61,458,301,170" step="2"/><V60/><F91/><W102/><G32/><T105/><D65/><U37/><E37/><V88/><F88/><W135/><G66/><T21/><D69/><U113/><E113/><V92/><F64/><W98/><G71/><T120/><D68/><U16/><E16/><V111/><F111/><W52/><G17/><T27/><D120/><U9/><E9/><V50/><F31/><W62/><G135/><T133/><D133/><U116/><E116/><V82/><F82/><W117/><G134/><T4/><D83/><U115/><E115/><V19/><F19/><W93/><G117/><T49/><D77/><U122/><E122/><V79/><F79/><W35/><G35/><T81/><D81/><U87/><E87/><V3/><F23/><W13/><G73/><T130/><D75/><U118/><E118/><V119/><F119/><W44/><G74/><T1/><D85/><U30/><E30/><V129/><F129/><W56/><G98/><T63/><D130/><U114/><E114/><V46/><F6/><RYUUKYOKU ba="1,1" sc="61,-10,458,30,301,-10,170,-10" hai1="5,10,15,36,42,45,51,55,58,94,99,100,106" /><INIT seed="5,2,1,5,1,1" ten="51,488,291,160" oya="1" hai0="98,18,33,65,84,17,116,28,26,12,86,67,10" hai1="108,53,60,44,7,82,90,34,42,81,21,36,37" hai2="115,68,20,64,132,107,31,128,102,27,109,56,100" hai3="3,5,93,50,57,124,8,87,49,69,78,4,79"/><U47/><E34/><V97/><F109/><W119/><G69/><T46/><D116/><U32/><E32/><V99/><F128/><W127/><G119/><T72/><D72/><U30/><E108/><V0/><F132/><W113/><G113/><T117/><D117/><U91/><E60/><V38/><F38/><W101/><G101/><T76/><D98/><U9/><E21/><V133/><F133/><W43/><G5/><T24/><D46/><U58/><E30/><V129/><F129/><W134/><G134/><T73/><D73/><U16/><E16/><V48/><F0/><W131/><G131/><T41/><D41/><U125/><E125/><N who="3" m="48202" /><G57/><T6/><D18/><U120/><E120/><V89/><F89/><N who="3" m="53439" /><G43/><T22/><REACH who="0" step="1"/><D84/><REACH who="0" ten="41,488,291,160" step="2"/><U29/><E42/><V77/><F115/><W122/><G122/><T74/><D74/><U59/><E47/><V45/><F45/><W110/><G110/><T52/><D52/><U135/><E53/><V40/><F40/><W39/><G39/><T11/><D11/><U130/><E44/><V54/><F54/><W63/><G8/><T96/><D96/><U2/><E130/><V106/><F99/><W15/><G4/><T75/><D75/><U103/><E135/><V123/><F123/><W80/><G49/><T112/><D112/><U118/><E118/><V83/><F48/><W66/><G50/><T105/><D105/><U19/><E37/><V111/><F107/><W114/><G114/><T35/><D35/><U55/><E36/><V85/><F106/><W94/><G66/><T88/><D88/><U95/><E91/><RYUUKYOKU ba="2,2" sc="41,30,488,-10,291,-10,160,-10" hai0="6,10,12,17,22,24,26,28,33,65,67,76,86" /><INIT seed="6,3,2,3,4,44" ten="71,478,281,150" oya="2" hai0="77,113,36,31,82,25,76,97,129,11,9,8,92" hai1="126,74,134,96,15,13,107,83,35,10,131,28,54" hai2="46,75,98,2,70,117,89,42,108,32,7,67,119" hai3="18,90,93,55,14,121,29,114,103,3,27,118,56"/><V110/><F32/><W124/><G118/><T127/><D113/><U109/><E109/><N who="2" m="42091" /><F75/><W50/><G121/><T52/><D36/><U68/><E68/><V0/><F98/><W49/><G3/><N who="2" m="1065" /><F7/><W39/><G39/><T91/><D129/><U122/><E96/><V106/><F89/><W47/><G124/><T37/><D37/><U86/><E126/><V66/><F106/><W30/><G27/><T33/><D127/><U43/><E74/><V132/><F132/><W16/><G103/><T123/><D82/><U116/><E83/><V40/><F46/><W88/><G90/><T112/><D112/><U57/><E35/><V69/><F69/><W133/><G133/><T24/><D24/><U48/><E107/><V53/><F53/><N who="3" m="29887" /><G114/><T34/><D34/><U105/><E54/><V64/><F70/><W102/><G102/><T87/><D97/><U21/><E105/><V45/><F45/><W84/><G18/><T59/><REACH who="0" step="1"/><D123/><REACH who="0" ten="61,478,281,150" step="2"/><U120/><E122/><V130/><F130/><W12/><G12/><T51/><AGARI ba="3,3" hai="8,9,11,25,31,33,51,52,59,76,77,87,91,92" machi="51" ten="30,12000,2" yaku="1,1,2,1,0,1,52,1,54,1,53,1" doraHai="44" doraHaiUra="23" who="0" fromWho="0" sc="61,159,478,-33,281,-63,150,-33" /><INIT seed="7,0,0,1,1,128" ten="220,445,218,117" oya="3" hai0="132,59,29,14,115,3,72,17,93,9,83,75,113" hai1="30,1,112,31,85,124,13,56,22,119,105,64,81" hai2="90,51,26,92,40,118,52,25,122,110,10,121,91" hai3="106,80,50,42,33,67,19,61,58,96,7,63,127"/><W47/><G127/><T134/><D29/><U46/><E1/><V73/><F110/><W18/><G33/><T125/><D125/><U20/><E105/><V69/><F73/><N who="0" m="28234" /><D83/><U66/><E112/><N who="0" m="43081" /><D3/><U70/><E70/><V117/><F69/><W114/><G114/><T131/><D131/><U41/><E119/><V79/><F79/><W34/><G34/><T97/><D59/><U98/><E56/><N who="2" m="32799" /><F10/><W88/><G7/><T133/><D133/><U100/><E81/><V130/><F40/><W35/><G35/><T78/><D78/><U8/><E41/><V68/><F68/><W116/><G116/><N who="2" m="44649" /><F91/><AGARI ba="0,0" hai="9,14,17,91,93,97,132,134" m="43081,28234" machi="91" ten="30,7700,0" yaku="15,1,11,1,52,2" doraHai="128" who="0" fromWho="2" sc="220,77,445,0,218,-77,117,0" owari="297,10.0,445,54.0,141,-26.0,117,-38.0" /></mjloggm>