<mjloggm ver="2.3"><GO type="169" lobby="0"/><UN n0="%4D%4C%5A%4E%55%2D%53%4B" n1="%E3%82%B5%E3%83%95%E3%82%A9%E3%83%BC%E3%82%AF%E3%81%AE%E7%94%BA" n2="%E3%81%94%E3%82%8B%E3%81%A3" n3="%E3%82%A8%E3%83%AB%E3%82%B2%E3%83%AB%E3%83%BC%E3%82%B8" dan="16,16,16,17" rate="2095.09,2159.73,2163.63,2211.49" sx="F,M,M,M"/><TAIKYOKU oya="0"/><INIT seed="0,0,0,4,3,131" ten="250,250,250,250" oya="0" hai0="134,1,111,108,48,92,95,16,45,7,23,18,133" hai1="106,91,113,55,8,51,89,82,104,121,29,94,74" hai2="37,47,90,76,35,68,93,46,117,32,52,0,69" hai3="65,103,2,67,86,20,132,84,13,66,109,38,127"/><T101/><D1/><U114/><E29/><V56/><F0/><W135/><G2/><T34/><D34/><U61/><E61/><V22/><F76/><W17/><G109/><N who="0" m="42059" /><D7/><U59/><E121/><V112/><F112/><N who="1" m="43113" /><E8/><V40/><F47/><W71/><G127/><T60/><D60/><U87/><E74/><V116/><F22/><W5/><G5/><T27/><D18/><U41/><E41/><V77/><F77/><W130/><G130/><T4/><D4/><U21/><E21/><V26/><F32/><W57/><G71/><T30/><D30/><U99/><AGARI ba="0,0" hai="51,55,59,82,87,89,91,94,99,104,106" m="43113" machi="99" ten="30,1100,0" yaku="11,1" doraHai="131" who="1" fromWho="1" sc="250,-5,250,11,250,-3,250,-3" /><INIT seed="1,0,0,3,1,46" ten="245,261,247,247" oya="1" hai0="119,24,30,100,62,67,2,63,23,110,9,126,84" hai1="44,11,0,107,72,120,89,73,32,49,102,129,122" hai2="96,3,112,56,17,106,95,7,111,1,70,90,20" hai3="37,42,29,52,60,97,34,103,16,93,128,48,88"/><U74/><E32/><V134/><F111/><W68/><G128/><T77/><D119/><U57/><E129/><V61/><F134/><W58/><G34/><T31/><D110/><U78/><E78/><V59/><F112/><W19/><G29/><T115/><D115/><U22/><E57/><V53/><F70/><W41/><G103/><T127/><D100/><U5/><E89/><V91/><F106/><W18/><G37/><T10/><D30/><U81/><E22/><V36/><F36/><W94/><G94/><T131/><D131/><U85/><E102/><V123/><F123/><W113/><G113/><T33/><D33/><U79/><REACH who="1" step="1"/><E107/><REACH who="1" ten="245,251,247,247" step="2"/><V99/><F90/><W65/><AGARI ba="0,1" hai="16,18,19,41,42,48,52,58,60,65,68,88,93,97" machi="65" ten="30,8000,1" yaku="0,1,52,1,54,3" doraHai="46" who="3" fromWho="3" sc="245,-20,251,-40,247,-20,247,90" /><INIT seed="2,0,0,3,5,110" ten="225,211,227,337" oya="2" hai0="118,18,60,61,80,97,94,5,117,87,127,119,24" hai1="85,128,130,47,79,62,12,53,75,4,123,51,28" hai2="42,100,35,113,76,120,102,54,69,83,11,58,21" hai3="10,124,63,57,95,23,46,122,27,108,111,32,13"/><V3/><F120/><W126/><G122/><T73/><D73/><U52/><E75/><V38/><F35/><W22/><G46/><T14/><D127/><N who="3" m="48681" /><G95/><T33/><D5/><U43/><E123/><V25/><F69/><W112/><G32/><T1/><D1/><U0/><E0/><V89/><F89/><W106/><G106/><T15/><D24/><U132/><E28/><V29/><F38/><W92/><G92/><T40/><D40/><U70/><E132/><V56/><F42/><W45/><G45/><T129/><D33/><U96/><E96/><V116/><F58/><W104/><G104/><T103/><D15/><U114/><E114/><V134/><F113/><W99/><G99/><T131/><D131/><N who="1" m="50219" /><E70/><V81/><F116/><W115/><G23/><N who="0" m="11735" /><D129/><U82/><E62/><V86/><F134/><W31/><G108/><T84/><D84/><U91/><E91/><AGARI ba="0,0" hai="60,61,80,87,91,94,97,103,117,118,119" m="11735" machi="91" ten="30,1000,0" yaku="12,1" doraHai="110" who="0" fromWho="1" sc="225,10,211,-10,227,0,337,0" /><INIT seed="3,0,0,1,4,21" ten="235,201,227,337" oya="3" hai0="4,101,128,29,109,12,105,75,31,132,11,89,38" hai1="66,85,91,117,124,24,72,131,133,8,30,78,14" hai2="22,59,42,68,116,87,82,15,50,76,98,73,36" hai3="6,20,51,71,95,97,10,107,61,40,43,103,63"/><W9/><G107/><T99/><D38/><U94/><E133/><V58/><F116/><W45/><G43/><T115/><D109/><U111/><E111/><V120/><F68/><W88/><G71/><T33/><D132/><U62/><E117/><V46/><F120/><W104/><G10/><T37/><D37/><U3/><E3/><V74/><F98/><W23/><G104/><T56/><D128/><U16/><E131/><V27/><F15/><W102/><G63/><T69/><D69/><U19/><E124/><V26/><F58/><W49/><G49/><T5/><D115/><U35/><E78/><V130/><F130/><W114/><G61/><T32/><D75/><U86/><E72/><V60/><F36/><W92/><G114/><T84/><D5/><U126/><E126/><V0/><F27/><W44/><G44/><T65/><D32/><U54/><E54/><V134/><F0/><W25/><G95/><T106/><D33/><U70/><REACH who="1" step="1"/><E85/><REACH who="1" ten="235,191,227,337" step="2"/><V79/><F79/><W64/><G64/><T110/><D84/><U53/><E53/><V90/><F76/><W55/><G55/><T135/><D65/><U1/><E1/><V80/><F134/><W13/><G20/><T129/><D129/><U67/><E67/><N who="2" m="39327" /><F82/><W113/><G113/><T119/><D119/><U48/><E48/><V118/><F118/><W123/><G123/><T108/><D135/><U112/><E112/><V96/><F96/><W47/><G47/><T41/><D108/><U34/><E34/><V52/><F52/><W77/><G77/><T121/><D110/><U125/><E125/><RYUUKYOKU ba="0,1" sc="235,-30,191,10,227,10,337,10" hai1="8,14,16,19,24,30,35,62,66,70,86,91,94" hai2="22,26,42,46,50,73,74,80,87,90" hai3="6,9,13,23,25,40,45,51,88,92,97,102,103" /><INIT seed="3,1,1,4,4,32" ten="205,201,237,347" oya="3" hai0="14,4,91,116,63,134,119,113,124,81,15,49,62" hai1="35,22,56,0,31,111,55,95,30,11,65,3,109" hai2="114,88,123,85,67,38,12,82,47,129,59,112,40" hai3="48,42,7,103,83,131,101,61,104,50,43,25,27"/><W77/><G104/><T79/><D91/><U26/><E65/><V57/><F129/><W107/><G107/><T105/><D105/><U16/><E95/><V125/><F125/><W130/><G61/><T126/><D49/><N who="3" m="19049" /><G7/><T36/><D36/><U10/><E56/><V72/><F123/><W46/><G83/><T18/><D4/><N who="1" m="1287" /><E55/><V106/><F106/><W21/><G77/><T133/><D18/><U120/><E120/><V5/><F72/><W37/><G42/><T97/><D97/><U66/><E66/><V70/><F70/><W41/><G41/><T68/><D81/><U76/><E76/><V8/><REACH who="2" step="1"/><F67/><REACH who="2" ten="205,201,227,347" step="2"/><W115/><G131/><T96/><D68/><U24/><E3/><V93/><F93/><W122/><G130/><T28/><D124/><U74/><E74/><V100/><F100/><W53/><G101/><T90/><D126/><U128/><E128/><V52/><F52/><W17/><G103/><T45/><D119/><U78/><E78/><V118/><F118/><W20/><G122/><T121/><D79/><U33/><E11/><V54/><F54/><W13/><G53/><T80/><D116/><U99/><E99/><V89/><F89/><W71/><G71/><T23/><D96/><U51/><E51/><V98/><F98/><W75/><G75/><T29/><D90/><U135/><E135/><V132/><F132/><W102/><G102/><T110/><D133/><U84/><E84/><V86/><F86/><W58/><G37/><T39/><D134/><U34/><E34/><V127/><F127/><W9/><G9/><T1/><D121/><RYUUKYOKU ba="1,2" sc="205,-15,201,15,227,15,347,-15" hai1="16,22,24,26,30,31,33,35,109,111" hai2="5,8,12,38,40,47,57,59,82,85,88,112,114" /><INIT seed="4,2,2,3,1,55" ten="190,216,242,332" oya="0" hai0="65,29,8,95,64,53,85,118,21,48,119,81,109" hai1="17,96,9,106,3,6,40,107,102,19,94,36,120" hai2="98,122,58,77,133,105,75,76,92,0,97,15,35" hai3="50,72,27,5,56,66,59,130,31,135,104,10,127"/><T1/><D109/><U74/><E120/><V37/><F122/><W83/><G104/><T32/><D32/><U86/><E74/><V112/><F0/><W90/><G66/><T7/><D95/><U20/><E19/><V42/><F35/><W126/><G50/><T22/><D118/><U33/><E33/><V63/><F112/><W108/><G108/><T45/><D119/><U129/><E129/><V38/><F133/><W69/><G69/><T51/><D51/><U125/><E125/><N who="3" m="47626" /><G130/><T70/><D70/><U99/><E86/><V24/><F15/><N who="3" m="5583" /><G135/><T89/><REACH who="0" step="1"/><D22/><REACH who="0" ten="180,216,242,332" step="2"/><U115/><E115/><V43/><F92/><W18/><G72/><T4/><D4/><U41/><E36/><V124/><F75/><W79/><G79/><T121/><D121/><U131/><E131/><V28/><F76/><W73/><G73/><T110/><D110/><U49/><E49/><V128/><F77/><W46/><G83/><T82/><D82/><U117/><E117/><V54/><F128/><W57/><G90/><T14/><D14/><U34/><E107/><V12/><F105/><W132/><G132/><T101/><D101/><U100/><E34/><N who="2" m="20743" /><F12/><AGARI ba="2,3" hai="3,6,9,12,17,20,40,41,94,96,99,100,102,106" machi="12" ten="30,1000,0" yaku="7,1" doraHai="55" who="1" fromWho="2" sc="180,0,216,46,242,-16,332,0" /><INIT seed="5,0,0,3,1,58" ten="180,262,226,332" oya="1" hai0="31,109,16,24,18,19,112,62,110,128,10,22,81" hai1="36,50,68,129,14,46,52,17,5,131,119,97,82" hai2="126,98,4,132,20,107,125,37,1,124,85,103,6" hai3="113,135,7,117,99,114,23,67,104,27,25,44,30"/><U105/><E119/><V29/><F37/><W57/><G117/><T47/><D47/><U91/><E36/><V11/><F132/><W51/><G135/><T120/><D112/><N who="3" m="43113" /><G7/><T116/><D116/><U43/><E43/><V130/><F130/><W12/><G12/><T72/><D128/><N who="1" m="49227" /><E68/><V42/><F42/><W55/><G27/><T0/><D120/><U101/><E5/><N who="2" m="1455" /><F85/><W63/><G99/><T134/><D134/><U76/><E91/><V78/><F78/><W26/><G26/><AGARI ba="0,0" hai="4,6,20,26,29,98,103,107,124,125,126" m="1455" machi="26" ten="30,1000,0" yaku="18,1" doraHai="58" who="2" fromWho="3" sc="180,0,262,0,226,10,332,-10" /><INIT seed="6,0,0,2,5,21" ten="180,262,236,322" oya="2" hai0="94,97,88,72,125,73,25,68,129,123,50,10,112" hai1="43,6,66,49,63,18,70,55,111,51,133,7,17" hai2="120,42,110,113,56,64,132,2,20,33,40,3,127" hai3="116,121,134,99,131,81,71,87,37,34,78,105,118"/><V84/><F120/><W114/><RYUUKYOKU type="yao9" ba="0,0" sc="180,0,262,0,236,0,322,0" hai3="34,37,71,78,81,87,99,105,114,116,118,121,131,134" /><INIT seed="6,1,0,4,5,85" ten="180,262,236,322" oya="2" hai0="34,135,76,22,13,103,131,80,2,48,19,124,37" hai1="132,53,68,29,39,9,26,5,83,112,56,133,78" hai2="43,95,129,57,58,122,89,36,75,12,119,101,79" hai3="97,41,52,49,28,15,65,44,110,130,55,59,127"/><V94/><F119/><W0/><G0/><T106/><D37/><U118/><E68/><V90/><F122/><W117/><G117/><T62/><D124/><U35/><E39/><V3/><F3/><W126/><G28/><T50/><D131/><U51/><E118/><V98/><F129/><W54/><G130/><T84/><D135/><U116/><E116/><V82/><F101/><W77/><G77/><T71/><D34/><U14/><REACH who="1" step="1"/><E112/><REACH who="1" ten="180,252,236,322" step="2"/><V16/><F36/><W38/><G110/><T107/><D71/><U72/><AGARI ba="1,1" hai="5,9,14,26,29,35,51,53,56,72,78,83,132,133" machi="72" ten="30,4000,0" yaku="1,1,2,1,0,1,53,0" doraHai="85" doraHaiUra="96" who="1" fromWho="1" sc="180,-11,252,53,236,-21,322,-11" /><INIT seed="7,0,0,4,5,102" ten="169,305,215,311" oya="3" hai0="103,90,88,111,124,7,114,108,83,75,105,52,99" hai1="8,95,0,80,74,66,23,37,123,34,27,45,68" hai2="109,126,76,16,106,121,24,110,65,120,4,100,32" hai3="21,19,17,130,89,115,125,72,79,18,131,70,26"/><W119/><G119/><T84/><D7/><U28/><E123/><N who="2" m="47179" /><F76/><W96/><G115/><T93/><D124/><U87/><E74/><V132/><F126/><W20/><G125/><T94/><D114/><U11/><E0/><V31/><F132/><W1/><G1/><T51/><D94/><U42/><E34/><V86/><F4/><W62/><G79/><N who="0" m="44543" /><D90/><U5/><E5/><V2/><F2/><W91/><G72/><T48/><D48/><U30/><E30/><V92/><F65/><N who="3" m="41271" /><G96/><T59/><AGARI ba="0,0" hai="51,52,59,84,88,93,99,103,105,108,111" m="44543" machi="59" ten="30,7900,0" yaku="24,1,52,1,54,2" doraHai="102" who="0" fromWho="0" sc="169,79,305,-20,215,-20,311,-39" /><INIT seed="8,0,0,2,0,24" ten="248,285,195,272" oya="0" hai0="12,105,16,39,27,31,32,4,113,3,33,67,65" hai1="111,94,5,43,109,2,71,64,85,95,108,41,86" hai2="99,30,102,23,116,0,125,81,118,22,74,52,25" hai3="97,82,78,70,29,15,40,45,80,114,117,122,18"/><T60/><D113/><U72/><E72/><V38/><F0/><W19/><G114/><T8/><D39/><U62/><E5/><V77/><F38/><W9/><G70/><T129/><D105/><U134/><E2/><V63/><F125/><W130/><G130/><T26/><D129/><U42/><REACH who="1" step="1"/><E134/><REACH who="1" ten="248,275,195,272" step="2"/><V49/><F63/><W135/><G135/><T106/><D106/><U50/><E50/><V17/><F23/><W10/><G122/><T61/><D61/><U46/><E46/><V54/><F17/><W90/><G19/><T83/><D60/><U126/><E126/><V34/><F34/><W128/><G128/><T87/><D32/><U35/><E35/><V76/><F76/><W115/><G115/><T96/><D96/><U56/><E56/><V1/><F1/><W7/><G78/><T131/><D131/><U104/><E104/><N who="2" m="63583" /><F49/><W119/><G7/><T92/><D3/><U127/><E127/><V36/><F36/><W11/><G45/><T75/><D75/><U89/><E89/><V132/><F132/><W112/><G112/><T91/><D4/><U14/><E14/><V55/><F116/><W20/><G119/><T84/><D27/><U88/><E88/><AGARI ba="0,1" hai="8,12,16,26,31,33,65,67,83,84,87,88,91,92" machi="88" ten="30,11600,0" yaku="7,1,52,1,54,2" doraHai="24" who="0" fromWho="1" sc="248,126,275,-116,195,0,272,0" owari="374,47.0,159,-34.0,195,-20.0,272,7.0" /></mjloggm>