<mjloggm ver="2.3"><GO type="225" lobby="0"/><UN n0="%E8%A8%88%E7%AE%97%E6%A9%9F%E8%87%AA%E7%84%B6" n1="%50%49%58%49" n2="%E3%82%BC%E3%83%AB%E3%83%80%E3%81%AE%E4%BC%9D%E8%AA%AC" n3="%E3%81%95%E3%81%8F%E3%82%89%E3%81%93" dan="17,17,16,16" rate="2212.17,2172.50,2187.74,2191.09" sx="M,F,M,M"/><TAIKYOKU oya="0"/><INIT seed="0,0,0,2,4,23" ten="250,250,250,250" oya="0" hai0="77,79,58,68,92,87,108,24,122,21,45,106,31" hai1="39,47,64,54,2,18,61,114,17,44,78,15,110" hai2="19,85,89,76,29,67,4,117,99,112,28,38,102" hai3="80,126,13,36,34,25,97,124,71,75,125,130,73"/><T82/><D68/><U88/><E110/><V51/><F112/><W37/><G71/><T72/><D106/><U26/><E2/><V94/><F38/><W27/><G130/><T14/><D122/><U16/><E114/><V69/><F117/><W42/><G34/><T50/><D108/><U109/><E109/><V59/><F4/><W134/><G134/><T83/><D58/><N who="1" m="36919" /><E78/><V20/><F76/><W62/><G62/><T48/><D45/><N who="1" m="17483" /><E39/><N who="3" m="14922" /><G42/><T131/><D131/><U104/><E104/><V56/><F69/><W55/><G55/><T91/><REACH who="0" step="1"/><D14/><REACH who="0" ten="240,250,250,250" step="2"/><U52/><E15/><V63/><F59/><W10/><G97/><AGARI ba="0,1" hai="21,24,31,48,50,72,77,79,82,83,87,91,92,97" machi="97" ten="30,11600,0" yaku="1,1,2,1,7,1,52,1,53,0" doraHai="23" doraHaiUra="5" who="0" fromWho="3" sc="240,126,250,0,250,0,250,-116" /><INIT seed="0,1,0,2,3,134" ten="366,250,250,134" oya="0" hai0="13,120,127,1,119,63,19,23,15,97,51,12,114" hai1="57,43,109,67,90,113,20,5,48,61,28,62,2" hai2="35,76,130,34,10,135,124,80,50,8,126,100,96" hai3="56,89,108,75,25,71,69,4,42,122,21,59,7"/><T65/><D114/><U40/><E113/><V52/><F135/><W14/><G75/><T128/><D119/><U55/><E109/><V91/><F91/><W93/><G108/><T129/><D1/><U84/><E62/><V82/><F130/><N who="0" m="50282" /><D120/><U107/><E107/><V110/><F110/><W49/><G122/><T18/><D51/><U104/><E104/><V123/><F123/><W72/><G72/><T95/><D127/><N who="2" m="48682" /><F8/><W131/><G131/><T70/><D18/><U45/><E5/><V9/><F9/><N who="3" m="4391" /><G59/><T111/><D111/><U79/><E79/><V94/><F10/><W44/><G56/><T47/><D47/><U118/><E2/><V36/><F36/><W29/><G69/><T24/><D12/><U37/><E37/><V73/><F82/><W106/><G71/><T103/><AGARI ba="1,0" hai="13,15,19,23,24,63,65,70,95,97,103" m="50282" machi="103" ten="30,1500,0" yaku="19,1" doraHai="134" who="0" fromWho="0" sc="366,18,250,-6,250,-6,134,-6" /><INIT seed="0,2,0,1,0,71" ten="384,244,244,128" oya="0" hai0="35,54,22,86,39,27,50,26,128,93,97,42,2" hai1="108,79,19,122,14,48,111,112,90,60,59,70,18" hai2="80,29,17,20,38,10,126,119,78,85,103,105,44" hai3="73,74,46,6,1,102,127,91,62,117,28,68,12"/><T96/><D2/><U24/><E122/><V33/><F126/><W49/><G127/><T55/><D128/><U94/><E112/><V120/><F120/><W32/><G117/><T40/><D35/><U77/><E70/><V121/><F121/><W95/><G1/><T15/><D86/><U84/><E48/><V110/><F119/><W61/><G102/><T4/><D39/><U0/><E0/><V104/><F110/><N who="1" m="42025" /><E24/><V123/><F123/><W8/><G28/><T88/><D96/><U30/><E30/><V134/><F134/><W129/><G32/><T115/><D115/><U31/><E31/><V53/><F10/><W36/><G129/><T118/><D54/><N who="1" m="33911" /><E19/><V132/><F132/><W116/><G116/><T125/><D125/><U69/><E69/><V21/><F33/><W23/><G23/><AGARI ba="2,0" hai="14,18,23,77,79,84,90,94" m="33911,42025" machi="23" ten="30,1000,0" yaku="14,1" doraHai="71" who="1" fromWho="3" sc="384,0,244,16,244,0,128,-16" /><INIT seed="1,0,0,5,4,87" ten="384,260,244,112" oya="1" hai0="128,56,101,18,130,50,83,107,134,113,77,40,70" hai1="14,25,135,20,105,94,21,24,36,86,57,97,44" hai2="55,90,53,104,78,109,30,54,16,7,33,11,46" hai3="98,96,22,129,133,26,95,80,39,67,66,122,110"/><U49/><E135/><V32/><F109/><W47/><G122/><T8/><D70/><U61/><E36/><V103/><F78/><W132/><G110/><T34/><D34/><U108/><E108/><V124/><F124/><W100/><G129/><N who="0" m="49771" /><D113/><U58/><E105/><V102/><F46/><W82/><G39/><T48/><D56/><U116/><E86/><V73/><F73/><W119/><G47/><T117/><D40/><U3/><E3/><V12/><F104/><W71/><G119/><T10/><D18/><U88/><E116/><V37/><F37/><W72/><G72/><N who="0" m="43431" /><D134/><U27/><E14/><V112/><F112/><W106/><G71/><T0/><D0/><U123/><E123/><V23/><F90/><W91/><G133/><T28/><D28/><U99/><E99/><V31/><F33/><W62/><G132/><T76/><D76/><U92/><E92/><V52/><N who="2" m="13312" /><DORA hai="1" /><V42/><F42/><W4/><G4/><T131/><D117/><U84/><E97/><V79/><F79/><W6/><G6/><T60/><D101/><N who="2" m="38410" /><F32/><W74/><G74/><T38/><D107/><U127/><E127/><V81/><F81/><W65/><REACH who="3" step="1"/><G62/><REACH who="3" ten="384,260,244,102" step="2"/><T121/><D60/><U118/><E118/><V5/><F7/><W75/><G75/><T63/><D63/><U45/><E49/><N who="0" m="19049" /><D131/><U126/><E126/><V15/><AGARI ba="0,1" hai="5,11,12,15,16,23,30,31" m="38410,13312" machi="15" ten="40,8000,1" yaku="8,1,52,1,54,2" doraHai="87,1" who="2" fromWho="2" sc="384,-20,260,-40,244,90,102,-20" /><INIT seed="2,0,0,3,5,110" ten="364,220,334,82" oya="2" hai0="133,82,5,63,98,4,117,65,123,105,135,50,114" hai1="43,126,8,96,86,132,47,118,83,35,10,73,70" hai2="55,121,20,79,131,125,9,66,36,94,90,84,127" hai3="14,68,106,45,109,134,88,102,77,104,115,129,21"/><V54/><F121/><W100/><G109/><T42/><D123/><U122/><E122/><V16/><F131/><W59/><G129/><T87/><D114/><U56/><E118/><V44/><F9/><W28/><G68/><T76/><D117/><U103/><E70/><V40/><F66/><W17/><G134/><N who="0" m="51211" /><D42/><U2/><E73/><V112/><F112/><W11/><G77/><T48/><D105/><U53/><E35/><V120/><F120/><W74/><G74/><T34/><D98/><U30/><E30/><V27/><REACH who="2" step="1"/><F79/><REACH who="2" ten="364,220,324,82" step="2"/><W91/><G115/><T124/><D124/><AGARI ba="0,1" hai="16,20,27,36,40,44,54,55,84,90,94,124,125,127" machi="124" ten="40,18000,2" yaku="1,1,2,1,18,1,54,1,53,2" doraHai="110" doraHaiUra="49" who="2" fromWho="0" sc="364,-180,220,0,324,190,82,0" /><INIT seed="2,1,0,2,4,79" ten="184,220,514,82" oya="2" hai0="7,12,91,19,8,64,118,103,86,122,2,106,85" hai1="26,62,49,92,60,80,113,74,104,125,46,0,83" hai2="47,67,16,51,58,28,117,23,107,109,17,13,116" hai3="38,18,84,96,55,132,41,75,54,87,53,131,9"/><V114/><F114/><W52/><G131/><T100/><D122/><U93/><E104/><V27/><F107/><W25/><G132/><T133/><D133/><U50/><E113/><V71/><F71/><W121/><G121/><T40/><D118/><U94/><E0/><V45/><F109/><W63/><G75/><T97/><D103/><U42/><E125/><V119/><F17/><W82/><G96/><T110/><D110/><U101/><E101/><V124/><F124/><W56/><G41/><T65/><D40/><N who="1" m="24775" /><E74/><V78/><F78/><W76/><G84/><T37/><D37/><U43/><E43/><V15/><F15/><W6/><G38/><T128/><D85/><U39/><E26/><V102/><F102/><W59/><G18/><T68/><D68/><U32/><E32/><V134/><F134/><W48/><REACH who="3" step="1"/><G25/><REACH who="3" ten="184,220,514,72" step="2"/><T81/><REACH who="0" step="1"/><D128/><REACH who="0" ten="174,220,514,72" step="2"/><U72/><E39/><V66/><F117/><W111/><G111/><T105/><D105/><U126/><E126/><V95/><F116/><W98/><G98/><T10/><AGARI ba="1,2" hai="2,7,8,10,12,19,64,65,81,86,91,97,100,106" machi="10" ten="20,8000,1" yaku="1,1,0,1,7,1,52,1,53,1" doraHai="79" doraHaiUra="3" who="0" fromWho="0" sc="174,103,220,-21,514,-41,72,-21" /><INIT seed="3,0,0,4,2,59" ten="277,199,473,51" oya="3" hai0="50,112,92,66,45,69,106,40,18,132,83,70,56" hai1="129,34,10,130,52,41,13,37,19,98,8,30,135" hai2="36,5,39,24,44,90,6,77,67,4,53,100,108" hai3="0,91,29,71,54,94,72,86,27,57,25,113,21"/><W116/><G116/><T117/><D106/><U20/><E37/><V28/><F77/><W55/><G113/><T74/><D117/><U49/><E41/><V99/><F90/><W61/><G72/><T128/><D128/><N who="1" m="49259" /><E135/><V17/><F17/><W101/><G71/><T87/><D92/><U64/><E64/><V126/><F67/><W127/><G127/><T107/><D107/><U38/><E38/><V89/><F89/><W118/><G118/><T12/><D74/><U42/><E42/><V33/><F39/><W133/><G133/><T35/><D35/><U119/><E119/><V111/><F126/><W43/><G43/><T51/><D12/><U2/><E98/><V68/><F68/><W32/><G101/><T76/><D18/><U7/><E10/><V62/><F36/><W110/><G0/><T134/><D83/><U60/><E60/><V9/><F44/><W103/><G103/><T115/><D56/><N who="1" m="32783" /><E34/><V14/><F28/><AGARI ba="0,0" hai="2,7,8,13,19,20,28,30" m="32783,49259" machi="28" ten="30,2000,0" yaku="19,1,54,1" doraHai="59" who="1" fromWho="2" sc="277,0,199,20,473,-20,51,0" owari="277,8.0,219,-18.0,453,55.0,51,-45.0" /></mjloggm>