<mjloggm ver="2.3"><GO type="225" lobby="0"/><UN n0="%E3%82%A2%E3%83%9E%E3%83%9D%EF%BD%9E%EF%BD%9E%E3%83%A9" n1="%E3%81%99%E3%81%84%E3%81%BE%E3%81%9B%E3%83%BC%E3%82%93" n2="%E3%82%B8%E3%83%A3%E3%83%9E%E3%83%BC%E3%83%AB%E3%83%9E%E3%83%AC%E3%83%BC" n3="%74%61%6B%75%61%6B%61" dan="16,17,17,18" rate="2114.54,2184.53,2202.74,2177.17" sx="M,M,M,M"/><TAIKYOKU oya="0"/><INIT seed="0,0,0,0,2,98" ten="250,250,250,250" oya="0" hai0="103,91,87,61,92,101,22,73,124,100,96,56,74" hai1="25,15,31,14,65,3,127,113,67,118,122,59,95" hai2="9,70,109,43,8,133,23,44,49,62,16,50,48" hai3="106,89,79,76,60,121,0,64,51,18,30,83,27"/><T57/><D124/><U58/><E122/><V135/><F109/><W93/><G106/><T53/><D87/><U97/><E118/><V35/><F35/><W10/><G121/><T108/><D108/><U33/><E127/><V41/><F62/><W90/><G51/><T72/><D57/><U28/><E3/><V29/><F29/><W42/><G42/><N who="2" m="15881" /><F70/><W111/><G89/><T110/><D110/><U11/><E113/><V88/><F44/><W46/><G46/><T123/><D123/><U80/><E31/><V21/><F88/><W5/><G18/><T116/><REACH who="0" step="1"/><D22/><REACH who="0" ten="240,250,250,250" step="2"/><N who="2" m="8202" /><F16/><W119/><G111/><T102/><N who="0" m="25600" /><DORA hai="24" /><T68/><D68/><U117/><E59/><V1/><F1/><W129/><G0/><T125/><D125/><U78/><E58/><V128/><F128/><W99/><G129/><T114/><D114/><U26/><E33/><V45/><F45/><W131/><G131/><T2/><D2/><U7/><E28/><V17/><F17/><W126/><G30/><T85/><D85/><U52/><E117/><AGARI ba="0,1" hai="53,56,61,72,73,74,91,92,96,116,117" m="25600" machi="117" ten="60,24000,3" yaku="1,1,52,4,53,3" doraHai="98,24" doraHaiUra="107,39" who="0" fromWho="1" sc="240,250,250,-240,250,0,250,0" /><INIT seed="0,1,0,5,1,29" ten="490,10,250,250" oya="0" hai0="7,21,8,38,76,105,77,80,74,59,39,101,84" hai1="104,70,12,100,66,58,83,87,135,25,20,118,44" hai2="3,119,42,93,48,121,89,10,96,2,95,124,63" hai3="62,79,33,110,106,35,28,71,26,45,78,98,75"/><T116/><D116/><U133/><E118/><V103/><F119/><W67/><G110/><T22/><D59/><U19/><E70/><V117/><F117/><W82/><G78/><T34/><D34/><U40/><E104/><V123/><F124/><W51/><G35/><T24/><D101/><U109/><E100/><V107/><F107/><W13/><G13/><T97/><D97/><U15/><E109/><V90/><F63/><W14/><G14/><T11/><D105/><U126/><E126/><V47/><F103/><N who="3" m="62839" /><G51/><T0/><D11/><U115/><E115/><V37/><F37/><W52/><G45/><T134/><D134/><N who="1" m="51211" /><E66/><V36/><F36/><W17/><G17/><T128/><D128/><U88/><E58/><V18/><F18/><W57/><G57/><T4/><D4/><U41/><E41/><V30/><F30/><W23/><G23/><T85/><D22/><U9/><E9/><V112/><F112/><W55/><AGARI ba="1,0" hai="26,28,33,52,55,62,67,71,75,79,82" m="62839" machi="55" ten="30,4000,0" yaku="25,1,52,1,54,1" doraHai="29" who="3" fromWho="3" sc="490,-21,10,-11,250,-11,250,43" owari="469,57.0,-1,-50.0,239,-16.0,293,9.0" /></mjloggm>