<mjloggm ver="2.3"><GO type="169" lobby="0"/><UN n0="%E5%A4%A9%E5%A5%B3%E3%81%A1%E3%82%83%E3%82%93%2A%E2%8C%92%E2%98%86" n1="%E3%81%88%E3%81%84%E3%81%BF" n2="%E7%8F%BE%E5%A0%B4%E3%81%AD%E3%81%93" n3="%45%7A%61%6B%69" dan="16,16,16,16" rate="2119.78,2121.11,2064.53,2041.08" sx="F,F,M,M"/><TAIKYOKU oya="0"/><INIT seed="0,0,0,5,1,132" ten="250,250,250,250" oya="0" hai0="81,79,64,135,33,83,8,15,98,120,59,21,117" hai1="88,72,105,60,109,84,103,128,42,96,95,65,56" hai2="118,39,97,102,29,67,30,92,25,115,131,133,58" hai3="106,9,46,23,2,91,129,43,6,126,32,86,85"/><T49/><D120/><U112/><E109/><V10/><F133/><W27/><G106/><T31/><D135/><U55/><E128/><V90/><F39/><W14/><G129/><T1/><D117/><U18/><E112/><V11/><F115/><W57/><G126/><T4/><D98/><U123/><E123/><V127/><F30/><W50/><G57/><T45/><D79/><U3/><E3/><V47/><F47/><W107/><G107/><T93/><D93/><U48/><E18/><V99/><F118/><W37/><G37/><T82/><D33/><U87/><E72/><V94/><F127/><W73/><G73/><T104/><D104/><U41/><REACH who="1" step="1"/><E84/><REACH who="1" ten="250,240,250,250" step="2"/><V101/><F131/><W53/><G86/><T76/><D1/><U35/><E35/><V36/><F36/><W69/><G32/><T68/><D4/><U38/><E38/><V134/><F134/><W26/><G2/><T125/><D31/><U80/><E80/><V63/><REACH who="2" step="1"/><F102/><REACH who="2" ten="250,240,240,250" step="2"/><W44/><G46/><AGARI ba="0,2" hai="41,42,46,48,55,56,60,65,87,88,95,96,103,105" machi="46" ten="30,3900,0" yaku="1,1,7,1,54,1,53,0" doraHai="132" doraHaiUra="70" who="1" fromWho="3" sc="250,0,240,59,240,0,250,-39" /><INIT seed="1,0,0,5,5,132" ten="250,299,240,211" oya="1" hai0="32,107,37,103,29,118,111,81,71,18,36,22,122" hai1="113,9,80,79,134,59,43,14,99,101,126,83,52" hai2="88,21,116,46,74,64,65,23,72,51,102,27,133" hai3="57,110,10,106,35,114,120,40,53,82,26,20,66"/><U44/><E113/><V17/><F133/><W84/><G114/><T128/><D118/><U68/><E134/><V108/><F108/><W2/><G110/><T91/><D111/><U73/><E126/><V0/><F0/><W24/><G120/><T1/><D128/><U85/><E68/><V30/><F102/><W39/><G106/><T98/><D122/><U90/><E43/><V38/><F38/><W19/><G66/><T33/><D1/><U13/><E44/><V45/><F45/><W70/><G70/><T12/><D71/><U78/><E78/><V47/><F46/><W16/><G39/><T61/><D61/><U123/><E9/><V15/><F72/><W55/><G40/><T49/><D49/><U105/><REACH who="1" step="1"/><E123/><REACH who="1" ten="250,289,240,211" step="2"/><V97/><F116/><W60/><G10/><T95/><D36/><U4/><E4/><V125/><F125/><W127/><G127/><T3/><D37/><U56/><E56/><V131/><F131/><W58/><G2/><T124/><D3/><U115/><E115/><V31/><F31/><W87/><G58/><T11/><D124/><U48/><AGARI ba="0,1" hai="13,14,48,52,59,73,79,80,83,85,90,99,101,105" machi="48" ten="20,7800,0" yaku="1,1,0,1,7,1,54,1,53,0" doraHai="132" doraHaiUra="42" who="1" fromWho="1" sc="250,-26,289,88,240,-26,211,-26" /><INIT seed="1,1,0,2,5,74" ten="224,377,214,185" oya="1" hai0="45,80,95,36,17,41,25,118,27,21,78,123,51" hai1="7,68,116,1,30,26,35,55,85,126,9,76,114" hai2="34,109,86,43,110,88,19,32,59,102,18,11,52" hai3="106,64,100,69,125,39,73,65,87,115,20,66,108"/><U5/><E68/><V15/><F102/><W98/><G115/><T104/><D118/><U16/><E114/><V3/><F43/><W14/><G108/><N who="2" m="41577" /><F19/><W119/><G39/><T127/><D127/><U46/><E116/><V82/><F3/><W49/><G119/><T67/><D123/><U54/><E126/><V112/><F112/><W111/><G125/><T81/><D104/><U128/><E128/><V93/><F82/><W38/><G38/><T122/><D122/><U72/><E72/><V47/><F47/><W24/><G73/><T113/><D113/><U37/><E7/><V121/><F121/><W4/><G111/><T90/><D36/><U96/><E96/><V120/><F120/><W97/><G98/><T71/><D27/><U79/><E85/><V28/><F28/><W29/><G87/><T130/><D130/><U22/><E37/><V61/><AGARI ba="1,0" hai="11,15,18,32,34,52,59,61,86,88,93" m="41577" machi="61" ten="30,4000,0" yaku="14,1,54,2" doraHai="74" who="2" fromWho="2" sc="224,-11,377,-21,214,43,185,-11" /><INIT seed="2,0,0,2,5,85" ten="213,356,257,174" oya="2" hai0="50,71,35,86,20,75,95,82,11,131,123,39,18" hai1="118,133,8,38,107,77,28,113,98,52,15,40,47" hai2="51,25,90,103,37,83,48,111,44,31,110,60,115" hai3="34,49,108,66,76,92,27,0,97,91,26,16,46"/><V2/><F2/><W1/><G108/><N who="2" m="41513" /><F115/><W6/><G66/><T55/><D123/><U112/><E118/><V41/><F103/><W94/><G76/><T4/><D131/><U104/><E133/><V70/><F60/><W127/><G127/><T78/><D35/><U125/><E125/><V58/><F58/><W45/><G6/><T93/><D39/><U73/><E28/><V117/><F70/><W130/><G130/><T128/><D75/><U135/><E135/><V80/><F80/><W29/><G46/><T105/><D105/><U87/><E73/><V65/><F65/><W74/><G74/><T23/><D71/><U100/><E107/><V102/><F102/><W67/><G67/><T19/><D128/><U119/><E119/><V99/><F117/><W9/><G94/><T126/><D126/><U109/><E109/><V132/><F132/><W116/><G116/><T43/><D95/><U63/><E63/><V54/><F54/><W122/><G122/><T13/><D93/><U14/><E52/><V129/><F129/><W121/><G121/><T17/><REACH who="0" step="1"/><D43/><REACH who="0" ten="203,356,257,174" step="2"/><U84/><E113/><V68/><F68/><W56/><G56/><AGARI ba="0,1" hai="4,11,13,17,18,19,20,23,50,55,56,78,82,86" machi="56" ten="40,5200,0" yaku="1,1,2,1,8,1,53,0" doraHai="85" doraHaiUra="36" who="0" fromWho="3" sc="203,62,356,0,257,0,174,-52" /><INIT seed="3,0,0,0,4,26" ten="265,356,257,122" oya="3" hai0="135,27,126,104,37,20,118,76,123,111,115,22,14" hai1="116,52,6,96,9,25,81,93,65,97,8,67,59" hai2="54,103,7,38,4,1,12,44,102,72,75,18,64" hai3="74,31,109,80,49,0,112,16,43,62,79,95,73"/><W40/><G112/><T51/><D76/><U57/><E116/><V66/><F1/><W105/><G105/><T124/><D51/><U84/><E59/><V131/><F131/><W110/><G0/><T50/><D50/><U33/><E97/><V30/><F54/><W13/><G74/><T70/><D14/><U42/><E42/><V60/><F60/><W23/><G62/><T114/><D114/><U46/><E46/><V3/><F44/><W121/><G121/><T86/><D86/><U56/><E56/><V133/><F38/><W15/><G15/><T134/><D27/><U78/><E25/><V127/><F12/><W53/><G95/><T106/><D115/><U91/><E33/><V88/><F18/><W71/><G71/><T55/><D55/><U11/><REACH who="1" step="1"/><E6/><REACH who="1" ten="265,346,257,122" step="2"/><V108/><F7/><W19/><G19/><T129/><D118/><U128/><E128/><V28/><F4/><W90/><G31/><T17/><D129/><U69/><E69/><V132/><F3/><W45/><REACH who="3" step="1"/><G90/><REACH who="3" ten="265,346,257,112" step="2"/><T89/><D89/><U10/><N who="1" m="2048" /><DORA hai="87" /><U21/><E21/><V85/><F88/><W2/><G2/><T100/><D22/><U35/><E35/><V98/><F28/><W77/><G77/><T63/><D20/><U58/><E58/><V68/><F30/><W92/><G92/><T122/><D70/><U113/><E113/><V61/><F68/><W39/><G39/><T101/><D37/><U48/><AGARI ba="0,2" hai="48,52,57,65,67,78,81,84,91,93,96" m="2048" machi="48" ten="40,8000,1" yaku="1,1,0,1,8,1,52,1,54,1,53,0" doraHai="26,87" doraHaiUra="41,117" who="1" fromWho="1" sc="265,-20,346,100,257,-20,112,-40" /><INIT seed="4,0,0,5,2,114" ten="245,446,237,72" oya="0" hai0="125,57,78,7,23,106,109,49,61,73,55,98,127" hai1="29,24,64,115,52,6,97,80,27,72,44,32,33" hai2="132,116,25,59,99,74,123,102,63,45,90,14,3" hai3="66,75,92,103,46,41,82,36,69,135,1,9,89"/><T96/><D109/><U85/><E72/><V71/><F3/><W134/><G103/><T108/><D108/><U10/><E64/><V101/><F123/><W107/><G92/><T119/><D119/><U86/><E115/><V62/><F74/><W48/><G107/><T22/><D7/><U87/><E80/><V104/><F132/><W91/><G48/><T43/><D78/><U83/><E83/><V54/><F45/><W88/><G66/><T79/><D79/><U30/><E97/><V122/><F102/><W56/><G56/><T124/><D73/><U15/><E44/><V113/><F113/><W38/><G38/><T94/><D106/><U5/><E52/><V65/><F122/><W19/><G69/><T76/><D76/><U112/><E112/><V2/><F2/><W35/><G35/><T133/><D133/><N who="3" m="50697" /><G75/><T34/><D34/><U118/><E5/><V40/><F40/><W130/><G130/><T129/><D129/><U84/><E84/><V4/><F90/><N who="3" m="23043" /><W50/><DORA hai="105" /><G82/><T58/><D43/><U26/><E33/><V18/><F63/><W70/><G70/><T21/><D94/><U42/><E42/><V100/><F104/><W126/><G36/><T128/><D128/><U110/><E32/><V11/><F99/><W47/><G47/><T28/><D98/><U53/><E110/><V68/><F68/><W13/><G1/><T67/><D96/><U12/><E85/><V37/><F37/><W60/><G60/><T8/><D67/><U111/><E111/><V51/><F101/><W120/><G120/><T81/><D61/><RYUUKYOKU ba="0,0" sc="245,-10,446,-10,237,-10,72,30" hai3="9,13,19,41,46,50,126" /><INIT seed="5,1,0,0,4,124" ten="235,436,227,102" oya="1" hai0="14,11,84,35,30,69,92,54,15,31,63,132,57" hai1="41,134,4,48,100,106,65,85,72,104,126,118,2" hai2="109,53,43,18,40,55,76,36,119,37,114,133,24" hai3="26,86,123,99,135,91,127,52,122,32,45,0,131"/><U120/><E118/><V81/><F119/><W71/><G71/><T38/><D132/><U98/><E65/><V89/><F89/><W96/><G0/><T101/><D38/><U115/><E4/><V49/><F18/><W1/><G1/><T23/><D35/><U7/><E7/><V17/><F17/><W116/><G116/><T125/><D125/><U20/><E20/><V28/><F28/><W19/><G127/><T60/><D23/><U39/><E48/><V46/><F81/><W47/><G135/><T95/><D15/><U75/><E41/><N who="2" m="15947" /><F76/><W34/><G19/><T64/><D92/><U117/><E85/><V6/><F24/><W33/><G26/><T80/><D95/><U70/><E98/><V21/><F21/><W87/><G91/><T50/><D101/><U88/><E88/><V22/><F22/><W108/><G34/><T121/><D121/><U83/><E83/><V44/><F6/><W16/><G16/><T93/><D93/><U62/><E100/><V111/><F133/><W107/><G107/><T66/><D14/><U27/><E104/><V58/><F114/><W110/><REACH who="3" step="1"/><G52/><REACH who="3" ten="235,436,227,92" step="2"/><T25/><D25/><U61/><E106/><V79/><F53/><W73/><G73/><T77/><D11/><U13/><E75/><V103/><F55/><W78/><G78/><T59/><AGARI ba="1,1" hai="30,31,50,54,57,59,60,63,64,66,69,77,80,84" machi="59" ten="20,1500,0" yaku="0,1,7,1" doraHai="124" who="0" fromWho="0" sc="235,28,436,-8,227,-5,92,-5" /><INIT seed="6,0,0,0,1,13" ten="263,428,222,87" oya="2" hai0="21,104,110,26,79,37,90,81,46,59,70,28,11" hai1="66,44,4,116,17,77,132,129,123,62,67,3,98" hai2="131,15,18,109,39,78,52,95,126,127,74,73,53" hai3="108,80,5,65,60,31,87,89,86,68,0,33,29"/><V85/><F39/><W100/><G108/><T115/><D110/><U103/><E116/><V121/><F121/><W40/><G40/><T125/><D115/><U41/><E77/><V119/><F119/><W99/><G5/><T25/><D125/><N who="2" m="47626" /><F109/><W8/><G0/><T14/><D70/><U38/><E123/><V88/><F131/><W50/><G8/><T75/><D104/><U12/><E129/><V101/><F101/><W20/><G33/><T10/><D59/><U102/><E102/><V24/><F24/><W19/><G50/><T64/><D64/><U35/><E38/><V135/><F135/><W82/><G99/><T83/><D26/><U22/><E132/><V57/><F78/><W130/><G100/><T124/><D124/><U84/><E103/><V2/><F2/><W76/><REACH who="3" step="1"/><G130/><REACH who="3" ten="263,428,222,77" step="2"/><T63/><D10/><U43/><E3/><V61/><F53/><W9/><G9/><AGARI ba="0,1" hai="9,15,18,52,57,61,73,74,85,88,95" m="47626" machi="9" ten="30,11600,0" yaku="18,1,52,1,54,2" doraHai="13" who="2" fromWho="3" sc="263,0,428,0,222,126,77,-116" owari="263,-14.0,428,53.0,348,15.0,-39,-54.0" /></mjloggm>