<mjloggm ver="2.3"><GO type="169" lobby="0"/><UN n0="%46%49%4E%48%E7%B4%A0%E9%9D%A2" n1="%E7%9B%9B%E5%B2%A1%E3%81%AE%E3%83%AA%E3%83%BC%E3%83%81%E8%B6%85%E4%BA%BA" n2="%67%2D%65%6E%6B%69" n3="%E9%87%A3%E3%82%8A%E6%97%A5%E5%92%8C" dan="16,17,17,17" rate="2160.77,2143.88,2209.97,2190.59" sx="M,M,M,M"/><TAIKYOKU oya="0"/><INIT seed="0,0,0,1,2,4" ten="250,250,250,250" oya="0" hai0="44,122,92,135,31,75,51,130,2,101,10,115,29" hai1="36,131,64,11,129,93,106,5,99,68,125,79,98" hai2="35,32,49,73,56,103,12,96,132,110,69,116,45" hai3="85,13,33,72,25,95,84,19,42,37,107,47,124"/><T91/><D115/><U52/><E36/><V6/><F69/><W100/><G72/><T105/><D122/><U1/><E125/><V119/><F110/><W21/><G107/><T113/><D113/><U90/><E79/><V86/><F73/><W7/><G124/><T76/><D130/><U3/><E3/><V114/><F56/><W18/><G7/><T34/><D34/><U112/><E112/><V50/><F86/><W54/><G54/><T23/><D23/><U123/><E123/><V15/><F114/><W41/><G41/><T59/><D59/><U133/><E133/><V80/><F80/><W40/><G40/><T39/><D39/><U30/><E30/><V70/><F70/><W46/><G46/><T121/><D121/><U120/><E120/><V55/><F132/><W9/><REACH who="3" step="1"/><G33/><REACH who="3" ten="250,250,250,240" step="2"/><T78/><D75/><U89/><E52/><V65/><F55/><W94/><G94/><T26/><D135/><U27/><E106/><V66/><F45/><W20/><G20/><T58/><D44/><U28/><E129/><V102/><F6/><W128/><G128/><T134/><D92/><U118/><E131/><V88/><REACH who="2" step="1"/><F96/><AGARI ba="0,1" hai="9,13,18,19,21,25,37,42,47,84,85,95,96,100" machi="96" ten="40,2600,0" yaku="1,1,52,1,53,0" doraHai="4" doraHaiUra="77" who="3" fromWho="2" sc="250,0,250,0,250,-26,240,36" /><INIT seed="1,0,0,0,5,90" ten="250,250,224,276" oya="1" hai0="56,60,70,83,12,17,106,117,0,118,3,39,21" hai1="134,80,97,15,127,41,67,46,129,123,119,63,18" hai2="132,38,28,112,44,89,82,130,50,98,7,124,84" hai3="1,53,78,92,95,103,36,43,52,105,19,85,31"/><U120/><E119/><V96/><F124/><W75/><G1/><T114/><D106/><U13/><E127/><V115/><F38/><W14/><G75/><T47/><D114/><N who="2" m="43562" /><F132/><W54/><G105/><T11/><D70/><U72/><E134/><V93/><F130/><W73/><G73/><T66/><D83/><U76/><E129/><V32/><F7/><W2/><G2/><T111/><D111/><U16/><E97/><N who="2" m="37483" /><F28/><W71/><G71/><T64/><D64/><U125/><E125/><V69/><F32/><W113/><G113/><T40/><REACH who="0" step="1"/><D0/><REACH who="0" ten="240,250,224,276" step="2"/><U4/><E67/><V58/><F69/><W133/><G133/><T107/><D107/><U102/><E80/><V48/><F58/><W77/><G103/><T128/><D128/><U9/><E102/><V57/><F57/><W45/><G31/><T24/><D24/><U121/><E120/><V23/><F82/><W131/><G131/><T91/><D91/><U26/><E121/><V42/><F48/><W79/><REACH who="3" step="1"/><G85/><REACH who="3" ten="240,250,224,266" step="2"/><T87/><D87/><U30/><E30/><V49/><F84/><W94/><G94/><T101/><D101/><U108/><E72/><V68/><F93/><W110/><G110/><T6/><AGARI ba="0,2" hai="3,6,11,12,17,21,39,40,47,56,60,66,117,118" machi="6" ten="30,4000,0" yaku="1,1,0,1,53,1" doraHai="90" doraHaiUra="35" who="0" fromWho="0" sc="240,60,250,-20,224,-10,266,-10" /><INIT seed="2,0,0,4,0,119" ten="300,230,214,256" oya="2" hai0="127,67,112,121,103,19,48,31,76,42,101,92,28" hai1="35,33,129,116,123,49,22,93,131,32,60,104,66" hai2="100,57,6,29,115,27,18,122,82,106,12,50,34" hai3="96,8,10,72,134,26,114,17,120,105,55,1,69"/><V13/><F115/><W128/><G72/><T4/><D112/><U45/><E104/><V14/><F100/><W59/><G69/><T102/><D76/><U30/><E116/><V21/><F50/><W78/><G78/><T39/><D39/><U53/><E93/><V25/><F57/><W88/><G114/><T3/><D92/><U87/><E87/><V135/><F82/><W11/><G134/><T7/><D3/><U117/><E117/><V23/><F106/><W54/><G54/><T118/><D19/><U2/><E2/><V111/><F135/><W75/><G75/><T90/><D90/><U108/><E108/><V41/><F41/><W132/><G128/><N who="1" m="49226" /><E22/><N who="2" m="11591" /><F111/><W47/><G1/><T0/><D0/><U63/><E63/><V24/><F122/><W36/><G105/><T20/><D121/><U68/><E123/><V79/><F79/><W86/><G132/><T16/><D118/><U94/><E94/><V97/><F97/><W95/><G86/><T84/><D84/><U15/><E68/><V62/><F62/><W52/><G120/><T71/><D71/><U109/><E109/><V125/><F125/><W40/><G59/><T46/><D127/><U73/><E73/><V99/><F99/><W133/><G133/><T113/><D113/><U91/><E91/><V85/><F85/><W110/><G110/><T37/><D37/><U64/><E60/><V130/><F130/><W124/><G124/><T83/><D83/><U77/><E77/><V74/><F74/><W44/><G44/><T70/><D70/><U126/><E126/><V56/><F56/><RYUUKYOKU ba="0,0" sc="300,-10,230,-10,214,-10,256,30" hai3="8,10,11,17,26,36,40,47,52,55,88,95,96" /><INIT seed="3,1,0,2,2,68" ten="290,220,204,286" oya="3" hai0="84,99,47,11,15,104,77,55,8,63,57,61,56" hai1="98,102,96,74,107,26,134,51,86,38,58,2,23" hai2="81,27,35,29,94,110,44,100,101,128,9,12,127" hai3="4,14,64,117,34,45,37,59,88,7,112,54,108"/><W92/><G112/><T120/><D120/><U114/><E74/><V30/><F110/><W28/><G117/><T19/><D104/><U131/><E114/><V24/><F127/><W76/><G64/><T135/><D135/><U122/><E122/><V103/><F128/><W40/><G76/><T132/><D132/><U31/><E2/><V17/><F81/><W3/><G3/><T125/><D125/><U22/><E134/><V62/><F62/><W111/><G28/><T1/><D99/><U53/><E131/><V113/><F113/><W32/><G32/><T65/><D47/><U42/><E86/><V10/><F10/><W71/><G34/><T124/><D124/><U93/><E23/><V80/><F80/><W123/><G14/><T13/><D1/><U18/><E31/><V67/><F67/><W46/><G46/><T6/><D84/><U69/><E69/><V105/><F105/><W25/><G25/><T82/><D82/><U79/><E79/><AGARI ba="1,0" hai="6,8,11,13,15,19,55,56,57,61,63,65,77,79" machi="79" ten="40,1300,0" yaku="8,1" doraHai="68" who="0" fromWho="1" sc="290,16,220,-16,204,0,286,0" /><INIT seed="4,0,0,3,1,120" ten="306,204,204,286" oya="0" hai0="33,5,49,17,10,64,121,80,59,54,48,118,126" hai1="23,85,83,87,74,94,130,39,50,63,91,109,22" hai2="116,70,19,67,108,103,71,0,128,44,21,12,27" hai3="98,29,75,90,95,15,14,45,86,53,51,40,2"/><T18/><D33/><U133/><E39/><V122/><F122/><W112/><G2/><T134/><D121/><U46/><E130/><V43/><F0/><W129/><G75/><T97/><D118/><U4/><E133/><V41/><F41/><W16/><G129/><T114/><D114/><U42/><E74/><V107/><F128/><W62/><G112/><T77/><D126/><U55/><E4/><V101/><F116/><W96/><G15/><N who="0" m="5583" /><D64/><U89/><E109/><V30/><F71/><W99/><G29/><T72/><D72/><U20/><REACH who="1" step="1"/><E63/><REACH who="1" ten="306,194,204,286" step="2"/><V81/><F70/><W125/><G125/><T9/><D134/><U13/><E13/><V79/><F108/><W36/><G62/><T61/><D61/><U25/><E25/><V106/><F12/><W8/><G36/><T100/><D48/><U93/><E93/><V92/><F92/><W102/><REACH who="3" step="1"/><G40/><AGARI ba="0,1" hai="20,22,23,40,42,46,50,55,83,85,87,89,91,94" machi="40" ten="40,2600,0" yaku="1,1,8,1,53,0" doraHai="120" doraHaiUra="105" who="1" fromWho="3" sc="306,0,194,36,204,0,286,-26" /><INIT seed="5,0,0,3,5,87" ten="306,230,204,260" oya="1" hai0="48,114,24,38,22,28,117,25,95,49,56,35,83" hai1="43,64,50,34,68,97,5,18,101,85,21,51,105" hai2="79,82,11,69,13,6,3,125,93,106,131,86,80" hai3="107,29,99,94,92,90,46,71,61,59,135,127,66"/><U84/><E5/><V0/><F125/><W45/><G107/><T10/><D38/><U16/><E34/><V27/><F131/><W89/><G135/><T132/><D117/><U91/><E84/><V74/><F106/><W100/><G127/><T42/><D132/><U41/><E64/><V116/><F116/><W36/><G36/><T60/><D83/><U30/><E68/><V53/><F69/><W33/><G71/><T124/><D114/><U26/><E50/><V63/><F93/><W44/><G94/><T119/><D10/><U109/><E109/><V126/><F27/><W52/><G33/><T12/><D12/><U102/><E102/><V128/><F128/><W134/><G134/><T8/><D8/><U73/><E73/><V19/><F126/><W108/><G108/><T20/><D35/><U9/><E9/><V1/><F53/><W2/><G2/><T72/><D72/><U133/><E133/><V129/><F63/><W98/><G98/><T58/><D42/><U32/><E51/><V14/><F14/><W96/><G96/><T67/><D56/><U110/><E110/><V130/><REACH who="2" step="1"/><F6/><REACH who="2" ten="306,230,194,260" step="2"/><W7/><G7/><T55/><D119/><U112/><E112/><V103/><F103/><W111/><G111/><T77/><D55/><U123/><E123/><V40/><F40/><W37/><G52/><T78/><D95/><N who="1" m="54767" /><E32/><V70/><F70/><W104/><G104/><T57/><D124/><U17/><E41/><V4/><F4/><W65/><G66/><T15/><D67/><U113/><E113/><V75/><F75/><W62/><G65/><RYUUKYOKU ba="0,1" sc="306,-15,230,15,194,15,260,-15" hai1="16,17,18,21,26,30,43,97,101,105" hai2="0,1,3,11,13,19,74,79,80,82,86,129,130" /><INIT seed="5,1,1,1,2,135" ten="291,245,209,245" oya="1" hai0="65,112,40,37,74,33,0,66,28,118,58,97,26" hai1="98,63,126,80,23,101,92,89,64,5,7,60,116" hai2="32,99,119,10,110,25,67,53,86,30,94,51,84" hai3="12,107,104,13,102,88,115,129,24,50,62,36,15"/><U69/><E126/><V35/><F110/><W91/><G36/><T41/><D118/><U103/><E116/><V22/><F119/><W34/><G115/><T42/><D112/><U29/><E63/><V31/><F67/><W106/><G129/><T83/><D0/><U75/><E75/><V79/><F10/><W81/><G102/><T105/><D37/><U78/><E78/><V113/><F113/><W120/><G120/><T3/><D3/><U82/><E82/><V73/><F73/><W100/><G100/><T1/><D1/><U54/><E54/><V114/><F114/><W61/><G50/><T48/><D105/><U39/><E39/><V68/><F68/><W45/><G45/><T77/><D97/><U132/><E132/><V130/><F79/><W117/><G117/><T122/><D122/><U87/><REACH who="1" step="1"/><E101/><REACH who="1" ten="291,235,209,245" step="2"/><V27/><F130/><W38/><G38/><T90/><D90/><U2/><E2/><V124/><F124/><W93/><G81/><T85/><D74/><U109/><E109/><V72/><F72/><W134/><G91/><T9/><D48/><U43/><E43/><V133/><F133/><W20/><G134/><T16/><D66/><U125/><E125/><V46/><REACH who="2" step="1"/><F35/><REACH who="2" ten="291,235,199,245" step="2"/><W96/><REACH who="3" step="1"/><G34/><REACH who="3" ten="291,235,199,235" step="2"/><T4/><D33/><U17/><E17/><AGARI ba="1,4" hai="12,13,15,17,20,24,61,62,88,93,96,104,106,107" machi="17" ten="50,6400,0" yaku="1,1,2,1,54,1,53,0" doraHai="135" doraHaiUra="6" who="3" fromWho="1" sc="291,0,235,-67,199,0,235,107" /><INIT seed="6,0,0,0,1,18" ten="291,168,199,342" oya="2" hai0="39,32,96,133,102,88,105,83,21,7,14,128,68" hai1="79,30,44,98,109,75,113,110,50,29,58,116,108" hai2="46,36,126,42,100,52,80,122,76,47,125,134,104" hai3="12,112,26,54,33,0,81,17,129,101,78,120,99"/><V27/><F122/><W92/><G0/><T45/><D32/><U16/><E116/><V70/><F70/><W64/><G120/><T124/><D68/><U127/><E113/><V4/><F4/><W95/><G112/><T22/><D128/><U130/><E130/><V49/><F134/><W123/><G123/><T61/><D61/><U1/><E1/><V82/><F100/><W43/><G129/><T107/><D107/><U40/><E127/><N who="2" m="48651" /><F104/><W111/><G111/><T63/><D63/><U41/><E41/><V3/><F3/><W56/><G64/><T93/><D133/><U132/><E132/><V38/><F38/><W86/><G43/><T103/><D39/><U85/><E75/><N who="2" m="43039" /><F27/><W19/><G101/><N who="0" m="38411" /><D45/><U9/><E98/><V91/><F82/><W34/><G99/><T118/><D118/><U20/><E58/><V55/><F55/><W97/><G97/><T48/><D105/><U11/><E79/><V25/><F25/><W13/><G26/><T5/><D83/><U117/><E117/><V121/><F121/><W106/><G106/><T8/><D124/><U77/><E77/><V84/><F84/><W57/><G57/><T115/><D115/><U66/><E85/><V28/><F28/><N who="1" m="10857" /><E66/><V72/><F91/><W60/><G86/><T6/><D48/><U114/><E114/><V35/><F35/><W53/><G78/><T65/><D65/><U119/><E119/><V69/><F69/><W71/><G71/><T90/><D90/><U74/><E74/><AGARI ba="0,0" hai="36,42,46,47,49,52,72,74" m="43039,48651" machi="74" ten="30,2900,0" yaku="18,1,54,1" doraHai="18" who="2" fromWho="1" sc="291,0,168,-29,199,29,342,0" /><INIT seed="6,1,0,5,3,95" ten="291,139,228,342" oya="2" hai0="25,22,39,13,128,85,79,63,7,68,88,84,110" hai1="129,127,109,134,81,102,49,86,40,80,105,124,44" hai2="62,114,52,59,133,91,113,50,8,108,11,120,118" hai3="16,65,132,72,38,1,112,24,122,58,87,70,45"/><V5/><F118/><W67/><G72/><T99/><D110/><U60/><E109/><V3/><F108/><W117/><G1/><T101/><D39/><U27/><E129/><V90/><F120/><W131/><G117/><T56/><D68/><U64/><E134/><V121/><F121/><W78/><G122/><T96/><D128/><U15/><E27/><V29/><F29/><W48/><G38/><T103/><D84/><U94/><E105/><V0/><F133/><W123/><G70/><T98/><D79/><U37/><E37/><V130/><F130/><W26/><G131/><T20/><D13/><U61/><E15/><V51/><F51/><W28/><G132/><T55/><D7/><U66/><E61/><V135/><F50/><W106/><G106/><T83/><D20/><U21/><E21/><V43/><F43/><W4/><G4/><T47/><D47/><U54/><E40/><V76/><F76/><W10/><G10/><T100/><D100/><U36/><E36/><V89/><F135/><W126/><G45/><T82/><D82/><U2/><E2/><V14/><F11/><W92/><G78/><T46/><D46/><U75/><E75/><V57/><F57/><W53/><G58/><T23/><D23/><U74/><E74/><V32/><F32/><W115/><G123/><T116/><D116/><U119/><E119/><V17/><F5/><W42/><G42/><T125/><D125/><N who="1" m="48203" /><E60/><V6/><F6/><W73/><G48/><T93/><D103/><U71/><E71/><V111/><F111/><W34/><G126/><T35/><D35/><RYUUKYOKU ba="1,0" sc="291,15,139,-15,228,15,342,-15" hai0="22,25,55,56,63,83,85,88,93,96,98,99,101" hai2="0,3,8,14,17,52,59,62,89,90,91,113,114" /><INIT seed="6,2,0,1,0,31" ten="306,124,243,327" oya="2" hai0="10,18,13,85,69,51,62,63,120,76,124,21,36" hai1="2,105,129,81,38,73,47,126,14,119,67,79,112" hai2="3,71,27,53,78,102,35,41,116,99,46,49,29" hai3="1,111,48,58,83,88,45,26,5,135,37,110,6"/><V8/><F116/><W114/><G135/><T109/><D36/><U56/><E119/><V55/><F71/><W15/><G1/><T97/><D69/><U43/><E112/><V44/><F78/><W113/><G37/><T84/><D109/><U93/><E126/><V104/><REACH who="2" step="1"/><F46/><REACH who="2" ten="306,124,233,327" step="2"/><W106/><G45/><T127/><D76/><U70/><E70/><V61/><F61/><W54/><G111/><T7/><D63/><U57/><E129/><V94/><F94/><W103/><G110/><T80/><D62/><U4/><E105/><V19/><F19/><W92/><G92/><T87/><D127/><U89/><E67/><V60/><F60/><W0/><G106/><T101/><D124/><U95/><E95/><V82/><F82/><W96/><G83/><T11/><D80/><U64/><E64/><V100/><F100/><W118/><G103/><T9/><D7/><AGARI ba="2,1" hai="3,7,8,27,29,35,41,44,49,53,55,99,102,104" machi="7" ten="40,7700,0" yaku="1,1,52,1,53,1" doraHai="31" doraHaiUra="40" who="2" fromWho="0" sc="306,-83,124,0,233,93,327,0" /><INIT seed="6,3,0,4,4,112" ten="223,124,326,327" oya="2" hai0="88,4,96,119,122,80,56,127,6,111,16,133,41" hai1="40,31,30,34,110,79,69,85,120,36,130,28,121" hai2="91,15,83,11,25,75,46,128,106,47,64,94,108" hai3="5,89,20,102,49,44,73,39,118,100,90,129,18"/><V42/><F106/><W132/><G73/><T37/><D122/><U71/><E110/><V33/><F64/><W13/><G39/><T7/><D111/><U87/><E36/><V70/><F70/><N who="1" m="26633" /><E79/><V72/><F108/><W104/><G118/><T22/><D37/><U135/><E34/><V114/><F114/><W10/><G132/><T2/><D133/><U77/><E77/><V19/><F128/><W23/><G129/><T55/><D119/><U116/><E135/><V103/><F103/><N who="3" m="39467" /><G20/><T74/><D2/><U14/><E14/><V95/><F83/><W21/><G23/><T99/><D74/><U61/><E61/><V81/><F81/><W24/><G104/><T0/><D0/><U27/><E27/><V82/><F82/><W17/><G18/><T26/><D41/><AGARI ba="3,0" hai="5,10,13,17,21,24,41,44,49,89,90" m="39467" machi="41" ten="30,1000,0" yaku="8,1" doraHai="112" who="3" fromWho="0" sc="223,-19,124,0,326,0,327,19" /><INIT seed="7,0,0,3,2,15" ten="204,124,326,346" oya="3" hai0="42,33,94,123,8,12,32,2,44,51,76,25,4" hai1="41,16,18,78,102,30,91,77,83,127,85,103,121" hai2="28,22,110,35,43,45,107,10,98,55,65,129,86" hai3="46,124,66,72,56,122,114,71,104,48,135,40,118"/><W57/><G104/><T19/><D123/><U20/><E121/><V36/><F110/><W38/><G72/><T14/><D2/><U67/><E127/><V68/><F22/><W11/><G122/><T105/><D105/><U0/><E0/><V133/><F55/><W29/><G118/><T6/><D6/><U119/><E119/><V49/><F49/><W128/><G29/><T69/><D69/><U108/><E108/><V13/><F86/><W39/><G11/><T109/><D109/><U5/><E5/><V58/><F58/><W126/><G114/><T111/><D111/><U9/><E41/><V101/><F133/><W21/><G21/><T95/><D25/><N who="1" m="16679" /><E67/><V131/><F28/><W134/><G128/><T75/><D33/><U81/><E9/><V93/><F107/><W26/><G26/><T80/><D32/><U17/><E83/><V60/><REACH who="2" step="1"/><F35/><REACH who="2" ten="204,124,316,346" step="2"/><W90/><G134/><T61/><D61/><U63/><E63/><V70/><F70/><W115/><G135/><T23/><AGARI ba="0,1" hai="4,8,12,14,19,23,42,44,51,75,76,80,94,95" machi="23" ten="20,2700,0" yaku="0,1,7,1,52,1" doraHai="15" who="0" fromWho="0" sc="204,37,124,-7,316,-7,346,-13" owari="241,-16.0,117,-38.0,309,11.0,333,43.0" /></mjloggm>