<mjloggm ver="2.3"><GO type="169" lobby="0"/><UN n0="%46%49%4E%48%E7%B4%A0%E9%9D%A2" n1="%6E%6F%6D%69%6F" n2="%E4%B8%89%E6%9D%89%E3%81%8F%E3%82%93" n3="%54%61%6B%33%45%34%73%79" dan="16,16,16,17" rate="2148.92,2105.03,2063.13,2197.47" sx="M,M,M,M"/><TAIKYOKU oya="0"/><INIT seed="0,0,0,4,4,134" ten="250,250,250,250" oya="0" hai0="67,87,121,112,119,113,105,88,131,79,117,64,11" hai1="23,36,37,62,1,39,4,28,59,40,70,96,52" hai2="115,17,107,33,18,100,14,22,60,98,35,92,118" hai3="111,89,80,43,0,57,49,63,135,123,61,83,124"/><T45/><D11/><U27/><E70/><V34/><F115/><W15/><G0/><T127/><D45/><U54/><E1/><V12/><F118/><W31/><G135/><T51/><D51/><U29/><E4/><V50/><F60/><W5/><G31/><T74/><D64/><U38/><E29/><V47/><F107/><W19/><G5/><T84/><D67/><U20/><E96/><V41/><REACH who="2" step="1"/><F35/><REACH who="2" ten="250,250,240,250" step="2"/><W122/><G63/><T129/><D105/><U114/><E114/><V2/><F2/><W56/><G61/><T6/><D113/><U108/><E108/><V77/><F77/><W103/><G123/><T85/><D112/><U73/><E73/><V110/><F110/><W32/><G122/><T9/><D121/><U130/><E130/><N who="0" m="49673" /><D79/><U106/><E106/><V128/><F128/><W58/><G32/><T125/><D74/><U133/><E133/><V132/><F132/><W126/><G111/><T16/><D119/><U102/><E62/><V82/><F82/><W68/><G83/><N who="0" m="49183" /><D117/><U78/><E78/><V91/><F91/><W72/><G72/><T48/><D48/><U10/><E38/><V81/><F81/><W55/><G80/><T46/><D46/><U101/><E37/><V8/><AGARI ba="0,1" hai="8,12,14,17,18,22,33,34,41,47,50,92,98,100" machi="8" ten="20,5200,0" yaku="1,1,0,1,7,1,53,1" doraHai="134" doraHaiUra="95" who="2" fromWho="2" sc="250,-26,250,-13,240,62,250,-13" /><INIT seed="1,0,0,2,2,61" ten="224,237,302,237" oya="1" hai0="89,84,23,43,107,125,78,6,72,130,69,93,14" hai1="134,48,40,11,112,22,34,127,102,44,110,8,52" hai2="35,104,27,83,96,65,90,81,42,87,122,41,24" hai3="132,55,62,67,109,73,82,129,113,37,46,20,106"/><U135/><E112/><V76/><F122/><W60/><G106/><T36/><D130/><U75/><E34/><V128/><F128/><W97/><G113/><T77/><D125/><U10/><E127/><V13/><F104/><W68/><G73/><T116/><D116/><U16/><E75/><V9/><F65/><W5/><G5/><T114/><D114/><U105/><E110/><V54/><F54/><W131/><G82/><T49/><D36/><U31/><E31/><V88/><F90/><W29/><G97/><T66/><D107/><U58/><E105/><V121/><F121/><W118/><G20/><T17/><D6/><U30/><E30/><V115/><F115/><W94/><G94/><T0/><D0/><U59/><E102/><V7/><F35/><W2/><G2/><T21/><D21/><U108/><E108/><V28/><F96/><W4/><G4/><T57/><D72/><U18/><E59/><V120/><F120/><W98/><G98/><T12/><D12/><U1/><E1/><V74/><F27/><W100/><G100/><T103/><D103/><U79/><E79/><V85/><F74/><W45/><G109/><T63/><D43/><U3/><E3/><V133/><F133/><N who="1" m="50697" /><E22/><V38/><F38/><AGARI ba="0,0" hai="8,10,11,16,18,38,40,44,48,52,58" m="50697" machi="38" ten="30,5800,0" yaku="20,1,54,2" doraHai="61" who="1" fromWho="2" sc="224,0,237,58,302,-58,237,0" /><INIT seed="1,1,0,2,4,53" ten="224,295,244,237" oya="1" hai0="70,65,11,24,81,99,95,51,96,132,130,40,113" hai1="88,20,126,49,78,29,39,127,52,112,69,55,71" hai2="22,13,89,56,54,6,46,5,111,109,58,35,2" hai3="64,14,131,106,101,115,135,104,121,26,87,100,79"/><U60/><E112/><V30/><F35/><W12/><G115/><T42/><D113/><U116/><E116/><V82/><F2/><W118/><G26/><T7/><D130/><U17/><E39/><V133/><F133/><W48/><G131/><T47/><D132/><U122/><E122/><V129/><F129/><W110/><G110/><N who="2" m="41993" /><F46/><W21/><G48/><T72/><D24/><U105/><E105/><V84/><F54/><W80/><G121/><T10/><D10/><U103/><E29/><V15/><F30/><W4/><G118/><T102/><D70/><U91/><E103/><V63/><F63/><W68/><G106/><T73/><D65/><N who="1" m="41127" /><E78/><V61/><F61/><W92/><G104/><T31/><D31/><U34/><E55/><V38/><F38/><W8/><G135/><T85/><D42/><U44/><E34/><V41/><F41/><W117/><G117/><T74/><D99/><U123/><E71/><V98/><F98/><W37/><G37/><T120/><D120/><U86/><E86/><V90/><F90/><W50/><G68/><T93/><D96/><U57/><E44/><V108/><F108/><W94/><G64/><T83/><D102/><N who="3" m="39529" /><G50/><T125/><D85/><U36/><E36/><V23/><F15/><W67/><G67/><T45/><D51/><U119/><E119/><V76/><F76/><W28/><G28/><T66/><D66/><U16/><E123/><V134/><F134/><W107/><G107/><T124/><D40/><U62/><E49/><V97/><F13/><W0/><G14/><T43/><D43/><U9/><E62/><RYUUKYOKU ba="1,0" sc="224,-10,295,-10,244,-10,237,30" hai3="0,4,8,12,21,79,80,87,92,94" /><INIT seed="2,2,0,0,2,99" ten="214,285,234,267" oya="2" hai0="3,59,79,41,133,92,0,61,38,37,42,120,91" hai1="104,6,124,8,111,62,97,131,81,70,40,15,134" hai2="2,47,11,135,43,114,112,117,96,103,123,122,34" hai3="74,36,126,35,66,109,19,20,29,77,23,10,53"/><V46/><F34/><W26/><G36/><T22/><D120/><N who="2" m="46122" /><F47/><W95/><G74/><T54/><D79/><U30/><E111/><V121/><F117/><W102/><G77/><T85/><D133/><U5/><E134/><V89/><F89/><W127/><G66/><T98/><D38/><U73/><E131/><V63/><F63/><W12/><G53/><T7/><D37/><U128/><E128/><V132/><F46/><W31/><G109/><T108/><D108/><U75/><E40/><V28/><F43/><W87/><G87/><T9/><D0/><U125/><E30/><V93/><F28/><W115/><G115/><N who="2" m="44073" /><F121/><W16/><G31/><T64/><D64/><U94/><E104/><N who="2" m="63591" /><F11/><W129/><G129/><T39/><D39/><U110/><E110/><V55/><F55/><W68/><G68/><T107/><D22/><U88/><E6/><V33/><F2/><W118/><G118/><T52/><D54/><U80/><E70/><V113/><F33/><W130/><G130/><T56/><D59/><U100/><E62/><V116/><F116/><W76/><G19/><T86/><D42/><U83/><REACH who="1" step="1"/><E88/><REACH who="1" ten="214,275,234,267" step="2"/><V57/><F113/><W21/><G76/><T1/><D41/><U78/><E78/><V82/><F82/><W58/><G29/><T119/><D119/><U101/><E101/><V84/><F93/><W65/><G35/><T4/><D107/><U105/><E105/><V49/><F84/><W27/><G95/><T14/><D7/><U60/><E60/><V50/><F50/><W24/><G102/><N who="0" m="60743" /><D86/><U17/><E17/><V18/><F18/><RYUUKYOKU ba="2,1" sc="214,0,275,0,234,0,267,0" hai0="1,3,4,9,14,52,56,61,85,91" hai1="5,8,15,73,75,80,81,83,94,97,100,124,125" hai2="49,57,132,135" hai3="10,12,16,20,21,23,24,26,27,58,65,126,127" /><INIT seed="2,3,1,0,0,103" ten="214,275,234,267" oya="2" hai0="92,115,74,19,81,23,25,16,22,84,14,105,133" hai1="72,85,61,65,80,108,113,73,94,91,117,20,11" hai2="30,60,127,53,89,69,9,62,76,54,93,49,75" hai3="38,78,111,129,55,97,15,51,131,110,134,122,5"/><V104/><F104/><W56/><G78/><T107/><D115/><U59/><E113/><V1/><F127/><W126/><G97/><T66/><D133/><U57/><E117/><V101/><F101/><W21/><G21/><T119/><D119/><U45/><E108/><N who="3" m="41514" /><G5/><T44/><D66/><U112/><E112/><V32/><F32/><W58/><G15/><T102/><D44/><U67/><E45/><V124/><F30/><W8/><G8/><T43/><D43/><U12/><E20/><V99/><F69/><W35/><G35/><T48/><D48/><U95/><E72/><V100/><F54/><W64/><G122/><T18/><D18/><U106/><E106/><N who="2" m="63775" /><F9/><W86/><G86/><T31/><D31/><U82/><E73/><V114/><F1/><W63/><G134/><T96/><D74/><U26/><E26/><V88/><F89/><AGARI ba="3,1" hai="14,16,19,22,23,25,81,84,89,92,96,102,105,107" machi="89" ten="30,7700,0" yaku="7,1,52,2,54,1" doraHai="103" who="0" fromWho="2" sc="214,96,275,0,234,-86,267,0" /><INIT seed="3,0,0,3,5,105" ten="310,275,148,267" oya="3" hai0="14,73,106,93,68,114,11,41,119,46,74,82,5" hai1="6,49,24,22,66,122,135,127,30,108,89,1,70" hai2="52,53,18,13,65,132,33,67,63,101,78,97,134" hai3="7,38,27,8,118,26,21,94,133,131,19,79,60"/><W4/><G118/><T71/><D106/><U83/><E122/><V20/><F33/><W104/><G104/><T32/><D32/><U76/><E108/><V128/><F128/><W110/><G38/><T91/><D119/><U59/><E127/><V12/><F78/><W34/><G94/><T28/><D28/><U80/><E135/><N who="2" m="51755" /><F67/><W69/><G133/><T81/><D114/><U123/><E123/><V55/><F12/><W29/><G131/><T115/><D115/><U109/><E109/><V96/><F101/><W57/><G69/><AGARI ba="0,0" hai="13,18,20,52,53,55,63,65,69,96,97" m="51755" machi="69" ten="30,2000,0" yaku="20,1,54,1" doraHai="105" who="2" fromWho="3" sc="310,0,275,0,148,20,267,-20" /><INIT seed="4,0,0,0,2,18" ten="310,275,168,247" oya="0" hai0="32,133,85,115,113,52,35,91,47,31,120,76,121" hai1="118,55,49,70,72,64,132,45,95,14,11,134,69" hai2="97,44,21,20,124,30,107,19,8,93,81,90,34" hai3="131,127,103,43,128,87,125,96,28,41,74,116,6"/><T98/><D76/><U53/><E72/><V2/><F107/><W29/><G74/><T75/><D75/><U77/><E77/><V38/><F124/><N who="3" m="47691" /><G87/><T129/><D98/><U12/><E118/><V5/><F81/><W1/><G1/><T15/><D129/><N who="3" m="49737" /><G6/><T10/><D31/><N who="3" m="11849" /><G116/><T71/><D71/><U68/><E64/><V78/><F78/><W117/><G117/><T109/><D85/><U37/><E37/><V61/><F19/><W3/><G3/><T39/><D39/><U36/><E36/><V42/><REACH who="2" step="1"/><F61/><REACH who="2" ten="310,275,158,247" step="2"/><W123/><G123/><T102/><D120/><U135/><E95/><AGARI ba="0,1" hai="41,43,95,96,103" m="11849,49737,47691" machi="95" ten="30,2000,0" yaku="18,1,19,1" doraHai="18" who="3" fromWho="1" sc="310,0,275,-20,158,0,247,30" /><INIT seed="5,0,0,2,5,128" ten="310,255,158,277" oya="1" hai0="108,15,2,8,77,88,45,109,7,68,122,74,99" hai1="19,14,90,25,70,55,29,127,79,23,64,123,37" hai2="53,113,62,3,10,42,58,103,78,38,97,44,92" hai3="121,135,34,126,51,22,36,73,134,89,100,105,116"/><U94/><E123/><V72/><F113/><W118/><G34/><T21/><D68/><U48/><E127/><V43/><F43/><W115/><G36/><T112/><D112/><U86/><E37/><V101/><F72/><W85/><G115/><T69/><D69/><U31/><E79/><V54/><F78/><W13/><G73/><T76/><D122/><U87/><E87/><V98/><F3/><W131/><G131/><T60/><D74/><U133/><E133/><N who="3" m="50698" /><G121/><T125/><D125/><U52/><E31/><V71/><F71/><W30/><G51/><T61/><D2/><U5/><E5/><V95/><REACH who="2" step="1"/><F10/><REACH who="2" ten="310,255,148,277" step="2"/><W102/><G126/><T26/><D109/><U46/><E70/><V96/><F96/><W6/><G118/><T4/><D108/><U84/><E84/><V104/><F104/><W119/><G105/><T0/><D77/><U110/><E110/><V11/><F11/><W91/><G119/><T129/><D76/><U93/><E86/><V41/><F41/><W81/><G116/><T33/><D0/><U39/><E39/><V82/><F82/><W18/><G85/><T27/><D129/><U16/><E93/><V117/><F117/><W12/><G81/><T56/><D99/><U50/><E94/><V67/><AGARI ba="0,1" hai="38,42,44,53,54,58,62,67,92,95,97,98,101,103" machi="67" ten="20,5200,0" yaku="1,1,0,1,7,1,9,1,53,0" doraHai="128" doraHaiUra="1" who="2" fromWho="2" sc="310,-13,255,-26,148,62,277,-13" /><INIT seed="6,0,0,2,3,27" ten="297,229,210,264" oya="2" hai0="85,34,10,110,122,6,35,33,114,44,83,5,124" hai1="104,36,23,70,73,56,92,40,48,121,79,71,64" hai2="43,103,0,88,108,98,31,117,46,123,129,42,96" hai3="90,58,29,2,18,115,53,130,91,66,26,50,93"/><V39/><F117/><W17/><G2/><T4/><D122/><U59/><E104/><V126/><F123/><W8/><G130/><T9/><D110/><U97/><E121/><V7/><F129/><W112/><G66/><T52/><D124/><U131/><E131/><V61/><F126/><W32/><G91/><T51/><REACH who="0" step="1"/><D114/><REACH who="0" ten="287,229,210,264" step="2"/><N who="3" m="43561" /><G8/><T134/><D134/><U67/><E71/><V133/><F108/><W82/><G82/><T113/><D113/><U80/><E70/><V95/><F133/><W14/><G14/><T63/><D63/><U72/><E80/><V25/><F61/><W16/><G17/><T118/><D118/><U101/><E72/><V3/><F7/><W99/><AGARI ba="0,1" hai="16,18,26,29,32,50,53,58,90,93,99" m="43561" machi="99" ten="30,7900,0" yaku="15,1,11,1,52,1,54,1" doraHai="27" who="3" fromWho="3" sc="287,-20,229,-20,210,-39,264,89" /><INIT seed="7,0,0,3,1,8" ten="267,209,171,353" oya="3" hai0="54,117,1,85,103,74,57,37,7,59,127,99,69" hai1="53,10,90,93,87,61,4,50,48,64,108,38,29" hai2="77,19,47,109,86,100,63,102,97,94,16,0,41" hai3="113,27,120,123,13,132,112,82,20,46,26,79,114"/><W125/><G132/><T32/><D74/><U24/><E108/><V25/><F109/><W107/><G107/><T110/><D110/><U17/><E38/><V15/><F0/><W134/><G125/><T104/><D117/><U89/><E17/><V18/><F25/><W106/><G106/><T95/><D69/><U23/><E53/><V14/><F100/><W3/><G3/><T121/><D121/><U45/><E45/><V135/><F135/><W28/><G134/><T21/><D32/><U130/><E89/><V128/><F128/><W119/><G119/><T68/><D68/><U84/><E84/><V36/><REACH who="2" step="1"/><F63/><REACH who="2" ten="267,209,161,353" step="2"/><W96/><G27/><T115/><D1/><U92/><E130/><V122/><F122/><W111/><G111/><T71/><D103/><U39/><E61/><V43/><F43/><W73/><G123/><T49/><D127/><U83/><E24/><V11/><F11/><W126/><G126/><T75/><D21/><U72/><E10/><V91/><F91/><W118/><G118/><T2/><D2/><U78/><E23/><V129/><F129/><W30/><G26/><T124/><D124/><U22/><E22/><V12/><F12/><W31/><G120/><T76/><D76/><U44/><E90/><V70/><F70/><W65/><G20/><T40/><D71/><U101/><E101/><V56/><F56/><W58/><G58/><T88/><D59/><U9/><E9/><V66/><F66/><W80/><G65/><T6/><D40/><U116/><E64/><V52/><F52/><W34/><G79/><T67/><D67/><RYUUKYOKU ba="0,1" sc="267,-10,209,-10,161,30,353,-10" hai2="14,15,16,18,19,36,41,47,77,86,94,97,102" owari="257,6.0,199,-20.0,191,-31.0,353,45.0" /></mjloggm>