<mjloggm ver="2.3"><GO type="169" lobby="0"/><UN n0="%E3%81%82%E3%83%BC%E3%82%8B%E3%81%97%E3%81%A6%E3%83%BC" n1="%74%6F%72%69%30%36%31%32" n2="%73%68%6F%6B%6F%6C%61%32" n3="%E5%BA%83%E5%B3%B6%E3%81%AE%E7%A8%AE%E9%A6%AC" dan="16,17,17,18" rate="2034.79,2168.15,2136.20,2274.29" sx="M,M,M,M"/><TAIKYOKU oya="0"/><INIT seed="0,0,0,5,1,72" ten="250,250,250,250" oya="0" hai0="80,102,42,44,86,98,93,40,36,26,32,122,116" hai1="92,4,97,15,110,54,14,0,29,103,67,94,90" hai2="133,100,64,127,128,41,101,48,22,84,9,107,120" hai3="88,78,123,51,104,129,8,117,49,21,126,20,114"/><T113/><D122/><U23/><E110/><V96/><F120/><W74/><G114/><T37/><D116/><U130/><E130/><V82/><F64/><W39/><G117/><T43/><D113/><U16/><E29/><V25/><F128/><W99/><G39/><T3/><D3/><U33/><E33/><V62/><F101/><W70/><G70/><T38/><D32/><U30/><E30/><V125/><F62/><W76/><G74/><T52/><D26/><U35/><E35/><V18/><F133/><W55/><G129/><T63/><D63/><U69/><E67/><V65/><F65/><W105/><G123/><T75/><D75/><U91/><E0/><V118/><F118/><W13/><G126/><T12/><D12/><U115/><E69/><V111/><F111/><W108/><G51/><T60/><D60/><U10/><E115/><V135/><F135/><W57/><G105/><T61/><D61/><U11/><E54/><V119/><F119/><W68/><G104/><T27/><D27/><N who="1" m="14823" /><E94/><V77/><REACH who="2" step="1"/><F9/><REACH who="2" ten="250,250,240,250" step="2"/><W58/><G108/><T132/><D132/><U121/><E121/><V112/><F112/><W45/><G68/><T46/><D38/><U81/><E11/><V28/><F28/><W106/><G106/><T31/><D31/><U2/><E103/><V6/><F6/><N who="3" m="3223" /><G21/><T47/><D37/><U19/><E19/><V34/><F34/><W131/><G20/><T109/><D36/><U1/><E1/><V7/><F7/><W124/><G131/><T83/><D109/><U5/><E5/><V85/><F85/><W50/><G124/><RYUUKYOKU ba="0,1" sc="250,-15,250,15,240,15,250,-15" hai1="2,4,10,14,15,81,90,91,92,97" hai2="18,22,25,41,48,77,82,84,96,100,107,125,127" /><INIT seed="1,1,1,2,5,84" ten="235,265,255,235" oya="1" hai0="12,11,56,42,30,10,39,95,13,119,0,78,46" hai1="34,132,117,18,79,82,35,105,111,50,116,47,70" hai2="120,97,6,4,40,130,80,87,100,124,2,26,77" hai3="14,118,114,16,129,81,32,76,54,112,83,90,31"/><U7/><E105/><V72/><F120/><W52/><G129/><T37/><D37/><U28/><E70/><V106/><F130/><W27/><G118/><T128/><D119/><U125/><E125/><V103/><F103/><W133/><G133/><T43/><D43/><U91/><E132/><V73/><F124/><W108/><G108/><T65/><D128/><U123/><E7/><V64/><F64/><W88/><G112/><T38/><D38/><U25/><E35/><V60/><F60/><W55/><G114/><T3/><D30/><U113/><E123/><V94/><F40/><W115/><G115/><T51/><D78/><U8/><E113/><V29/><F2/><W110/><G110/><T21/><D21/><U99/><E111/><V96/><F73/><W15/><G15/><T17/><D95/><U92/><E18/><V104/><F104/><W134/><G134/><T107/><D107/><U53/><REACH who="1" step="1"/><E8/><REACH who="1" ten="235,255,255,235" step="2"/><V98/><F72/><AGARI ba="1,2" hai="25,28,34,47,50,53,72,79,82,91,92,99,116,117" machi="72" ten="30,11600,0" yaku="1,1,2,1,7,1,52,1,53,0" doraHai="84" doraHaiUra="58" who="1" fromWho="2" sc="235,0,255,139,255,-119,235,0" /><INIT seed="1,2,0,2,3,30" ten="235,394,136,235" oya="1" hai0="50,98,51,71,72,123,111,97,56,76,109,100,103" hai1="17,46,53,116,91,70,74,82,60,121,125,14,69" hai2="49,15,119,48,57,4,11,81,128,20,32,117,68" hai3="96,102,130,67,64,106,54,127,34,115,18,40,114"/><U55/><E121/><V87/><F68/><W22/><G130/><T16/><D123/><U61/><E116/><V2/><F128/><W36/><G127/><T1/><D1/><U63/><E125/><V80/><F80/><W86/><G34/><T21/><D71/><U134/><E134/><V41/><F49/><W99/><G54/><N who="0" m="31831" /><D51/><N who="1" m="28919" /><E55/><V104/><F104/><W83/><G99/><N who="0" m="37899" /><D76/><U113/><E74/><V28/><F57/><W90/><G114/><T73/><D73/><U126/><E113/><V44/><F2/><W120/><G115/><T124/><D72/><U84/><E126/><V9/><F9/><AGARI ba="2,0" hai="9,14,17,60,61,63,69,70,82,84,91" m="28919" machi="9" ten="30,1500,0" yaku="25,1" doraHai="30" who="1" fromWho="2" sc="235,0,394,21,136,-21,235,0" /><INIT seed="1,3,0,0,3,74" ten="235,415,115,235" oya="1" hai0="12,29,42,122,34,108,60,38,93,43,44,135,97" hai1="46,102,100,21,47,31,95,103,117,41,89,109,36" hai2="81,126,4,119,54,88,129,37,112,62,79,33,40" hai3="77,123,22,84,19,87,94,56,86,26,133,28,63"/><U78/><E117/><V92/><F119/><W91/><G133/><T48/><D108/><U70/><E70/><V132/><F132/><W75/><G123/><T53/><D135/><U134/><E134/><V11/><F33/><W25/><G75/><T69/><D122/><U90/><E109/><V8/><F129/><W118/><G118/><T30/><D34/><U99/><E47/><V61/><F126/><W101/><G101/><T116/><D116/><U17/><E31/><V64/><F54/><W71/><G71/><T58/><D12/><U18/><E90/><V98/><F112/><W80/><G86/><T27/><D27/><U35/><E35/><V0/><F11/><W3/><G3/><T55/><D42/><U59/><E59/><V73/><F64/><W20/><G56/><T49/><D49/><U16/><REACH who="1" step="1"/><E78/><REACH who="1" ten="235,405,115,235" step="2"/><V57/><REACH who="2" step="1"/><F57/><REACH who="2" ten="235,405,105,235" step="2"/><W76/><G63/><T9/><D58/><U5/><E5/><V65/><F65/><W113/><G113/><T131/><D60/><U83/><E83/><V14/><F14/><AGARI ba="3,2" hai="14,16,17,18,21,36,41,46,89,95,99,100,102,103" machi="14" ten="40,3900,0" yaku="1,1,54,1,53,0" doraHai="74" doraHaiUra="106" who="1" fromWho="2" sc="235,0,405,68,105,-48,235,0" /><INIT seed="1,4,0,3,3,27" ten="235,473,57,235" oya="1" hai0="84,25,122,107,8,15,60,72,97,69,117,89,86" hai1="101,129,47,87,5,3,57,42,7,73,103,65,24" hai2="18,58,106,29,108,50,91,123,134,10,35,34,22" hai3="54,125,110,93,31,83,99,94,74,28,114,23,13"/><U9/><E73/><V113/><F123/><W30/><G114/><T51/><D117/><U127/><E127/><V11/><F106/><W59/><G125/><T48/><D122/><U43/><E129/><V64/><F113/><W41/><G110/><T46/><D72/><U1/><E87/><V6/><F108/><W77/><G41/><T0/><D0/><U82/><E82/><V104/><F104/><W14/><G23/><T115/><D115/><U126/><E126/><V79/><F79/><W96/><G94/><T20/><D69/><U109/><E109/><V92/><F134/><W95/><G93/><T71/><D71/><U26/><E57/><V88/><F91/><W19/><G19/><T102/><D60/><U135/><E65/><V33/><F11/><W53/><G96/><T40/><D51/><U49/><E135/><V128/><F128/><W120/><G54/><T130/><D89/><U55/><E55/><V52/><F64/><W116/><G116/><T37/><D37/><U62/><E43/><V78/><F78/><W63/><REACH who="3" step="1"/><G120/><REACH who="3" ten="235,473,57,225" step="2"/><T131/><D130/><U90/><E42/><V112/><F112/><W133/><G133/><T121/><D131/><U61/><E7/><V21/><F18/><W105/><G105/><T76/><D121/><U132/><E5/><V70/><F21/><W16/><G16/><N who="0" m="12423" /><D76/><U68/><E132/><V75/><F22/><W124/><G124/><T36/><D36/><U38/><E38/><V4/><F52/><W67/><G67/><T45/><D45/><U56/><E47/><V118/><F118/><W66/><G66/><RYUUKYOKU ba="4,1" sc="235,15,473,-15,57,-15,225,15" hai0="8,15,40,46,48,84,86,97,102,107" hai3="13,14,28,30,31,53,59,63,74,77,83,95,99" /><INIT seed="2,5,1,4,4,3" ten="250,458,42,240" oya="2" hai0="49,84,31,0,75,107,73,95,1,51,135,86,25" hai1="18,133,2,53,111,5,29,61,52,106,43,67,16" hai2="110,12,116,4,129,17,71,22,117,88,27,69,8" hai3="79,120,28,89,112,33,76,94,20,100,99,109,64"/><V70/><F129/><W82/><G33/><T9/><D107/><U115/><E106/><V60/><F110/><W125/><G120/><T32/><D135/><U15/><E115/><V24/><F60/><W126/><G64/><T90/><D86/><U113/><E113/><V45/><F27/><N who="3" m="16487" /><G109/><T131/><D131/><U132/><E29/><V58/><F58/><W10/><G10/><T14/><D51/><U85/><E2/><V80/><REACH who="2" step="1"/><F45/><REACH who="2" ten="250,458,32,240" step="2"/><W44/><G44/><T6/><D1/><U39/><E111/><V93/><F93/><N who="3" m="58479" /><G112/><T74/><D0/><U47/><E133/><V23/><F23/><W77/><G126/><T96/><D49/><U97/><E132/><V7/><F7/><W101/><G125/><T41/><D41/><U35/><E35/><V13/><F13/><W130/><G130/><T91/><D73/><U122/><E5/><V68/><N who="2" m="17408" /><DORA hai="56" /><V102/><F102/><W50/><G101/><T66/><REACH who="0" step="1"/><D66/><REACH who="0" ten="240,458,32,240" step="2"/><U124/><E67/><V34/><F34/><W104/><G50/><T42/><D42/><U121/><E43/><V127/><F127/><W105/><G105/><T30/><D30/><U92/><E124/><V48/><F48/><W72/><G104/><T21/><D21/><U57/><E47/><V78/><F78/><W19/><G77/><T118/><D118/><U46/><E46/><V123/><F123/><W37/><G79/><T59/><D59/><U134/><E57/><V54/><F54/><W63/><G76/><T128/><D128/><U62/><E122/><V114/><F114/><W119/><G72/><T98/><D98/><RYUUKYOKU ba="5,3" sc="240,15,458,-15,32,15,240,-15" hai0="6,9,14,25,31,32,74,75,84,90,91,95,96" hai2="4,8,12,17,22,24,80,88,116,117" /><INIT seed="2,6,3,5,4,112" ten="255,443,47,225" oya="2" hai0="16,133,36,98,19,17,117,5,127,86,87,106,12" hai1="14,90,24,111,74,56,70,13,94,20,28,55,110" hai2="31,18,88,8,75,103,119,52,92,11,4,69,78" hai3="43,80,57,46,35,125,128,68,21,60,53,30,10"/><V64/><F31/><W81/><G35/><T114/><D114/><U62/><E74/><V93/><F103/><W67/><G128/><T38/><D127/><U115/><E70/><V65/><F75/><W48/><G125/><T121/><D121/><U99/><E115/><V123/><F78/><W120/><G120/><T83/><D133/><U100/><E90/><V129/><F129/><W41/><G10/><T124/><D124/><U85/><E85/><V126/><F126/><W134/><G134/><T1/><D1/><U37/><E37/><V39/><F39/><N who="3" m="21823" /><G43/><T44/><D44/><U79/><E79/><V97/><F69/><W118/><G118/><T34/><D34/><U105/><E105/><V26/><F119/><W22/><G30/><T27/><D38/><U42/><E42/><V96/><F123/><W109/><G109/><AGARI ba="6,3" hai="13,14,20,24,28,55,56,62,94,99,100,109,110,111" machi="109" ten="40,1300,0" yaku="14,1" doraHai="112" who="1" fromWho="3" sc="255,0,443,61,47,0,225,-31" /><INIT seed="3,0,0,1,2,9" ten="255,504,47,194" oya="3" hai0="51,84,21,108,70,20,2,3,103,56,101,63,29" hai1="47,79,86,23,0,87,102,126,6,118,50,110,80" hai2="58,64,14,4,107,34,33,35,91,124,73,16,53" hai3="130,120,32,18,69,100,128,131,119,55,7,129,67"/><W95/><G120/><T49/><D70/><U115/><E115/><V104/><F73/><W17/><G119/><T94/><D108/><U83/><E126/><V13/><F124/><W77/><G32/><T8/><D3/><U44/><E110/><V62/><F91/><W127/><G127/><T1/><D1/><U90/><E102/><V106/><F4/><W59/><G7/><T122/><D122/><U40/><E118/><V85/><F85/><W11/><G77/><T52/><D2/><U19/><E44/><V65/><REACH who="2" step="1"/><F14/><REACH who="2" ten="255,504,37,194" step="2"/><N who="3" m="7391" /><G128/><T57/><D84/><U105/><E6/><V81/><F81/><W114/><G114/><T93/><D101/><U5/><E5/><V78/><F78/><W89/><G100/><T48/><D103/><U117/><E0/><V12/><F12/><W37/><G129/><T39/><D8/><AGARI ba="0,1" hai="8,13,16,33,34,35,53,58,62,64,65,104,106,107" machi="8" ten="50,6400,0" yaku="1,1,52,1,54,1,53,0" doraHai="9" doraHaiUra="96" who="2" fromWho="0" sc="255,-64,504,0,37,74,194,0" /><INIT seed="4,0,0,3,4,57" ten="191,504,111,194" oya="0" hai0="73,14,47,12,135,2,124,131,70,40,15,36,28" hai1="41,23,120,11,63,128,38,114,7,51,55,8,9" hai2="77,22,96,108,32,101,26,4,74,104,90,45,34" hai3="46,126,133,99,5,19,53,25,17,37,105,3,134"/><T24/><D73/><U82/><E120/><V115/><F115/><W116/><G116/><T0/><D131/><U86/><E38/><V80/><F108/><W33/><G126/><T44/><D124/><U35/><E35/><V66/><F4/><W79/><G79/><T75/><D135/><U89/><E114/><V61/><F45/><W52/><G3/><T83/><D70/><U13/><E128/><V42/><F42/><W56/><G5/><T121/><D121/><U107/><E107/><V30/><REACH who="2" step="1"/><F90/><REACH who="2" ten="191,504,101,194" step="2"/><W68/><G46/><T1/><D44/><U93/><E41/><V95/><F95/><W127/><G127/><T129/><D129/><U109/><E7/><V6/><F6/><W81/><G133/><T78/><REACH who="0" step="1"/><D0/><REACH who="0" ten="181,504,101,194" step="2"/><U87/><E109/><V106/><F106/><W60/><G105/><T50/><D50/><U110/><E51/><V125/><F125/><W88/><G134/><T98/><D98/><U97/><E110/><V43/><F43/><W91/><G99/><T102/><D102/><U113/><E113/><V62/><F62/><W64/><G60/><T18/><D18/><N who="1" m="10703" /><E97/><V31/><F31/><W67/><G17/><T92/><D92/><U94/><E94/><V103/><F103/><W54/><G19/><T49/><D49/><U132/><E132/><V119/><F119/><W71/><G37/><T58/><D58/><AGARI ba="0,2" hai="22,26,30,32,34,58,61,66,74,77,80,96,101,104" machi="58" ten="30,3900,0" yaku="1,1,7,1,52,1,53,0" doraHai="57" doraHaiUra="112" who="2" fromWho="0" sc="181,-39,504,0,101,59,194,0" /><INIT seed="5,0,0,5,2,65" ten="142,504,160,194" oya="1" hai0="51,74,102,122,84,105,20,124,71,77,25,96,66" hai1="93,112,119,91,10,69,13,85,67,7,53,99,44" hai2="46,49,118,135,17,18,80,9,40,58,83,16,59" hai3="133,108,70,27,54,98,62,35,103,132,5,104,107"/><U8/><E119/><V88/><F118/><W117/><G108/><T95/><D124/><U19/><E112/><V11/><F135/><W42/><G117/><T90/><D122/><U123/><E123/><V73/><F73/><W37/><G54/><T127/><D127/><U100/><E67/><V101/><F101/><W55/><G55/><T21/><D51/><U131/><E69/><V36/><F36/><W87/><G87/><T29/><D21/><U41/><E53/><V64/><F64/><N who="3" m="41239" /><G5/><T129/><D129/><U110/><E131/><V78/><F83/><W23/><G23/><T72/><REACH who="0" step="1"/><D77/><REACH who="0" ten="132,504,160,194" step="2"/><U128/><E128/><V39/><F78/><W97/><G37/><T30/><D30/><U60/><E110/><V125/><F39/><W22/><G22/><T76/><D76/><U38/><E60/><AGARI ba="0,1" hai="20,25,29,60,66,71,72,74,84,90,95,96,102,105" machi="60" ten="40,2600,0" yaku="1,1,52,1,53,0" doraHai="65" doraHaiUra="28" who="0" fromWho="1" sc="132,36,504,-26,160,0,194,0" /><INIT seed="6,0,0,3,1,35" ten="168,478,160,194" oya="2" hai0="76,48,114,80,106,34,27,110,101,61,89,63,79" hai1="4,131,88,111,107,77,10,33,58,15,19,102,59" hai2="21,81,25,28,20,87,72,32,57,96,37,133,116" hai3="85,30,108,119,115,38,46,97,113,22,9,130,7"/><V51/><F116/><W29/><G108/><T2/><D2/><U67/><E33/><V98/><F37/><W121/><G121/><T93/><D114/><N who="3" m="43529" /><G130/><T53/><D110/><U135/><E135/><V109/><F72/><W26/><G85/><N who="0" m="50343" /><D106/><U41/><E77/><N who="0" m="29769" /><D34/><U78/><E78/><V70/><F70/><W55/><G119/><T71/><D27/><U49/><E131/><V123/><F123/><W17/><G97/><N who="0" m="59567" /><D71/><U90/><E111/><V83/><F133/><W45/><G38/><T39/><D39/><U84/><E67/><V18/><F32/><N who="3" m="20535" /><G30/><T5/><D5/><U54/><E107/><V47/><F57/><AGARI ba="0,0" hai="48,53,57,61,63" m="59567,29769,50343" machi="57" ten="30,1000,0" yaku="8,1" doraHai="35" who="0" fromWho="2" sc="168,10,478,0,160,-10,194,0" /><INIT seed="7,0,0,1,4,115" ten="178,478,150,194" oya="3" hai0="113,114,49,123,104,92,9,41,44,52,97,100,2" hai1="108,62,21,120,23,131,17,60,4,90,68,112,58" hai2="38,82,70,127,109,134,36,16,69,80,135,73,98" hai3="53,64,106,11,59,27,85,57,76,8,107,128,105"/><W42/><G42/><T15/><D123/><U24/><E108/><V13/><F109/><W79/><G27/><T51/><D2/><U0/><E131/><V7/><F7/><W102/><G102/><T47/><REACH who="0" step="1"/><D104/><REACH who="0" ten="168,478,150,194" step="2"/><U111/><E120/><V61/><F127/><W96/><G106/><T88/><D88/><U56/><E68/><V48/><F70/><W84/><G107/><T126/><D126/><U129/><E111/><V81/><F69/><W54/><G105/><T6/><AGARI ba="0,1" hai="6,9,15,41,44,47,49,51,52,92,97,100,113,114" machi="6" ten="30,4000,0" yaku="1,1,0,1,54,1,53,0" doraHai="115" doraHaiUra="14" who="0" fromWho="0" sc="168,50,478,-10,150,-10,194,-20" owari="218,2.0,468,57.0,140,-36.0,174,-23.0" /></mjloggm>