<mjloggm ver="2.3"><GO type="169" lobby="0"/><UN n0="%61%72%6D%65%64" n1="%53%63%61%6E%64%61%6C" n2="%E3%81%86%E3%81%A9%E3%82%93%E3%81%93" n3="%E3%81%86%E3%81%AA%E3%81%8E%E9%BA%BA" dan="16,17,16,16" rate="2084.33,2199.21,2162.22,2045.75" sx="M,M,M,M"/><TAIKYOKU oya="0"/><INIT seed="0,0,0,2,5,77" ten="250,250,250,250" oya="0" hai0="72,61,9,21,39,70,20,57,101,126,103,76,17" hai1="1,85,54,110,23,19,24,4,7,28,79,13,58" hai2="90,102,123,91,131,74,65,51,10,41,113,124,84" hai3="0,27,63,29,31,97,132,46,49,40,50,116,118"/><T35/><D35/><U86/><E110/><V105/><F74/><W117/><G132/><T38/><D70/><U125/><E125/><V133/><F113/><W12/><G0/><T47/><D21/><U45/><E45/><V73/><F73/><W130/><G130/><T32/><D32/><U53/><E54/><V83/><F123/><W99/><G50/><T129/><D9/><U5/><E1/><V135/><F131/><W64/><G12/><T92/><D126/><U106/><E106/><V56/><F124/><W55/><G40/><T108/><D108/><U127/><E79/><V52/><F41/><W134/><G134/><N who="2" m="51209" /><F65/><W36/><G36/><T37/><D92/><U44/><E44/><V14/><F102/><W78/><G78/><T67/><D47/><U22/><REACH who="1" step="1"/><E127/><REACH who="1" ten="250,240,250,250" step="2"/><V62/><F105/><W107/><G107/><T68/><D129/><U95/><E95/><V43/><F43/><W96/><REACH who="3" step="1"/><G27/><REACH who="3" ten="250,240,250,240" step="2"/><T104/><D104/><U71/><E71/><AGARI ba="0,2" hai="29,31,46,49,55,63,64,71,96,97,99,116,117,118" machi="71" ten="50,3200,0" yaku="1,1,2,1,53,0" doraHai="77" doraHaiUra="18" who="3" fromWho="1" sc="250,0,240,-32,250,0,240,52" /><INIT seed="1,0,0,5,0,30" ten="250,208,250,292" oya="1" hai0="46,53,110,73,85,102,17,12,96,49,105,61,69" hai1="76,29,131,35,68,63,62,120,56,91,81,78,24" hai2="98,37,82,59,135,54,6,126,104,28,77,16,21" hai3="42,86,108,45,84,9,26,10,55,132,52,4,22"/><U97/><E120/><V95/><F104/><W128/><G108/><T32/><D73/><U118/><E118/><V80/><F135/><W0/><G132/><T40/><D110/><U117/><E117/><V99/><F37/><W115/><G128/><T47/><D85/><U44/><E131/><V111/><F111/><W60/><G115/><T8/><D69/><U14/><E44/><V36/><F36/><W74/><G74/><T11/><D11/><U79/><E68/><V34/><F6/><W66/><G10/><T65/><D65/><U121/><E121/><V94/><F126/><W100/><G100/><T2/><D2/><U41/><E41/><V122/><F28/><W5/><G5/><T113/><D113/><U93/><E14/><V7/><F7/><W114/><G86/><T127/><D127/><U107/><E107/><V50/><F34/><W134/><G84/><T48/><REACH who="0" step="1"/><D61/><REACH who="0" ten="240,208,250,292" step="2"/><U83/><REACH who="1" step="1"/><E63/><REACH who="1" ten="240,198,250,292" step="2"/><V75/><F122/><W87/><G114/><T23/><D23/><U3/><E3/><V89/><F21/><W31/><G134/><T112/><D112/><U64/><AGARI ba="0,2" hai="24,29,35,56,62,64,76,78,79,81,83,91,93,97" machi="64" ten="30,6000,0" yaku="1,1,0,1,52,1,53,0" doraHai="30" doraHaiUra="43" who="1" fromWho="1" sc="240,-20,198,80,250,-20,292,-20" /><INIT seed="1,1,0,4,5,96" ten="220,278,230,272" oya="1" hai0="94,15,118,74,93,46,87,43,107,29,47,25,52" hai1="83,116,18,13,127,7,72,92,84,26,130,8,32" hai2="68,34,132,121,133,12,37,19,79,17,4,86,77" hai3="49,5,129,41,40,108,57,82,81,101,14,24,6"/><U22/><E116/><V64/><F37/><W65/><G108/><T70/><D107/><U11/><E130/><V3/><F34/><W66/><G129/><T63/><D74/><U51/><E127/><V39/><F39/><W55/><G24/><T131/><D131/><U117/><E117/><V112/><F121/><W23/><G23/><T89/><D70/><U21/><E72/><V105/><F105/><W100/><G66/><T27/><D27/><U60/><E92/><V78/><F112/><W28/><G28/><T125/><D125/><U110/><E110/><V122/><F122/><W2/><G65/><T20/><D15/><N who="1" m="5535" /><E32/><V50/><F3/><W48/><G2/><T10/><D10/><U75/><E60/><N who="2" m="39943" /><F50/><W0/><G0/><T128/><D128/><U44/><E75/><V123/><F123/><W58/><G55/><T95/><D118/><U67/><E67/><V31/><F31/><W53/><G53/><T30/><D30/><U113/><E113/><V106/><F106/><W73/><G73/><T109/><D109/><U102/><E102/><V16/><F4/><W97/><G97/><T91/><D91/><N who="1" m="51615" /><E26/><V90/><F12/><AGARI ba="1,0" hai="5,6,12,14,40,41,48,49,57,58,81,82,100,101" machi="12" ten="25,8000,1" yaku="22,2,8,1,52,2" doraHai="96" who="3" fromWho="2" sc="220,0,278,0,230,-83,272,83" /><INIT seed="2,0,0,4,5,67" ten="220,278,147,355" oya="2" hai0="130,0,74,56,5,64,131,22,98,78,13,77,18" hai1="111,97,41,105,9,70,34,109,20,32,76,88,113" hai2="23,3,57,122,135,73,87,38,14,85,16,48,133" hai3="84,120,27,94,40,72,1,65,49,119,43,96,71"/><V63/><F38/><W80/><G72/><T2/><D98/><U60/><E113/><V115/><F115/><W134/><G1/><T102/><D102/><U55/><E41/><V45/><F73/><W44/><G119/><T59/><D59/><U46/><E76/><V31/><F3/><W15/><G120/><T54/><D64/><N who="1" m="41223" /><E9/><V26/><F122/><W125/><G125/><T68/><D68/><U132/><E20/><V35/><F133/><W19/><G27/><T99/><D99/><U33/><E132/><V8/><F35/><W25/><G25/><T61/><D5/><U47/><E55/><V58/><F135/><W69/><G65/><T7/><D7/><U126/><E126/><V21/><F21/><W112/><G43/><T117/><D117/><U129/><E129/><N who="0" m="49161" /><D78/><U4/><E4/><V128/><F128/><W91/><G112/><T82/><AGARI ba="0,0" hai="0,2,13,18,22,54,56,61,74,77,82" m="49161" machi="82" ten="30,1100,0" yaku="19,1" doraHai="67" who="0" fromWho="0" sc="220,11,278,-3,147,-5,355,-3" /><INIT seed="3,0,0,5,4,123" ten="231,275,142,352" oya="3" hai0="98,25,1,31,97,110,122,129,99,10,24,5,101" hai1="39,22,32,107,42,115,2,126,27,116,26,131,102" hai2="36,62,57,76,41,133,128,109,55,8,95,81,64" hai3="68,93,84,53,65,125,91,49,71,11,88,132,50"/><W14/><G125/><T120/><D129/><U78/><E22/><V70/><F128/><W16/><G132/><T61/><D101/><U67/><E78/><V114/><F114/><W37/><G37/><T9/><D25/><U20/><E67/><V47/><F133/><W113/><G113/><T4/><D61/><U86/><E20/><V83/><F109/><W87/><G65/><T111/><D120/><U73/><E86/><V124/><F124/><W80/><G50/><T54/><D54/><U3/><E27/><V21/><F21/><W118/><G118/><T135/><D135/><U45/><E26/><V112/><F112/><W12/><G12/><T40/><D40/><U17/><E102/><V89/><F8/><W74/><G74/><T134/><D122/><U59/><E42/><V85/><F76/><W56/><AGARI ba="0,0" hai="11,14,16,49,53,56,68,71,80,84,87,88,91,93" machi="56" ten="20,7800,0" yaku="0,1,7,1,54,2" doraHai="123" who="3" fromWho="3" sc="231,-26,275,-26,142,-26,352,78" /><INIT seed="3,1,0,5,0,50" ten="205,249,116,430" oya="3" hai0="27,102,113,61,94,1,74,107,109,8,47,2,118" hai1="52,49,11,19,63,56,54,22,95,51,13,40,6" hai2="79,117,57,126,125,37,98,24,75,87,135,82,131" hai3="93,16,84,123,44,10,5,67,68,80,77,33,104"/><W70/><G104/><T34/><D118/><U39/><E39/><V91/><F37/><W43/><G123/><T72/><D107/><U106/><E106/><V116/><F24/><W32/><G67/><T103/><D34/><U134/><E134/><V73/><F57/><W71/><G93/><T55/><D27/><N who="1" m="14815" /><E40/><V100/><F135/><W20/><G10/><T133/><D2/><U62/><E95/><N who="2" m="58463" /><F131/><W115/><G5/><T18/><D94/><U111/><E111/><V23/><F23/><W41/><G115/><T9/><D102/><U28/><E28/><V124/><F91/><W86/><G84/><T30/><D103/><U129/><E129/><V58/><F58/><AGARI ba="1,0" hai="6,11,13,49,51,52,54,56,58,62,63" m="14815" machi="58" ten="30,7700,0" yaku="8,1,52,2,54,1" doraHai="50" who="1" fromWho="2" sc="205,0,249,80,116,-80,430,0" /><INIT seed="4,0,0,1,1,59" ten="205,329,36,430" oya="0" hai0="102,117,82,110,29,123,74,62,95,36,34,92,99" hai1="8,132,12,79,3,98,81,106,127,91,93,47,113" hai2="118,128,53,51,45,19,111,1,61,30,16,60,23" hai3="96,70,122,21,4,101,37,52,124,89,108,115,65"/><T112/><D117/><U15/><E132/><V39/><F111/><W50/><G37/><T67/><D123/><U72/><E127/><V134/><F134/><W7/><G108/><T109/><D112/><U17/><E113/><V76/><F1/><W116/><G116/><T11/><D36/><U130/><E130/><V25/><F128/><W63/><G115/><T22/><D92/><U135/><E135/><V2/><F2/><W35/><G35/><T126/><D126/><U55/><E106/><V83/><F118/><W69/><G69/><T5/><D34/><U125/><E3/><V32/><F39/><W85/><G21/><T86/><D74/><U43/><E125/><V77/><F77/><W100/><G124/><T10/><D10/><U105/><E15/><V49/><F51/><W73/><G73/><T90/><D11/><U6/><E105/><V9/><F9/><W33/><G33/><T87/><D87/><U58/><E47/><V38/><F38/><W129/><G129/><T78/><D5/><U42/><E6/><V68/><F68/><W56/><G101/><T66/><D66/><U20/><E8/><V114/><F114/><W13/><G13/><T131/><D131/><U26/><REACH who="1" step="1"/><E12/><REACH who="1" ten="205,319,36,430" step="2"/><V64/><F64/><W104/><G122/><T121/><D121/><U120/><E120/><V107/><F107/><W24/><G24/><T0/><D0/><U41/><E41/><V71/><F71/><W94/><AGARI ba="0,1" hai="4,7,50,52,56,63,65,70,85,89,94,96,100,104" machi="94" ten="20,5200,0" yaku="0,1,7,1,52,1,54,1" doraHai="59" who="3" fromWho="3" sc="205,-26,319,-13,36,-13,430,62" /><INIT seed="5,0,0,3,0,48" ten="179,306,23,492" oya="1" hai0="91,14,51,32,72,74,17,65,49,94,93,19,95" hai1="33,67,59,124,61,103,43,66,121,90,20,28,88" hai2="42,84,36,108,73,110,39,98,89,129,60,111,41" hai3="50,24,133,85,120,83,57,122,131,114,123,64,118"/><U68/><E121/><V79/><F129/><W29/><G131/><T135/><D14/><U15/><E124/><V81/><F60/><W30/><G114/><T40/><D91/><U10/><E103/><V6/><F6/><W47/><G133/><T97/><D97/><U13/><E33/><V100/><F42/><W3/><G3/><T134/><D40/><U115/><E115/><V45/><F36/><W8/><G118/><T77/><D77/><U58/><E43/><V9/><F9/><W5/><G64/><T27/><D27/><N who="1" m="16487" /><E68/><V113/><F113/><W96/><G96/><T35/><D65/><U101/><E101/><V12/><F12/><N who="1" m="4681" /><E10/><V116/><F116/><W109/><G57/><T86/><D86/><U26/><E26/><V117/><F117/><W38/><G38/><T63/><D63/><AGARI ba="0,0" hai="58,59,61,63,66,67,88,90" m="4681,16487" machi="63" ten="30,2900,0" yaku="8,1,54,1" doraHai="48" who="1" fromWho="0" sc="179,-29,306,29,23,0,492,0" /><INIT seed="5,1,0,2,3,29" ten="150,335,23,492" oya="1" hai0="21,30,67,52,40,19,108,78,42,64,31,49,59" hai1="96,5,76,4,24,25,87,18,26,73,122,50,132" hai2="41,123,111,129,33,47,15,45,112,121,65,0,75" hai3="74,58,120,36,104,62,93,77,14,63,101,60,92"/><U83/><E122/><V90/><F0/><W113/><G36/><T109/><D78/><U7/><E132/><V86/><F111/><W125/><G104/><T81/><D81/><U110/><E110/><V35/><F75/><W107/><G107/><T133/><D133/><U115/><E115/><V114/><F65/><N who="0" m="25162" /><D109/><U17/><E96/><V127/><F129/><W27/><G120/><N who="2" m="46153" /><F15/><W69/><G113/><N who="2" m="43625" /><F127/><W37/><G37/><T72/><D72/><U94/><E94/><N who="2" m="54615" /><F47/><W11/><G14/><N who="0" m="9463" /><D108/><U105/><E105/><V99/><F99/><W3/><G125/><T124/><D124/><U82/><REACH who="1" step="1"/><E50/><AGARI ba="1,0" hai="33,35,41,45,50" m="54615,43625,46153" machi="50" ten="30,7700,0" yaku="15,1,11,1,52,2" doraHai="29" who="2" fromWho="1" sc="150,0,335,-80,23,80,492,0" /><INIT seed="6,0,0,2,3,123" ten="150,255,103,492" oya="2" hai0="130,109,111,40,5,122,8,107,52,132,118,64,92" hai1="22,128,82,131,100,94,19,84,88,51,133,36,6" hai2="68,58,121,31,95,30,13,135,56,120,71,75,47" hai3="91,2,15,80,108,20,28,25,126,129,0,127,87"/><V105/><F105/><W33/><G108/><T57/><D122/><U98/><E36/><V59/><F120/><W103/><G129/><N who="1" m="49738" /><E51/><V101/><F121/><W32/><G103/><T14/><D107/><U10/><E133/><V38/><F75/><W93/><G93/><T114/><D130/><U54/><E54/><V27/><F135/><W106/><G106/><T24/><D132/><U12/><E22/><V115/><F115/><W97/><G97/><T21/><D64/><U48/><E48/><V96/><F13/><W113/><G113/><T60/><D40/><U43/><E43/><V81/><F81/><W102/><G102/><T73/><D73/><U78/><E6/><V29/><REACH who="2" step="1"/><F27/><REACH who="2" ten="150,255,93,492" step="2"/><W42/><G15/><T83/><D83/><U65/><E65/><V69/><F69/><W50/><G80/><T16/><D114/><U79/><AGARI ba="0,1" hai="10,12,19,78,79,82,84,88,94,98,100" m="49738" machi="79" ten="30,2000,0" yaku="19,1,54,1" doraHai="123" who="1" fromWho="1" sc="150,-5,255,30,93,-10,492,-5" /><INIT seed="7,0,0,5,4,126" ten="145,285,83,487" oya="3" hai0="90,38,65,135,52,97,26,91,28,133,105,15,78" hai1="34,49,93,117,116,11,42,32,54,39,87,16,5" hai2="12,53,47,70,60,68,44,43,132,3,103,25,124" hai3="55,127,131,88,1,29,104,80,119,6,107,10,0"/><W94/><G80/><T82/><D38/><U86/><E42/><V114/><F3/><W64/><G119/><N who="1" m="45642" /><E39/><V36/><F124/><W99/><G0/><T23/><D65/><U120/><E120/><V100/><F114/><W85/><G127/><T108/><D52/><U74/><E74/><V14/><F132/><N who="0" m="50762" /><D15/><N who="1" m="7295" /><E5/><V109/><F109/><W35/><G64/><T75/><D108/><U92/><E92/><V118/><F118/><W56/><G29/><T18/><D18/><U2/><E2/><V123/><F123/><W95/><G35/><N who="1" m="13354" /><E93/><V17/><F25/><W8/><G8/><T129/><D129/><U112/><E112/><V71/><F12/><W61/><G131/><T106/><D106/><U113/><E113/><V51/><REACH who="2" step="1"/><F60/><REACH who="2" ten="145,285,73,487" step="2"/><W67/><G67/><T58/><D26/><U98/><E98/><V22/><AGARI ba="0,1" hai="14,17,22,36,43,44,47,51,53,68,70,71,100,103" machi="22" ten="30,7900,0" yaku="1,1,2,1,0,1,53,1" doraHai="126" doraHaiUra="50" who="2" fromWho="2" sc="145,-20,285,-20,73,89,487,-39" owari="125,-37.0,265,7.0,162,-24.0,448,54.0" /></mjloggm>