<mjloggm ver="2.3"><GO type="185" lobby="0"/><UN n0="%6B%6F%7A" n1="%E3%81%B5%E3%81%8B" n2="%E5%B8%AB%E5%8C%A0%2F%E9%9B%80%E9%AC%BC" n3="" dan="17,16,16,0" rate="2142.22,2211.87,2193.92,1500.00" sx="M,M,M,C"/><TAIKYOKU oya="0"/><INIT seed="0,0,0,0,5,57" ten="350,350,350,0" oya="0" hai0="71,117,105,130,2,58,133,73,96,33,66,39,87" hai1="74,37,36,64,3,76,72,122,125,44,91,59,112" hai2="127,93,90,77,41,1,121,114,115,51,123,75,46" hai3=""/><T92/><RYUUKYOKU type="yao9" ba="0,0" sc="350,0,350,0,350,0,0,0" hai0="2,33,39,58,66,71,73,87,92,96,105,117,130,133" /><INIT seed="0,1,0,5,0,72" ten="350,350,350,0" oya="0" hai0="94,3,101,64,50,124,67,47,87,120,58,66,130" hai1="106,68,100,71,59,34,105,115,78,81,48,43,88" hai2="42,1,83,55,102,76,73,44,132,2,77,113,117" hai3=""/><T35/><N who="0" m="30752" /><T108/><D35/><U111/><E34/><V40/><F113/><T79/><D3/><U92/><E115/><V134/><F117/><T38/><D130/><U109/><E100/><V122/><N who="2" m="31264" /><V75/><F102/><T126/><D38/><U129/><E129/><V119/><F55/><T110/><D58/><U53/><E43/><V45/><F119/><T51/><D101/><U127/><E127/><N who="0" m="48681" /><D94/><U116/><E116/><V61/><F83/><T74/><D74/><U104/><E71/><V95/><F61/><T93/><D93/><AGARI ba="1,0" hai="1,2,40,42,44,45,73,75,76,77,93,95,132,134" m="31264" machi="93" ten="25,8000,1" yaku="22,2,52,3" doraHai="72" who="2" fromWho="0" sc="350,-82,350,0,350,82,0,0" /><INIT seed="1,0,0,2,5,124" ten="268,350,432,0" oya="1" hai0="54,110,106,135,45,87,67,60,102,44,93,129,53" hai1="95,42,47,65,91,120,86,56,90,36,116,103,38" hai2="39,122,43,50,96,121,74,89,51,101,58,3,63" hai3=""/><U80/><N who="1" m="30752" /><U83/><E116/><V33/><N who="2" m="31008" /><V79/><N who="2" m="31264" /><V76/><F33/><T71/><D106/><U32/><E32/><V69/><F3/><T46/><D102/><U66/><E38/><V77/><F74/><T78/><D78/><U40/><E40/><V127/><F69/><T61/><D93/><U59/><E59/><V126/><F89/><T82/><D87/><U64/><E103/><V108/><F108/><T109/><D82/><U128/><E128/><V112/><F112/><T130/><D135/><U111/><E111/><N who="0" m="42505" /><D61/><U105/><E105/><V131/><F131/><AGARI ba="0,0" hai="44,45,46,53,54,60,67,71,129,130,131" m="42505" machi="131" ten="40,12000,2" yaku="19,1,14,1,34,2,52,3" doraHai="124" who="0" fromWho="2" sc="268,120,350,0,432,-120,0,0" /><INIT seed="2,0,0,0,2,128" ten="388,350,312,0" oya="2" hai0="116,83,91,58,38,63,0,64,85,36,99,47,46" hai1="110,71,1,123,73,117,114,124,61,52,50,103,69" hai2="67,89,111,126,118,93,43,72,130,35,135,34,112" hai3=""/><V92/><F118/><T109/><D116/><U74/><N who="1" m="31520" /><U32/><E117/><V45/><F112/><T115/><D0/><U87/><E1/><V129/><F72/><T39/><D109/><U55/><E114/><V125/><F111/><T94/><REACH who="0" step="1"/><D115/><REACH who="0" ten="378,350,312,0" step="2"/><U131/><E110/><V3/><F3/><T70/><D70/><U101/><E71/><V132/><F67/><T2/><D2/><U98/><E69/><V104/><F104/><T113/><D113/><U82/><E131/><N who="2" m="50187" /><F35/><T100/><AGARI ba="0,1" hai="36,38,39,46,47,58,63,64,83,85,91,94,99,100" machi="100" ten="30,3000,0" yaku="1,1,0,1,53,1" doraHai="128" doraHaiUra="84" who="0" fromWho="0" sc="378,40,350,-10,312,-20,0,0" /><INIT seed="4,0,0,3,3,50" ten="418,340,292,0" oya="0" hai0="72,90,111,62,100,69,118,37,0,1,115,56,112" hai1="106,34,57,101,103,35,83,121,125,134,114,128,132" hai2="51,113,63,81,79,119,76,48,99,97,32,96,86" hai3=""/><T61/><D118/><U130/><N who="1" m="31008" /><U42/><E114/><V127/><F32/><T2/><D37/><U88/><E42/><V43/><F119/><T91/><D100/><N who="1" m="38475" /><E106/><V95/><F127/><T45/><D72/><U41/><E41/><V124/><F124/><T117/><D117/><U70/><E70/><V133/><F133/><N who="1" m="51305" /><E125/><V36/><F113/><N who="0" m="43594" /><D111/><U109/><E57/><V54/><F36/><T47/><D69/><U123/><N who="1" m="31520" /><U82/><E109/><V94/><F79/><T71/><D71/><U107/><E107/><V98/><F43/><T53/><D62/><U64/><E64/><V78/><F78/><T120/><N who="0" m="30752" /><T116/><D116/><U38/><E38/><V75/><F75/><T126/><D126/><U110/><E110/><V131/><N who="2" m="24576" /><DORA hai="33" /><V102/><F102/><T65/><D65/><U77/><E77/><V135/><F135/><T49/><D47/><U67/><E67/><V80/><F76/><T92/><D45/><U129/><E88/><N who="0" m="33833" /><D61/><U59/><E59/><V104/><F63/><T74/><D74/><U89/><E89/><V3/><F104/><T44/><D56/><U46/><E46/><V68/><F68/><T39/><D39/><U85/><E34/><V93/><F51/><RYUUKYOKU ba="0,0" sc="418,20,340,-10,292,-10,0,0" hai0="0,1,2,44,49,53,92" /><INIT seed="4,1,0,1,1,102" ten="438,330,282,0" oya="0" hai0="127,39,82,97,45,69,74,120,37,105,119,87,77" hai1="121,71,47,91,35,49,59,41,125,50,122,56,93" hai2="126,46,32,58,128,129,111,109,54,131,92,104,36" hai3=""/><T67/><N who="0" m="30752" /><T72/><D119/><U98/><N who="1" m="31008" /><U51/><N who="1" m="31264" /><U65/><E35/><V134/><F32/><T0/><D0/><U53/><E125/><V40/><F104/><T66/><D127/><U3/><E3/><V99/><F126/><T78/><D69/><U117/><E117/><V75/><F75/><T112/><D112/><U103/><E71/><V61/><REACH who="2" step="1"/><F134/><REACH who="2" ten="438,330,272,0" step="2"/><T38/><D74/><U86/><E65/><V124/><F124/><T85/><D72/><U33/><E33/><V83/><F83/><T44/><D67/><U42/><E42/><V108/><F108/><T64/><D64/><U68/><E68/><V118/><F118/><T55/><D82/><U43/><E43/><V1/><F1/><T96/><D66/><U60/><E56/><V135/><F135/><T88/><D55/><U70/><E70/><V90/><AGARI ba="1,1" hai="36,40,46,54,58,61,90,92,99,109,111,128,129,131" machi="90" ten="30,3000,0" yaku="1,1,0,1,19,1,53,0" doraHai="102" doraHaiUra="110" who="2" fromWho="2" sc="438,-21,330,-11,272,42,0,0" /><INIT seed="5,0,0,3,5,35" ten="417,319,314,0" oya="1" hai0="133,55,66,111,53,92,56,96,54,75,38,99,65" hai1="97,61,104,34,129,114,124,33,46,120,102,89,106" hai2="67,68,126,134,50,130,77,70,131,112,103,3,41" hai3=""/><U47/><N who="1" m="30752" /><U69/><E106/><V115/><F3/><T107/><D111/><U90/><E34/><V122/><N who="2" m="31264" /><V95/><F77/><T1/><D1/><U76/><E33/><V60/><F68/><T64/><D75/><U40/><E114/><N who="2" m="43563" /><F126/><T42/><D133/><U116/><E116/><V49/><F134/><T78/><D78/><U63/><E124/><V105/><F105/><T135/><D107/><U72/><E129/><N who="2" m="49163" /><F41/><T73/><D42/><U44/><E40/><V98/><AGARI ba="0,0" hai="49,50,60,67,70,95,98,103" m="49163,43563,31264" machi="98" ten="40,6000,1" yaku="15,1,11,1,19,1,52,1" doraHai="35" who="2" fromWho="2" sc="417,-20,319,-40,314,60,0,0" /><INIT seed="6,0,0,3,2,85" ten="397,279,374,0" oya="2" hai0="59,90,1,112,81,55,64,72,109,103,66,110,62" hai1="37,47,98,119,104,106,79,78,42,131,45,121,70" hai2="43,113,40,49,38,102,87,107,93,127,77,56,61" hai3=""/><V71/><F113/><T68/><D1/><U129/><N who="1" m="31008" /><U57/><E70/><V95/><F127/><T89/><D103/><U92/><E119/><V101/><F38/><T123/><N who="0" m="31520" /><T94/><D112/><U48/><E57/><V99/><F71/><T41/><D41/><U108/><E108/><V96/><F49/><T74/><D66/><U83/><E47/><V86/><F77/><N who="1" m="29193" /><E83/><V63/><F107/><T75/><D81/><U53/><E42/><V33/><F56/><T39/><D90/><U91/><E37/><V54/><REACH who="2" step="1"/><F54/><REACH who="2" ten="397,279,364,0" step="2"/><T125/><D125/><U97/><E97/><V80/><F80/><T32/><D39/><U122/><N who="1" m="31264" /><U115/><E115/><V126/><F126/><T2/><D2/><U44/><E44/><V124/><F124/><T111/><D111/><U116/><E116/><V69/><F69/><T3/><D3/><U76/><N who="1" m="29201" /><U105/><AGARI ba="0,1" hai="45,48,53,91,92,98,104,105,106,129,131" m="31264,29201,31008" machi="105" ten="40,6000,1" yaku="4,1,52,3" doraHai="85" who="1" fromWho="1" sc="397,-20,279,70,364,-40,0,0" /><INIT seed="8,0,0,2,2,130" ten="377,349,324,0" oya="0" hai0="96,32,72,127,75,92,65,61,110,60,3,91,56" hai1="101,109,106,80,2,128,46,33,76,64,134,66,48" hai2="125,42,69,117,54,45,38,86,118,122,100,116,87" hai3=""/><T113/><D113/><U97/><E109/><V34/><N who="2" m="31264" /><V81/><F34/><T85/><D32/><U108/><E33/><V120/><N who="2" m="30752" /><V84/><F125/><T40/><D3/><U0/><E108/><V88/><F69/><T93/><D110/><U62/><E128/><V83/><F100/><T41/><D127/><U90/><E90/><V103/><F103/><T47/><D61/><U1/><E62/><V79/><F54/><T107/><D107/><U67/><E134/><V49/><F84/><T132/><D132/><U43/><REACH who="1" step="1"/><E1/><REACH who="1" ten="377,339,324,0" step="2"/><V105/><F105/><T39/><D41/><U35/><E35/><V126/><F126/><T36/><D39/><AGARI ba="0,1" hai="38,39,42,45,49,79,81,83,86,87,88,116,117,118" m="30752,31264" machi="39" ten="40,8000,1" yaku="16,1,12,1,52,2,54,1" doraHai="130" who="2" fromWho="0" sc="377,-80,339,0,324,90,0,0" owari="297,-30.0,339,-6.0,414,36.0,0,0.0" /></mjloggm>