<mjloggm ver="2.3"><GO type="185" lobby="0"/><UN n0="%4D%4A%E3%81%AE%E3%82%B5%E3%82%BD" n1="%4C%61%69%74%79" n2="%6B%75%72%74" n3="" dan="18,16,16,0" rate="2327.37,2111.33,2127.79,1500.00" sx="M,M,M,C"/><TAIKYOKU oya="0"/><INIT seed="0,0,0,4,1,54" ten="350,350,350,0" oya="0" hai0="76,103,93,125,43,85,47,108,117,87,39,52,73" hai1="123,68,135,114,109,104,88,127,32,119,129,79,58" hai2="37,102,118,53,42,91,106,1,130,97,63,41,36" hai3=""/><T124/><D117/><U67/><E58/><V3/><F118/><T83/><D108/><U2/><E88/><V61/><F130/><T62/><D103/><U35/><E67/><V66/><F53/><T80/><D93/><U126/><E79/><V99/><F91/><T69/><D69/><U81/><E81/><V133/><F133/><T101/><D101/><U90/><E90/><V44/><F61/><T116/><D116/><U72/><E35/><V113/><F113/><T64/><D64/><U92/><E92/><V45/><F99/><T89/><REACH who="0" step="1"/><D85/><REACH who="0" ten="340,350,350,0" step="2"/><U112/><E114/><V100/><F100/><T71/><D71/><AGARI ba="0,1" hai="1,3,36,37,41,42,44,45,63,66,71,97,102,106" machi="71" ten="30,8000,1" yaku="7,1,9,1,33,3" doraHai="54" who="2" fromWho="0" sc="340,-80,350,0,350,90,0,0" /><INIT seed="1,0,0,5,4,79" ten="260,350,440,0" oya="1" hai0="96,84,128,47,65,94,86,46,77,92,48,43,111" hai1="119,32,106,129,97,126,71,76,36,89,99,101,80" hai2="108,59,55,72,90,33,45,95,82,49,93,67,2" hai3=""/><U50/><E119/><V102/><F2/><T83/><D111/><U41/><E32/><V131/><F33/><T64/><D128/><U127/><E129/><V91/><F108/><T115/><D115/><U3/><E3/><V60/><F131/><T135/><D135/><U44/><E71/><V34/><F34/><T63/><D63/><U87/><E36/><V69/><F102/><T133/><D133/><U132/><E132/><V61/><F91/><T114/><D114/><U42/><E42/><V100/><F100/><T120/><N who="0" m="30752" /><T112/><D112/><U62/><E62/><V85/><REACH who="2" step="1"/><F72/><REACH who="2" ten="260,350,430,0" step="2"/><T107/><D107/><U73/><REACH who="1" step="1"/><E97/><REACH who="1" ten="260,340,430,0" step="2"/><V35/><F35/><T104/><D96/><U88/><E88/><V121/><N who="2" m="31008" /><V40/><AGARI ba="0,2" hai="40,45,49,55,59,60,61,67,69,82,85,90,93,95" m="31008" machi="40" ten="20,9000,2" yaku="1,1,4,1,0,1,7,1,52,2,53,1" doraHai="79" doraHaiUra="38" who="2" fromWho="2" sc="260,-30,340,-60,430,110,0,0" /><INIT seed="2,0,0,4,3,99" ten="230,280,540,0" oya="2" hai0="34,57,91,94,130,115,112,110,109,114,35,98,89" hai1="97,60,111,73,77,84,39,67,103,108,119,46,126" hai2="124,2,65,40,127,76,63,129,93,62,120,0,50" hai3=""/><V59/><N who="2" m="30752" /><V125/><F129/><T131/><D34/><U75/><E119/><V81/><F93/><T92/><D35/><U74/><E126/><V104/><F104/><T43/><D43/><U47/><E84/><V64/><F50/><T38/><D57/><U132/><E77/><V105/><F105/><T69/><D69/><U68/><E132/><V88/><F40/><T44/><D44/><U36/><E47/><V71/><REACH who="2" step="1"/><F88/><REACH who="2" ten="230,280,530,0" step="2"/><T56/><D38/><U45/><E36/><V79/><F79/><T83/><D83/><U85/><E39/><V70/><F70/><T72/><D56/><U116/><E45/><V42/><F42/><T54/><D54/><U61/><E46/><V86/><AGARI ba="0,1" hai="0,2,59,62,63,64,65,71,76,81,86,124,125,127" m="30752" machi="86" ten="30,7800,0" yaku="1,1,0,1,18,1,52,1,53,0" doraHai="99" doraHaiUra="95" who="2" fromWho="2" sc="230,-39,280,-39,530,88,0,0" /><INIT seed="2,1,0,2,2,70" ten="191,241,618,0" oya="2" hai0="123,46,103,40,124,62,89,129,57,69,45,90,58" hai1="98,108,49,63,61,66,101,78,84,94,50,135,43" hai2="81,117,93,132,127,32,85,126,72,121,65,48,51" hai3=""/><V3/><N who="2" m="31008" /><V111/><F32/><T82/><N who="0" m="31520" /><T34/><D69/><U73/><E108/><V76/><F3/><T52/><D34/><U128/><E135/><V87/><F117/><T56/><D129/><U55/><E128/><V109/><F132/><T133/><D133/><U130/><E130/><V113/><F65/><T41/><D124/><N who="2" m="47658" /><F113/><T104/><D104/><U79/><E73/><V37/><F37/><T54/><D103/><U75/><E75/><V59/><F93/><T134/><D134/><U64/><E64/><V42/><F42/><N who="0" m="16490" /><D82/><U122/><E94/><V36/><F36/><T125/><D125/><U115/><E122/><V86/><F59/><N who="0" m="22602" /><D54/><U47/><E55/><V83/><F83/><T120/><N who="0" m="30752" /><T100/><D100/><U53/><E53/><V68/><F68/><T118/><D118/><U92/><E101/><V105/><F105/><T71/><D71/><U110/><E92/><V80/><F80/><T35/><D35/><U0/><E43/><V88/><F88/><AGARI ba="1,0" hai="45,46,52,58,62,88,89,90" m="30752,22602,16490,31520" machi="88" ten="30,8000,1" yaku="8,1,52,2,54,2" doraHai="70" who="0" fromWho="2" sc="191,82,241,0,618,-82,0,0" /><INIT seed="4,0,0,2,5,99" ten="273,241,536,0" oya="0" hai0="76,48,33,41,89,68,32,40,129,3,77,61,120" hai1="52,75,88,62,73,97,106,66,123,80,109,63,130" hai2="112,101,55,36,111,39,119,44,43,132,125,50,49" hai3=""/><T98/><N who="0" m="30752" /><T82/><D3/><U71/><N who="1" m="31520" /><U126/><E109/><V94/><F111/><T54/><D129/><U85/><E130/><V1/><F1/><T74/><D76/><U113/><E126/><V86/><F125/><T105/><D68/><U56/><REACH who="1" step="1"/><E113/><REACH who="1" ten="273,231,536,0" step="2"/><V51/><F112/><T114/><D114/><U83/><E83/><V64/><F119/><T124/><D124/><U84/><E84/><V34/><F86/><T45/><D32/><U38/><E38/><V103/><F36/><T79/><D33/><U135/><E135/><V72/><F34/><T92/><D77/><U58/><E58/><V100/><F132/><T110/><D110/><U70/><E70/><V115/><F115/><T65/><D79/><U108/><E108/><V2/><F2/><T46/><D82/><U0/><E0/><V67/><F72/><T107/><D74/><U122/><N who="1" m="31264" /><U78/><E78/><V127/><F127/><T131/><D131/><U35/><E35/><V59/><F39/><T96/><D46/><U60/><E60/><V117/><F44/><T95/><D61/><U53/><E53/><V133/><F55/><T47/><D47/><U121/><N who="1" m="31008" /><U69/><E69/><V87/><F133/><RYUUKYOKU ba="0,1" sc="273,-10,231,20,536,-10,0,0" hai1="52,56,62,63,66,71,73,75,80,85,88,97,106" /><INIT seed="5,1,1,1,3,91" ten="263,251,526,0" oya="1" hai0="96,36,77,40,59,97,116,46,70,32,132,86,105" hai1="82,52,113,33,111,104,124,130,35,34,93,121,68" hai2="51,72,98,47,41,39,100,61,122,60,56,84,71" hai3=""/><U101/><N who="1" m="31008" /><U133/><E68/><V62/><N who="2" m="31264" /><V45/><F72/><T64/><D32/><U87/><E113/><V66/><F84/><T110/><D110/><U123/><N who="1" m="31520" /><U76/><E111/><V117/><F117/><T81/><D116/><U126/><E130/><V74/><F74/><T75/><D132/><U1/><E133/><V53/><F47/><T120/><N who="0" m="30752" /><T95/><D70/><U135/><E135/><V69/><F69/><T102/><D75/><U73/><E1/><V88/><F88/><T112/><D112/><U125/><E104/><AGARI ba="1,1" hai="39,41,45,51,53,56,60,61,62,66,71,98,100,104" m="31264" machi="104" ten="30,7700,0" yaku="7,1,24,2,52,1" doraHai="91" who="2" fromWho="1" sc="263,0,251,-79,526,89,0,0" /><INIT seed="6,0,0,2,5,38" ten="263,172,615,0" oya="2" hai0="131,114,42,83,82,57,127,88,61,93,45,71,60" hai1="122,32,51,121,44,134,95,91,120,128,76,37,68" hai2="77,99,56,46,135,3,80,53,48,129,69,49,54" hai3=""/><V47/><F3/><T110/><D110/><U0/><N who="1" m="30752" /><U104/><N who="1" m="31008" /><U79/><N who="1" m="31264" /><U43/><E0/><V94/><F129/><T66/><D131/><U81/><E128/><V75/><F135/><T132/><D127/><U39/><E134/><V106/><F106/><T133/><D114/><U123/><N who="1" m="31520" /><U55/><E32/><V116/><F116/><T126/><D126/><U105/><E68/><V1/><F1/><T65/><D133/><U115/><E115/><V50/><F69/><T130/><D130/><U109/><E109/><V86/><F75/><T108/><D108/><U101/><E101/><V117/><F117/><T64/><D64/><U40/><E37/><V89/><F53/><T102/><D102/><U103/><E103/><V2/><F2/><T112/><D112/><U111/><E111/><V96/><F96/><T84/><D132/><U34/><E34/><V74/><F74/><T118/><D118/><U36/><E36/><AGARI ba="0,0" hai="36,42,45,57,60,61,65,66,71,82,83,84,88,93" machi="36" ten="30,3900,0" yaku="7,1,52,1,54,1" doraHai="38" who="0" fromWho="1" sc="263,39,172,-39,615,0,0,0" owari="302,-10.0,133,-47.0,615,57.0,0,0.0" /></mjloggm>