<mjloggm ver="2.3"><GO type="185" lobby="0"/><UN n0="%E3%83%8F%E3%83%94%E3%83%AA%E3%83%83%E3%83%88" n1="%79%61%73%73%61%6E" n2="%E9%B3%B4%E3%81%8D%E9%BA%BB%E9%9B%80" n3="" dan="17,16,17,0" rate="2218.22,2209.73,2271.70,1500.00" sx="M,M,M,C"/><TAIKYOKU oya="0"/><INIT seed="0,0,0,2,4,133" ten="350,350,350,0" oya="0" hai0="80,62,85,87,57,37,113,40,75,94,71,78,128" hai1="123,48,63,86,110,96,60,44,51,36,98,56,125" hai2="95,102,66,59,131,81,35,79,101,42,134,115,34" hai3=""/><T53/><D113/><U72/><N who="1" m="31520" /><U83/><E72/><V33/><F115/><T100/><D128/><U103/><E110/><V50/><F134/><T32/><D32/><U65/><E125/><V132/><F131/><T39/><D71/><U47/><E36/><V119/><F119/><T76/><D40/><U97/><E63/><V41/><F132/><T130/><D130/><U118/><E118/><V126/><F126/><T69/><D69/><U3/><E3/><V70/><F70/><T77/><D75/><U0/><E0/><V45/><F42/><T122/><N who="0" m="31264" /><T112/><D112/><U64/><E64/><V38/><F95/><T127/><D127/><U135/><E103/><V106/><F106/><T1/><D1/><U109/><E109/><V49/><F66/><T58/><D100/><U111/><E111/><V54/><REACH who="2" step="1"/><F38/><REACH who="2" ten="350,350,340,0" step="2"/><T52/><D94/><U129/><E129/><V91/><F91/><T68/><D68/><U124/><E124/><V84/><AGARI ba="0,1" hai="33,34,35,41,45,49,50,54,59,79,81,84,101,102" machi="84" ten="30,3000,0" yaku="1,1,0,1,53,1" doraHai="133" doraHaiUra="73" who="2" fromWho="2" sc="350,-20,350,-10,340,40,0,0" /><INIT seed="1,0,0,1,0,108" ten="330,340,380,0" oya="1" hai0="83,73,102,126,65,87,34,77,58,38,125,37,46" hai1="63,98,116,109,43,41,94,55,132,57,36,128,101" hai2="72,105,0,42,122,45,71,79,61,50,82,54,134" hai3=""/><U47/><E116/><V2/><N who="2" m="31264" /><V100/><F134/><T67/><D34/><U78/><E132/><V86/><F100/><T51/><D102/><U44/><E128/><V66/><F105/><T35/><D35/><U53/><E109/><V121/><N who="2" m="31008" /><V103/><F103/><T89/><D37/><U62/><E78/><V32/><F32/><T69/><D58/><U56/><E101/><V93/><F93/><T106/><D38/><U60/><E98/><V135/><F135/><T92/><D106/><U96/><E96/><V120/><N who="2" m="30752" /><V75/><REACH who="2" step="1"/><F42/><REACH who="2" ten="330,340,370,0" step="2"/><T133/><D133/><U131/><E94/><V88/><F88/><T107/><D89/><U113/><E131/><V64/><F64/><T70/><D67/><U1/><E1/><AGARI ba="0,1" hai="0,1,2,45,50,54,61,66,71,72,75,79,82,86" m="30752,31008,31264" machi="1" ten="40,8000,1" yaku="1,1,52,3,53,0" doraHai="108" doraHaiUra="123" who="2" fromWho="1" sc="330,0,340,-80,370,90,0,0" /><INIT seed="2,0,0,2,0,103" ten="330,260,460,0" oya="2" hai0="66,1,83,41,80,3,131,67,54,96,127,33,43" hai1="84,49,110,77,60,97,122,135,99,48,124,64,116" hai2="62,37,92,57,61,51,68,69,50,118,0,53,102" hai3=""/><V35/><F0/><T76/><D33/><U75/><N who="1" m="31264" /><U86/><E116/><V100/><F35/><T111/><D111/><U59/><E110/><V74/><F74/><T104/><D131/><U130/><E130/><V78/><F78/><T125/><D54/><U73/><E135/><V40/><F118/><T120/><N who="0" m="30752" /><T108/><D96/><U87/><E124/><V47/><F92/><T71/><D108/><U107/><E99/><V46/><F100/><T133/><D71/><N who="2" m="27210" /><F102/><T106/><D76/><U38/><E38/><V113/><F113/><T70/><D70/><U132/><E132/><AGARI ba="0,0" hai="1,3,41,43,66,67,80,83,104,106,125,127,132,133" m="30752" machi="132" ten="25,8000,1" yaku="22,2,52,3" doraHai="103" who="0" fromWho="1" sc="330,80,260,-80,460,0,0,0" /><INIT seed="4,0,0,0,3,132" ten="410,180,460,0" oya="0" hai0="81,82,46,92,91,115,39,131,43,103,121,133,130" hai1="57,116,59,102,114,65,123,101,69,94,72,93,56" hai2="68,35,111,52,71,51,129,108,42,34,125,54,105" hai3=""/><T73/><N who="0" m="31008" /><T84/><D133/><U118/><N who="1" m="31520" /><U106/><E72/><V87/><F105/><T110/><D115/><U49/><E114/><V119/><F129/><T38/><D110/><U96/><E49/><V124/><F87/><T79/><REACH who="0" step="1"/><D39/><REACH who="0" ten="400,180,460,0" step="2"/><U44/><E116/><V90/><F119/><T80/><D80/><U64/><E118/><V99/><F108/><T55/><D55/><U98/><E106/><V78/><F111/><T104/><D104/><U62/><E65/><V122/><F52/><T36/><D36/><U0/><REACH who="1" step="1"/><E44/><REACH who="1" ten="400,170,460,0" step="2"/><V128/><F122/><T113/><D113/><U63/><E63/><V41/><F54/><T83/><D83/><U89/><E89/><V67/><F67/><T85/><D85/><U109/><E109/><V66/><F66/><T33/><D33/><U60/><E60/><V47/><F90/><T97/><AGARI ba="0,2" hai="38,43,46,73,79,81,82,84,91,92,97,103,130,131" m="31008" machi="97" ten="30,4000,0" yaku="1,1,0,1,52,1,53,0" doraHai="132" doraHaiUra="32" who="0" fromWho="0" sc="400,60,170,-20,460,-20,0,0" /><INIT seed="4,1,0,3,2,64" ten="460,150,440,0" oya="0" hai0="85,83,53,76,51,89,78,41,90,111,86,95,112" hai1="36,72,61,63,60,56,65,47,91,2,134,49,34" hai2="108,43,132,40,48,97,100,118,68,116,52,3,82" hai3=""/><T62/><D112/><U81/><E34/><V39/><F108/><T87/><D111/><U105/><E2/><V133/><F3/><T114/><D114/><U117/><E105/><V98/><F68/><T77/><D41/><N who="2" m="15946" /><F82/><T107/><D62/><U73/><E36/><V113/><F39/><T123/><N who="0" m="31520" /><T74/><D107/><U103/><E103/><V94/><F98/><T129/><D129/><U32/><E32/><V75/><F75/><T88/><D74/><U50/><E134/><N who="2" m="51819" /><F113/><T69/><D69/><U93/><E81/><V79/><F79/><T135/><D135/><U101/><E101/><V99/><F99/><T71/><D71/><U92/><E73/><V58/><AGARI ba="1,0" hai="48,52,58,94,97,100,116,118" m="51819,15946" machi="58" ten="30,1500,0" yaku="20,1,54,1" doraHai="64" who="2" fromWho="2" sc="460,-11,150,-6,440,17,0,0" /><INIT seed="5,0,0,5,1,76" ten="449,144,457,0" oya="1" hai0="32,40,43,101,47,82,134,64,46,78,135,99,35" hai1="119,34,92,94,116,120,58,0,125,68,66,60,93" hai2="44,104,80,59,3,37,56,39,127,115,63,121,114" hai3=""/><U71/><N who="1" m="30752" /><U36/><E34/><V106/><N who="2" m="31008" /><V105/><F3/><T53/><D64/><U117/><E0/><V62/><F127/><T97/><D53/><U2/><E2/><V85/><F44/><T131/><D101/><U103/><E125/><V51/><F51/><T49/><D131/><U133/><E133/><V112/><F59/><T111/><D111/><U83/><E103/><V41/><F41/><T33/><D134/><U81/><REACH who="1" step="1"/><E36/><REACH who="1" ten="449,134,457,0" step="2"/><N who="2" m="13899" /><F56/><T132/><D135/><U124/><E124/><V42/><F42/><T130/><D132/><U74/><E74/><V102/><F102/><T72/><D32/><U70/><AGARI ba="0,1" hai="58,60,66,68,70,71,81,83,92,93,94,116,117,119" m="30752" machi="70" ten="50,16000,3" yaku="1,1,0,1,29,2,52,3,53,3" doraHai="76" doraHaiUra="88" who="1" fromWho="1" sc="449,-80,134,170,457,-80,0,0" /><INIT seed="5,1,0,1,3,102" ten="369,304,377,0" oya="1" hai0="76,50,2,100,39,88,118,90,122,43,112,1,69" hai1="47,85,52,37,77,81,73,36,71,45,80,96,110" hai2="62,41,120,66,98,3,89,117,65,133,91,106,87" hai3=""/><U32/><E32/><V92/><N who="2" m="30752" /><V121/><N who="2" m="31008" /><V38/><F117/><T109/><N who="0" m="31264" /><T49/><D109/><U34/><E34/><V0/><F133/><T33/><D33/><U113/><E110/><V119/><F119/><T40/><D69/><U129/><E129/><V107/><F41/><T124/><D118/><U123/><N who="1" m="31520" /><U125/><E125/><V68/><F38/><T82/><D39/><U70/><E113/><V55/><F55/><T57/><D112/><U95/><E70/><V99/><F66/><T58/><D100/><U48/><E47/><V108/><F108/><T115/><D115/><U128/><E71/><V130/><F130/><T51/><D51/><U93/><E93/><V131/><F131/><T42/><D42/><U86/><E128/><V63/><F63/><T56/><D56/><U75/><E36/><V132/><F132/><T134/><D134/><U83/><E83/><V127/><F127/><T72/><D82/><U46/><E46/><V105/><REACH who="2" step="1"/><F91/><REACH who="2" ten="369,304,367,0" step="2"/><T84/><D124/><U135/><E135/><V64/><F64/><T54/><D40/><U116/><E116/><V61/><F61/><T94/><D43/><U101/><E37/><V111/><F111/><T78/><D54/><RYUUKYOKU ba="1,1" sc="369,-20,304,10,367,10,0,0" hai1="45,48,52,73,75,77,80,81,85,86,95,96,101" hai2="0,3,62,65,68,87,89,92,98,99,105,106,107" /><INIT seed="5,2,1,4,2,109" ten="349,314,377,0" oya="1" hai0="83,94,37,66,78,129,119,38,61,93,113,131,85" hai1="46,133,81,80,58,122,98,51,105,130,79,86,36" hai2="90,126,120,0,82,87,117,103,101,91,77,92,110" hai3=""/><U118/><N who="1" m="31264" /><U43/><E118/><V107/><N who="2" m="30752" /><V71/><F0/><T67/><D119/><U1/><E1/><V99/><F117/><T132/><D132/><U97/><E133/><V62/><F110/><T75/><D67/><U48/><E130/><N who="0" m="49673" /><D113/><U41/><E105/><V111/><F111/><T89/><D93/><U55/><E41/><V73/><F126/><T69/><AGARI ba="2,1" hai="37,38,61,66,69,75,78,83,85,89,94" m="49673" machi="69" ten="30,800,0" yaku="19,1" doraHai="109" who="0" fromWho="0" sc="349,22,314,-7,377,-5,0,0" /><INIT seed="6,0,0,3,3,111" ten="371,307,372,0" oya="2" hai0="45,70,79,50,59,105,56,66,43,127,95,76,74" hai1="48,63,128,38,99,110,125,83,135,1,94,129,114" hai2="97,37,53,58,93,73,82,68,52,49,61,72,116" hai3=""/><V32/><F116/><T0/><D105/><U84/><E38/><V69/><F32/><T107/><D0/><U90/><E1/><V123/><N who="2" m="31520" /><V126/><F126/><T91/><D107/><U35/><E35/><V120/><N who="2" m="30752" /><V33/><F37/><T85/><D127/><U92/><E125/><V130/><F130/><N who="1" m="50281" /><E110/><V36/><F36/><T98/><D74/><U104/><E135/><V86/><F33/><T64/><D70/><U131/><N who="1" m="50289" /><U100/><DORA hai="40" /><E48/><V124/><F124/><T51/><D51/><U42/><E42/><V41/><F41/><T106/><D106/><U67/><E114/><V81/><F69/><AGARI ba="0,0" hai="63,67,69,83,84,90,92,94,99,100,104" m="50289" machi="69" ten="40,1300,0" yaku="19,1" doraHai="111,40" who="1" fromWho="2" sc="371,0,307,13,372,-13,0,0" /><INIT seed="8,0,0,1,1,66" ten="371,320,359,0" oya="0" hai0="79,83,0,117,110,130,33,106,3,40,109,53,57" hai1="115,123,97,135,78,80,48,68,2,34,65,116,92" hai2="98,75,76,95,85,37,72,108,88,61,67,99,69" hai3=""/><T132/><D33/><U73/><N who="1" m="31520" /><U50/><E34/><V131/><F108/><N who="0" m="41578" /><D106/><U49/><E2/><N who="0" m="553" /><D130/><U100/><E135/><V51/><F37/><T44/><D132/><U128/><E128/><V93/><F131/><T1/><N who="0" m="561" /><T125/><DORA hai="70" /><D125/><U82/><E116/><V104/><F104/><T77/><D83/><U71/><E115/><V64/><F64/><T32/><D32/><U87/><REACH who="1" step="1"/><E65/><REACH who="1" ten="371,310,359,0" step="2"/><V35/><F35/><T102/><D117/><U36/><E36/><V45/><F67/><T129/><D129/><U124/><E124/><V112/><F112/><T59/><D102/><U107/><E107/><V55/><F69/><T122/><N who="0" m="31264" /><T52/><D59/><U84/><E84/><V96/><F85/><T46/><D57/><U127/><E127/><V42/><F75/><T111/><D111/><U94/><E94/><V121/><N who="2" m="31008" /><V56/><F95/><T126/><D126/><U41/><E41/><V89/><F93/><T103/><D103/><U91/><AGARI ba="0,1" hai="48,49,50,68,71,73,78,80,82,87,91,92,97,100" m="31520" machi="91" ten="30,9000,2" yaku="1,1,0,1,52,3,53,1" doraHai="66,70" doraHaiUra="118,43" who="1" fromWho="1" sc="371,-60,310,100,359,-30,0,0" owari="311,-29.0,410,36.0,329,-7.0,0,0.0" /></mjloggm>