<mjloggm ver="2.3"><GO type="169" lobby="0"/><UN n0="%E7%8F%BE%E5%A0%B4%E3%81%AD%E3%81%93" n1="%74%6F%72%69%30%36%31%32" n2="%E3%83%80%E3%83%9C" n3="%E3%82%B9%E3%82%AB%E3%83%9D%E3%83%B3" dan="16,17,16,16" rate="2060.89,2164.18,2025.24,2128.71" sx="M,M,M,M"/><TAIKYOKU oya="0"/><INIT seed="0,0,0,0,5,118" ten="250,250,250,250" oya="0" hai0="11,127,66,116,15,117,4,81,88,14,120,45,54" hai1="83,133,92,2,134,128,52,3,27,121,47,102,39" hai2="20,46,58,75,19,78,80,7,79,129,26,126,43" hai3="111,41,132,1,71,96,56,119,21,97,48,69,122"/><T130/><D127/><U12/><E128/><V13/><F126/><W67/><G1/><T24/><D130/><U63/><E39/><V82/><F129/><W33/><G33/><T94/><D120/><U10/><E27/><V23/><F58/><W77/><G77/><T105/><D105/><U124/><E124/><V76/><F7/><W34/><G21/><T17/><D81/><U42/><E83/><V123/><F123/><W29/><G29/><T89/><D66/><U22/><E22/><V135/><F135/><N who="1" m="51721" /><E42/><V86/><F78/><W37/><G34/><T99/><D24/><U98/><E121/><V49/><F26/><W31/><G31/><T131/><D131/><U61/><E61/><V112/><F112/><W5/><G119/><T72/><D72/><U36/><E36/><V64/><F64/><W115/><G37/><T28/><D28/><U57/><E47/><V110/><F110/><W91/><G111/><T40/><D40/><U93/><E92/><V32/><F32/><W59/><G41/><T44/><D89/><U85/><E85/><V125/><F125/><W95/><G91/><T68/><D68/><U55/><E55/><V35/><F35/><W38/><G38/><T51/><REACH who="0" step="1"/><D45/><REACH who="0" ten="240,250,250,250" step="2"/><U0/><E102/><V114/><F114/><W25/><G115/><T90/><D90/><U18/><E93/><V113/><F113/><W101/><G95/><T60/><D60/><U8/><E98/><V84/><F75/><W9/><G132/><T100/><D100/><U107/><E107/><V50/><F50/><W73/><G122/><T109/><D109/><RYUUKYOKU ba="0,1" sc="240,10,250,10,250,10,250,-30" hai0="4,11,14,15,17,44,51,54,88,94,99,116,117" hai1="0,2,3,8,10,12,18,52,57,63" hai2="13,19,20,23,43,46,49,76,79,80,82,84,86" /><INIT seed="0,1,1,1,0,50" ten="250,260,260,220" oya="0" hai0="90,73,74,27,106,69,24,127,107,30,72,102,94" hai1="120,23,118,121,92,15,66,58,85,8,91,34,110" hai2="129,82,29,41,67,12,83,52,134,68,93,135,112" hai3="62,38,104,77,100,28,131,37,115,7,113,10,78"/><T79/><D79/><U60/><E34/><V0/><F0/><W84/><G131/><T17/><D127/><U45/><E118/><V132/><F112/><W111/><G111/><T122/><D122/><U116/><E110/><V32/><F41/><W128/><G128/><T48/><D102/><U39/><E116/><V123/><F123/><W19/><G28/><T101/><D101/><U20/><E120/><V99/><F129/><W80/><G19/><T61/><D17/><U36/><E121/><V71/><F12/><W86/><G62/><T49/><D24/><U75/><E75/><V3/><F3/><W133/><G133/><T114/><D61/><U125/><E125/><V47/><F67/><W96/><G86/><T108/><D69/><N who="2" m="26698" /><F29/><W21/><G21/><T59/><D48/><U55/><E39/><V105/><F105/><W98/><G98/><T87/><D114/><U56/><E45/><V31/><F31/><W5/><G78/><T9/><D9/><U126/><E36/><V117/><F32/><W11/><G38/><T76/><D76/><U70/><E70/><V64/><F64/><W18/><G18/><T103/><D103/><U89/><E89/><N who="2" m="55727" /><F117/><W4/><G37/><T2/><D2/><U6/><E126/><V35/><F35/><W46/><G46/><T25/><D108/><U13/><E13/><V53/><F47/><W54/><G115/><T109/><D109/><U65/><E65/><V33/><F33/><W81/><G113/><T42/><D42/><U1/><E1/><V43/><F43/><W40/><G40/><T44/><D44/><RYUUKYOKU ba="1,1" sc="250,-15,260,15,260,15,220,-15" hai1="6,8,15,20,23,55,56,58,60,66,85,91,92" hai2="52,53,82,83,132,134,135" /><INIT seed="1,2,1,4,0,25" ten="235,275,275,205" oya="1" hai0="103,29,31,125,134,114,41,23,98,7,123,45,58" hai1="97,10,54,121,79,59,8,1,75,78,122,40,52" hai2="118,81,132,20,2,65,47,6,39,21,13,87,69" hai3="22,19,42,34,17,88,82,72,12,85,104,67,106"/><U101/><E40/><V0/><F118/><W90/><G67/><T55/><D114/><U112/><E112/><V86/><F132/><W9/><G34/><T96/><D134/><U130/><E130/><V93/><F93/><W62/><G62/><T129/><D7/><U109/><E1/><V127/><F127/><W70/><G70/><T33/><D33/><U64/><E75/><V35/><F35/><W120/><G120/><T92/><D125/><U102/><E64/><V27/><F87/><W84/><G42/><T37/><D123/><U61/><E61/><V80/><F80/><W119/><G72/><T51/><D129/><U83/><E83/><V50/><F39/><W28/><G28/><T91/><REACH who="0" step="1"/><D23/><REACH who="0" ten="225,275,275,205" step="2"/><U30/><E122/><V89/><F20/><W15/><G119/><T48/><D48/><U63/><E121/><V76/><F6/><W113/><REACH who="3" step="1"/><G113/><REACH who="3" ten="225,275,275,195" step="2"/><T117/><D117/><U46/><E63/><V111/><F69/><W116/><G116/><T131/><D131/><U73/><E73/><V110/><F65/><W135/><G135/><T26/><D26/><U68/><E68/><V115/><F115/><W94/><AGARI ba="2,3" hai="9,12,15,17,19,22,82,84,85,88,90,94,104,106" machi="94" ten="20,5200,0" yaku="1,1,0,1,7,1,54,1,53,0" doraHai="25" doraHaiUra="99" who="3" fromWho="3" sc="225,-15,275,-28,275,-15,195,88" /><INIT seed="2,0,0,0,2,102" ten="210,247,260,283" oya="2" hai0="103,104,8,23,105,76,67,127,57,10,6,61,34" hai1="52,92,60,119,59,79,4,84,31,82,18,46,113" hai2="41,37,48,93,22,112,85,9,131,118,107,94,19" hai3="7,65,64,21,132,124,80,126,15,125,54,0,88"/><V114/><F37/><W129/><G0/><T27/><D34/><U39/><E113/><V42/><F9/><W83/><G132/><T123/><D123/><U35/><E119/><V56/><F118/><W58/><G129/><T75/><D103/><U12/><E4/><V69/><F69/><W116/><G80/><T78/><D127/><U70/><E70/><V36/><F36/><W73/><G73/><T14/><D8/><U108/><E108/><V62/><F131/><W3/><G3/><T32/><D32/><U109/><E109/><V87/><F107/><W135/><G135/><T111/><D111/><U17/><E92/><N who="2" m="35435" /><F114/><W43/><G43/><N who="2" m="16393" /><F48/><W20/><G116/><T122/><D122/><U115/><E39/><V13/><F112/><W99/><G7/><T63/><D63/><U11/><E46/><V72/><F72/><W33/><G33/><T133/><D133/><U49/><E115/><V38/><F38/><W5/><G5/><T120/><D120/><U95/><E95/><V117/><F117/><W26/><G99/><T110/><D110/><U121/><E121/><V98/><F98/><W100/><G100/><T134/><D134/><U81/><E81/><V24/><F24/><W77/><G77/><T91/><D91/><U47/><E12/><V96/><F96/><W101/><G101/><T128/><D128/><U45/><E11/><V29/><F29/><N who="3" m="17607" /><G88/><T16/><REACH who="0" step="1"/><D75/><REACH who="0" ten="200,247,260,283" step="2"/><U2/><E2/><V53/><AGARI ba="0,1" hai="13,19,22,53,56,62,85,87" m="16393,35435" machi="53" ten="30,1500,0" yaku="8,1" doraHai="102" who="2" fromWho="2" sc="200,-5,247,-5,260,25,283,-5" /><INIT seed="2,1,0,5,1,39" ten="195,242,285,278" oya="2" hai0="5,40,8,15,125,16,42,18,60,65,129,0,127" hai1="3,56,54,9,46,72,121,117,84,53,41,109,107" hai2="31,134,4,28,104,81,123,70,79,36,58,92,69" hai3="21,32,101,37,106,55,17,131,64,68,111,57,30"/><V100/><F104/><W45/><G111/><T83/><D83/><U124/><E72/><V1/><F123/><W105/><G131/><T25/><D25/><U14/><E107/><V102/><F58/><W63/><G30/><T78/><D78/><U33/><E33/><V108/><F108/><W112/><G32/><T43/><D129/><U22/><E3/><V2/><F134/><W88/><G112/><T132/><D132/><U23/><E54/><V96/><F102/><W34/><G34/><T120/><D120/><U86/><E117/><V62/><F36/><W19/><G101/><T94/><D94/><U128/><E124/><N who="0" m="47689" /><D15/><U24/><E22/><V116/><F116/><W61/><G19/><T7/><D5/><U95/><E95/><V113/><F113/><W10/><G10/><T6/><D7/><N who="1" m="3391" /><E128/><V91/><F100/><W115/><G115/><T52/><D52/><U59/><E121/><V126/><F126/><W49/><G106/><T26/><D26/><U119/><E119/><V89/><F89/><W66/><G88/><T93/><D93/><U20/><E53/><V27/><F4/><W85/><G85/><N who="1" m="32874" /><E109/><V110/><F110/><W135/><G135/><T114/><D114/><U73/><E73/><V50/><F2/><W133/><G133/><T118/><D118/><U71/><E23/><V11/><F1/><W99/><G21/><T35/><D35/><U122/><E122/><V130/><F130/><W90/><G90/><T67/><D67/><U98/><E24/><V77/><F27/><W103/><G105/><T87/><D87/><U82/><E82/><RYUUKYOKU ba="1,0" sc="195,30,242,-10,285,-10,278,-10" hai0="0,6,8,16,18,40,42,43,60,65" /><INIT seed="3,2,0,3,1,64" ten="225,232,275,268" oya="3" hai0="41,36,112,116,26,24,14,96,134,105,73,131,11" hai1="76,71,135,5,12,75,4,113,25,128,90,2,99" hai2="103,63,46,93,54,1,37,94,10,115,22,44,111" hai3="124,60,9,19,120,32,65,47,31,68,57,79,39"/><W61/><G120/><T33/><D116/><U8/><E113/><V51/><F115/><W95/><G124/><T123/><D123/><U84/><E75/><V43/><F111/><W118/><G118/><T100/><D112/><U70/><E128/><V53/><F22/><W18/><G79/><T114/><D114/><U98/><E76/><V119/><F119/><W62/><G31/><T91/><D73/><U80/><E135/><V106/><F106/><W88/><G32/><T6/><D33/><U67/><E67/><V89/><F103/><W13/><G18/><T74/><D131/><U34/><E5/><V38/><F10/><W28/><G28/><T129/><D129/><U85/><E85/><V108/><F1/><W132/><G57/><T77/><D91/><U125/><E125/><V110/><F94/><W130/><G132/><T69/><D134/><U49/><E2/><V48/><F89/><W27/><G27/><T102/><D102/><U121/><E121/><V55/><F93/><W15/><G15/><T30/><D30/><U133/><E25/><V117/><F117/><W23/><G9/><T35/><D35/><U16/><E4/><V83/><F83/><W3/><G3/><T109/><D109/><N who="2" m="42090" /><F63/><W78/><G78/><T122/><D122/><U42/><E34/><V20/><F20/><W81/><G81/><T66/><D77/><U21/><E21/><V0/><F0/><W56/><G130/><T50/><D74/><U40/><E133/><V29/><F29/><W17/><G17/><T86/><D6/><U82/><E82/><V127/><F127/><RYUUKYOKU ba="2,0" sc="225,-10,232,-10,275,30,268,-10" hai2="37,38,43,44,46,48,51,53,54,55" /><INIT seed="4,3,0,0,3,123" ten="215,222,305,258" oya="0" hai0="97,122,61,95,30,104,12,71,125,109,10,114,56" hai1="33,9,43,108,63,112,64,32,18,31,102,27,135" hai2="28,74,116,120,40,3,117,115,50,90,94,76,7" hai3="42,77,96,29,66,68,6,131,41,134,26,5,128"/><T34/><D122/><U20/><E43/><V55/><F40/><N who="3" m="15467" /><G68/><T70/><D104/><U93/><E135/><V75/><F120/><W99/><G66/><T11/><D11/><U133/><E133/><V78/><F28/><W130/><G77/><N who="2" m="29801" /><F7/><N who="3" m="2571" /><G134/><T132/><D132/><U54/><E54/><V16/><F3/><W111/><G111/><T105/><D105/><U37/><E37/><V107/><F107/><W53/><G53/><T110/><D71/><U65/><E108/><N who="0" m="41577" /><D70/><U45/><E112/><V91/><F115/><W57/><G57/><T126/><D114/><U14/><E45/><V22/><F75/><W67/><G67/><N who="0" m="39335" /><D30/><U2/><E65/><V121/><F121/><W82/><G82/><T80/><D80/><U118/><E2/><V92/><F74/><W84/><G84/><T119/><D119/><N who="2" m="45642" /><F94/><W86/><G86/><T58/><D58/><N who="1" m="36983" /><E118/><V60/><F60/><W24/><G29/><T87/><D87/><U62/><E62/><V85/><F92/><W52/><G131/><T38/><D38/><U98/><AGARI ba="3,0" hai="9,14,18,20,27,31,32,33,93,98,102" m="36983" machi="98" ten="30,1100,0" yaku="25,1" doraHai="123" who="1" fromWho="1" sc="215,-8,222,20,305,-6,258,-6" /><INIT seed="5,0,0,5,2,100" ten="207,242,299,252" oya="1" hai0="84,109,81,35,110,91,93,76,104,131,51,107,88" hai1="77,79,16,126,17,34,125,5,87,72,37,25,40" hai2="133,106,12,36,113,71,108,89,134,39,9,115,118" hai3="121,135,97,11,44,3,129,120,54,8,103,73,82"/><U13/><E72/><V22/><F106/><N who="0" m="40490" /><D35/><U92/><E40/><V119/><F22/><W112/><G112/><N who="2" m="43081" /><F89/><W96/><G135/><N who="2" m="51721" /><F108/><N who="0" m="41578" /><D51/><U56/><E37/><N who="2" m="14411" /><F71/><W60/><G103/><T19/><D19/><AGARI ba="0,0" hai="9,12,19,118,119" m="14411,51721,43081" machi="19" ten="40,5200,0" yaku="15,1,11,1,20,1" doraHai="100" who="2" fromWho="0" sc="207,-52,242,0,299,52,252,0" /><INIT seed="6,0,0,2,5,57" ten="155,242,351,252" oya="2" hai0="110,103,71,104,0,132,13,133,23,121,17,129,40" hai1="2,130,93,105,44,73,116,82,101,78,6,68,86" hai2="18,56,53,95,21,63,72,39,128,35,65,126,51" hai3="92,87,9,131,46,84,36,109,16,88,10,98,127"/><V29/><F72/><W55/><G109/><T24/><D121/><U25/><E116/><V66/><F39/><W90/><G131/><T94/><D110/><U27/><E68/><V119/><F119/><W48/><G127/><T113/><D0/><U12/><E2/><V43/><F128/><W62/><G36/><T114/><D71/><U32/><E32/><V80/><F126/><W117/><G117/><T85/><D104/><U38/><E130/><V59/><F29/><W42/><G9/><T30/><D40/><U108/><E108/><V106/><F35/><W41/><G62/><T123/><D129/><U111/><E111/><V89/><F106/><W79/><G79/><T74/><D74/><U125/><E125/><V97/><F80/><N who="3" m="49159" /><G87/><T100/><D85/><U5/><E105/><V120/><F120/><W70/><G70/><T118/><D94/><U96/><E73/><V22/><F43/><W135/><G135/><N who="0" m="51787" /><D123/><U102/><E102/><N who="0" m="38953" /><D118/><U54/><E38/><V37/><F37/><W115/><G115/><T26/><D24/><N who="1" m="9291" /><E12/><AGARI ba="0,0" hai="10,12,16,41,42,46,48,55,90,92,98" m="49159" machi="12" ten="30,7700,0" yaku="25,1,8,1,54,2" doraHai="57" who="3" fromWho="1" sc="155,0,242,-77,351,0,252,77" /><INIT seed="7,0,0,3,4,87" ten="155,165,351,329" oya="3" hai0="42,127,108,24,78,106,32,11,27,58,25,18,38" hai1="122,13,125,34,133,5,55,37,1,19,45,107,28" hai2="68,117,119,99,97,10,46,88,109,17,7,129,71" hai3="54,123,84,33,76,130,4,104,121,23,6,113,52"/><W43/><G33/><T53/><D108/><U135/><E107/><V59/><F109/><W80/><G104/><T57/><D106/><U134/><E122/><V3/><F129/><W116/><G116/><T82/><D127/><U85/><E125/><V15/><F68/><W73/><G113/><T105/><D105/><U67/><E67/><V75/><F71/><W20/><G130/><T40/><D32/><U114/><E114/><V16/><F75/><W81/><G43/><N who="0" m="16427" /><D38/><U93/><E37/><V98/><F46/><W48/><G73/><T91/><D78/><U103/><E5/><N who="3" m="2154" /><G81/><T60/><D58/><U120/><E1/><V64/><F117/><W66/><G123/><T92/><D82/><U47/><E120/><V9/><F119/><W86/><G66/><T36/><D36/><U22/><E55/><N who="3" m="21034" /><G86/><N who="0" m="52343" /><D11/><U2/><E2/><V29/><F64/><W89/><G121/><T100/><D100/><U90/><E103/><V110/><F110/><W35/><G35/><T101/><D101/><U39/><E39/><V79/><F3/><W8/><G8/><T83/><D83/><U94/><E94/><V65/><F10/><W118/><G118/><T72/><D72/><U12/><E12/><V128/><F128/><W96/><G48/><T41/><N who="0" m="16435" /><T49/><DORA hai="131" /><D49/><U95/><E95/><AGARI ba="0,0" hai="20,23,76,80,84,89,95,96" m="21034,2154" machi="95" ten="30,5800,0" yaku="8,1,52,1,54,1" doraHai="87,131" who="3" fromWho="1" sc="155,0,165,-58,351,0,329,58" owari="155,-24.0,107,-39.0,351,15.0,387,48.0" /></mjloggm>