<mjloggm ver="2.3"><GO type="169" lobby="0"/><UN n0="%E3%81%AD%E3%81%AA%E3%81%84%E3%81%93%E3%81%A0%E3%82%8C%E3%81%A0" n1="%E3%82%82%E3%81%93%E3%81%BF" n2="%E3%81%84%E3%81%AA%E3%81%97%E3%82%93%E3%80%82" n3="%E3%81%A9%E3%81%A9%E3%81%84%E3%81%A4" dan="16,17,16,17" rate="2138.50,2260.77,2143.82,2166.16" sx="M,M,M,M"/><TAIKYOKU oya="0"/><INIT seed="0,0,0,3,4,116" ten="250,250,250,250" oya="0" hai0="135,39,73,59,127,29,72,128,65,81,90,125,67" hai1="89,130,45,106,85,102,58,0,35,95,109,82,49" hai2="8,93,37,118,51,23,112,44,75,33,54,22,57" hai3="86,66,100,30,24,71,114,3,43,28,25,129,50"/><T2/><D2/><U123/><E0/><V126/><F118/><W124/><G114/><T83/><D39/><U40/><E109/><V131/><F112/><W113/><G113/><T17/><D29/><U105/><E35/><V99/><F33/><W34/><G3/><T88/><D59/><U110/><E130/><V97/><F131/><W121/><G129/><T31/><D128/><U7/><E7/><V47/><F75/><N who="0" m="28746" /><D17/><U87/><E110/><V16/><F126/><N who="0" m="48138" /><D31/><U55/><E102/><N who="2" m="60719" /><F99/><W5/><G30/><T84/><D135/><U64/><E64/><N who="0" m="24649" /><D84/><U94/><E94/><V119/><F119/><W70/><G86/><T60/><D60/><U15/><E15/><N who="2" m="7271" /><F37/><W122/><G34/><T4/><D4/><U134/><E134/><V26/><F22/><W132/><G132/><T42/><D42/><U69/><E69/><V20/><F23/><W21/><G70/><T19/><D19/><AGARI ba="0,0" hai="19,20,26,44,47,51,54,57" m="7271,60719" machi="19" ten="30,2000,0" yaku="8,1,54,1" doraHai="116" who="2" fromWho="0" sc="250,-20,250,0,250,20,250,0" /><INIT seed="1,0,0,5,3,28" ten="230,250,270,250" oya="1" hai0="56,27,57,125,133,128,19,99,26,116,9,70,77" hai1="124,32,31,100,74,15,17,72,129,73,71,41,35" hai2="65,58,1,30,118,88,96,122,115,117,16,20,87" hai3="135,83,79,90,101,111,78,51,8,29,0,89,4"/><U132/><E71/><V52/><F122/><W38/><G111/><T22/><D70/><U40/><E31/><V37/><F1/><W109/><G109/><T119/><D125/><U44/><E124/><V105/><F37/><W5/><G101/><T97/><D77/><U107/><E129/><V81/><F30/><W120/><G120/><T39/><D9/><U23/><E132/><V48/><F65/><W3/><G135/><T43/><D133/><U55/><E107/><V130/><F130/><W50/><G29/><T93/><D128/><U86/><E100/><V92/><F105/><W45/><G38/><T24/><D39/><U18/><E86/><V60/><F115/><W75/><G78/><T85/><D43/><U6/><E6/><V82/><F81/><W67/><G67/><T104/><D104/><U84/><E84/><V98/><F96/><W14/><G51/><T106/><D106/><U66/><E66/><V91/><F48/><W7/><G7/><T46/><D46/><U114/><E114/><V61/><F60/><W134/><G134/><T13/><D119/><U95/><E95/><V62/><F61/><W33/><G33/><N who="1" m="12874" /><E44/><V34/><F34/><W2/><REACH who="3" step="1"/><G5/><REACH who="3" ten="230,250,270,240" step="2"/><T25/><D116/><U131/><E131/><V102/><F102/><W126/><G126/><T10/><D97/><U49/><E18/><V108/><REACH who="2" step="1"/><F108/><REACH who="2" ten="230,250,260,240" step="2"/><W127/><G127/><T54/><D99/><U76/><E76/><V21/><F21/><W69/><G69/><T36/><D36/><U94/><E94/><V53/><F53/><AGARI ba="0,2" hai="0,2,3,4,8,14,45,50,53,75,79,83,89,90" machi="53" ten="40,2600,0" yaku="1,1,53,1" doraHai="28" doraHaiUra="47" who="3" fromWho="2" sc="230,0,250,0,260,-26,240,46" /><INIT seed="2,0,0,0,4,17" ten="230,250,234,286" oya="2" hai0="125,123,64,118,14,86,73,25,134,75,127,49,52" hai1="47,29,59,108,133,43,27,61,135,22,40,55,33" hai2="121,44,70,104,117,90,34,85,21,113,69,28,35" hai3="23,11,0,2,74,84,57,68,48,129,71,132,111"/><V31/><F104/><W82/><G74/><T116/><D123/><U36/><E108/><V81/><F121/><W46/><G111/><T1/><D1/><U124/><E124/><N who="0" m="47689" /><D64/><U3/><E3/><V72/><F117/><N who="0" m="45162" /><D134/><N who="1" m="51211" /><E40/><V77/><F113/><W24/><G132/><T96/><D96/><U79/><E79/><V76/><F44/><W100/><G2/><T112/><D112/><U10/><E10/><V37/><F37/><W101/><G11/><T20/><D14/><U91/><E91/><V106/><F106/><W126/><G0/><T42/><D86/><U62/><E61/><V120/><F120/><W98/><G126/><T83/><D83/><U107/><E107/><V19/><F70/><W41/><G71/><T15/><D15/><U39/><E39/><V99/><F69/><W114/><G68/><T6/><D6/><U8/><E8/><V60/><F60/><W130/><G114/><T105/><D42/><U119/><E119/><V18/><F99/><W12/><G12/><T38/><D105/><U53/><E55/><V56/><F81/><W95/><G100/><T7/><D38/><U63/><E63/><V110/><F110/><W89/><REACH who="3" step="1"/><G57/><REACH who="3" ten="230,250,234,276" step="2"/><N who="0" m="32911" /><D7/><U128/><E128/><V30/><F56/><W88/><G88/><T58/><D58/><U115/><E115/><V45/><F90/><W51/><G51/><T66/><D66/><U9/><E9/><V13/><F76/><W97/><G97/><T32/><D32/><AGARI ba="0,1" hai="22,27,29,32,33,36,43,47,53,59,62" m="51211" machi="32" ten="30,2000,0" yaku="20,1,52,1" doraHai="17" who="1" fromWho="0" sc="230,-20,250,30,234,0,276,0" /><INIT seed="3,0,0,2,3,37" ten="210,280,234,276" oya="3" hai0="55,3,129,81,67,114,34,132,74,98,65,27,18" hai1="28,63,104,86,66,49,79,0,41,84,43,117,30" hai2="35,38,33,40,105,7,10,134,22,21,9,112,99" hai3="70,50,124,52,97,26,61,127,48,125,118,47,95"/><W58/><G118/><T29/><D132/><U44/><E104/><V113/><F105/><W72/><G72/><T94/><D129/><U1/><E117/><V64/><F38/><W54/><G26/><T45/><D114/><U82/><E1/><V4/><F64/><N who="3" m="41231" /><G95/><T8/><D55/><U123/><E123/><V62/><F62/><N who="3" m="36167" /><G97/><T92/><D45/><U100/><E0/><V121/><F99/><W14/><G14/><T15/><D3/><U93/><E43/><V71/><F71/><W24/><G24/><T46/><D46/><U12/><E12/><V56/><F56/><W96/><G96/><T101/><D74/><U90/><E100/><V128/><F40/><N who="3" m="24679" /><G125/><T53/><D94/><U111/><E111/><V133/><REACH who="2" step="1"/><F121/><REACH who="2" ten="210,280,224,276" step="2"/><W16/><G16/><T110/><D98/><U109/><E109/><V59/><F59/><AGARI ba="0,1" hai="50,54,59,124,127" m="24679,36167,41231" machi="59" ten="30,11600,0" yaku="34,2,52,1,54,1" doraHai="37" who="3" fromWho="2" sc="210,0,280,0,224,-116,276,126" /><AGARI ba="0,0" hai="28,30,41,44,49,59,63,66,79,82,84,86,90,93" machi="59" ten="30,3900,0" yaku="7,1,8,1,52,1" doraHai="37" who="1" fromWho="2" sc="210,0,280,39,108,-39,402,0" /><INIT seed="3,1,0,3,3,58" ten="210,319,69,402" oya="3" hai0="29,47,122,107,21,36,72,104,124,108,7,63,86" hai1="78,50,64,16,73,66,28,13,77,41,126,56,39" hai2="116,54,51,125,11,103,37,5,134,80,6,46,44" hai3="89,40,24,31,115,3,17,91,53,84,123,52,132"/><W106/><G115/><T34/><D86/><U74/><E126/><V14/><F125/><W45/><G123/><T79/><D21/><U133/><E133/><V23/><F116/><W114/><G114/><T85/><D85/><U98/><E39/><V128/><F134/><W110/><G132/><T71/><D124/><U8/><E28/><V111/><F111/><W93/><G106/><T20/><D20/><U35/><E35/><V0/><F128/><W12/><G3/><T57/><D7/><U4/><E74/><V65/><F65/><N who="1" m="25193" /><E73/><V129/><F129/><W68/><G68/><T130/><D108/><U120/><E120/><V131/><F131/><W83/><G110/><T1/><D1/><U135/><E135/><V109/><F109/><W61/><G61/><T92/><D71/><U96/><E4/><V38/><F103/><W81/><G24/><N who="0" m="18727" /><D92/><U33/><E33/><V99/><F99/><N who="1" m="37929" /><E56/><V67/><F67/><W90/><G31/><T26/><D107/><U69/><E69/><V9/><F80/><N who="3" m="30795" /><G93/><T22/><D104/><U88/><E88/><V42/><F23/><N who="3" m="11687" /><G84/><T127/><D127/><U94/><E94/><V75/><F75/><W117/><G117/><T82/><D130/><U55/><E55/><V60/><REACH who="2" step="1"/><F37/><REACH who="2" ten="210,319,59,402" step="2"/><W102/><G102/><T19/><D36/><U18/><E77/><V49/><F49/><W119/><G119/><T112/><D112/><U100/><E78/><V121/><F121/><W15/><G15/><T30/><D122/><U59/><E100/><V87/><F87/><W101/><G101/><T62/><D79/><U95/><E13/><RYUUKYOKU ba="1,1" sc="210,-15,319,-15,59,15,402,15" hai2="0,5,6,9,11,14,38,42,44,46,51,54,60" hai3="40,45,52,53,89,90,91" /><INIT seed="3,2,1,2,1,133" ten="195,304,74,417" oya="3" hai0="6,75,9,131,28,109,65,32,119,111,73,78,13" hai1="45,40,11,56,79,27,53,17,59,129,49,102,94" hai2="36,98,50,1,86,67,29,116,132,23,62,100,110" hai3="18,64,135,43,5,108,35,21,76,88,46,39,0"/><W55/><G135/><T70/><D119/><U74/><E129/><V101/><F132/><W52/><G35/><T90/><D131/><U122/><E122/><V83/><F116/><W30/><G30/><T117/><D117/><U97/><E74/><V8/><F36/><W16/><G108/><T15/><D90/><U61/><E79/><V107/><F110/><N who="0" m="41994" /><D78/><U4/><E27/><V48/><F100/><W58/><G76/><T120/><D120/><U37/><E17/><V99/><F98/><W103/><G103/><T34/><D15/><U92/><E92/><V10/><F29/><W91/><G64/><T81/><D81/><U113/><E113/><V60/><F23/><W63/><G55/><T68/><D65/><U26/><E26/><V2/><F60/><W82/><G82/><T125/><D125/><U124/><E124/><V69/><F2/><W77/><G77/><T89/><D89/><U118/><E118/><V71/><F69/><N who="0" m="26730" /><D28/><U84/><E84/><V12/><F1/><W31/><G31/><T93/><D93/><U22/><E22/><V87/><F10/><W42/><G18/><T14/><D14/><U80/><E80/><V96/><F96/><W114/><G114/><T33/><AGARI ba="2,1" hai="6,9,13,32,33,34,73,75" m="26730,41994" machi="33" ten="40,1500,0" yaku="14,1" doraHai="133" who="0" fromWho="0" sc="195,31,304,-6,74,-6,417,-9" /><INIT seed="4,0,0,5,5,67" ten="226,298,68,408" oya="0" hai0="36,76,79,125,128,31,96,27,77,131,33,0,25" hai1="134,4,119,114,47,133,127,132,118,100,28,64,123" hai2="38,105,87,108,61,10,69,6,74,30,117,103,43" hai3="40,42,65,12,3,122,53,72,63,23,46,14,49"/><T84/><D36/><U24/><E100/><V16/><F16/><W130/><G3/><T71/><D0/><U93/><E123/><V90/><F87/><W56/><G72/><T99/><D125/><U7/><E127/><V11/><F90/><W75/><G75/><T135/><D135/><U102/><E47/><N who="2" m="24055" /><F11/><W120/><G130/><N who="0" m="49707" /><D84/><U68/><E93/><V116/><F30/><W59/><G23/><T39/><D39/><U44/><E102/><V58/><F58/><N who="3" m="22059" /><G12/><T26/><D71/><U13/><E44/><V81/><F108/><W8/><G14/><T73/><D73/><U82/><E82/><V94/><F94/><W109/><G8/><T34/><D31/><U51/><E51/><V60/><F60/><W45/><G109/><T112/><D112/><U57/><E57/><V17/><F17/><W19/><G19/><T32/><AGARI ba="0,0" hai="25,26,27,32,33,34,76,77,79,96,99" m="49707" machi="32" ten="50,12000,1" yaku="29,2,28,2,19,1" doraHai="67" who="0" fromWho="0" sc="226,120,298,-40,68,-40,408,-40" /><INIT seed="4,1,0,2,2,70" ten="346,258,28,368" oya="0" hai0="10,34,39,89,103,130,11,90,96,65,75,78,102" hai1="38,58,127,120,74,110,104,24,40,135,123,133,125" hai2="53,27,85,113,19,101,121,64,82,105,28,99,49" hai3="2,26,131,60,36,47,128,35,98,17,91,119,132"/><T83/><D34/><U88/><E104/><V16/><F121/><N who="1" m="46665" /><E74/><V46/><F113/><W129/><G119/><T76/><D65/><U15/><E15/><V111/><F111/><W29/><G2/><T52/><D130/><U68/><E24/><V100/><F100/><W8/><G132/><N who="1" m="50762" /><E110/><V81/><F81/><W94/><G60/><T124/><D124/><N who="1" m="47691" /><E88/><V51/><F51/><W20/><G8/><T12/><D12/><U63/><E68/><V72/><F72/><W126/><G126/><T32/><D75/><U66/><E40/><V0/><F0/><W25/><G47/><T116/><D32/><U79/><E79/><V95/><F105/><W21/><G35/><T112/><D96/><U44/><E44/><V13/><F13/><W117/><REACH who="3" step="1"/><G117/><REACH who="3" ten="346,258,28,358" step="2"/><T9/><D116/><U114/><E114/><V14/><F14/><W84/><G84/><T6/><D112/><U62/><E63/><V77/><REACH who="2" step="1"/><F64/><REACH who="2" ten="346,258,18,358" step="2"/><W5/><G5/><T92/><D6/><U55/><E66/><V93/><F93/><W50/><G50/><T69/><D92/><U61/><E62/><V109/><F109/><W86/><G86/><T43/><D10/><U54/><E54/><V107/><F107/><W18/><G18/><T23/><D52/><U30/><E30/><V134/><F134/><W56/><G56/><T57/><D57/><U33/><E33/><AGARI ba="1,2" hai="16,19,27,28,33,46,49,53,77,82,85,95,99,101" machi="33" ten="30,3900,0" yaku="1,1,7,1,54,1,53,0" doraHai="70" doraHaiUra="3" who="2" fromWho="1" sc="346,0,258,-42,18,62,358,0" /><INIT seed="5,0,0,4,3,46" ten="346,216,80,358" oya="1" hai0="110,86,51,65,32,28,16,57,64,66,128,9,31" hai1="42,133,63,1,34,76,0,101,97,112,120,4,79" hai2="104,122,18,21,109,74,53,72,10,40,106,71,43" hai3="80,69,85,26,62,91,25,124,14,117,132,70,105"/><U47/><E120/><V134/><F122/><W24/><G105/><T93/><D110/><U3/><E112/><V89/><F109/><W88/><G124/><T49/><D32/><U58/><E133/><V111/><F111/><W115/><G115/><T35/><D57/><U7/><E34/><V87/><F134/><W5/><G132/><T123/><D35/><U125/><E125/><V129/><F129/><W75/><G75/><T131/><D123/><U135/><E135/><V8/><F87/><W29/><G29/><N who="0" m="11339" /><D131/><U68/><E68/><V127/><F71/><W52/><G117/><T41/><D41/><U94/><E76/><V12/><F127/><W39/><G39/><T13/><D128/><U36/><REACH who="1" step="1"/><E79/><REACH who="1" ten="346,206,80,358" step="2"/><V116/><F116/><W103/><G70/><T73/><D73/><U108/><E108/><V82/><F74/><W126/><G69/><T19/><D19/><U55/><AGARI ba="0,1" hai="0,1,3,4,7,36,42,47,55,58,63,94,97,101" machi="55" ten="30,3000,0" yaku="1,1,0,1,53,0" doraHai="46" doraHaiUra="17" who="1" fromWho="1" sc="346,-10,206,40,80,-10,358,-10" /><INIT seed="5,1,0,5,3,131" ten="336,246,70,348" oya="1" hai0="134,122,118,53,87,25,123,54,32,101,56,98,81" hai1="22,31,127,120,9,14,80,99,50,33,35,18,37" hai2="45,43,91,88,12,13,96,129,5,126,52,114,10" hai3="93,6,113,82,106,94,2,3,41,8,11,135,55"/><U83/><E120/><N who="0" m="46121" /><D118/><U84/><E37/><V105/><F129/><W0/><G106/><N who="0" m="63799" /><D134/><U128/><E127/><V29/><F126/><W100/><G41/><T92/><D92/><U121/><E128/><V15/><F114/><W20/><G113/><T76/><D56/><U86/><E99/><V48/><F29/><AGARI ba="1,0" hai="25,29,32,53,54,76,81,87" m="63799,46121" machi="29" ten="30,1000,0" yaku="13,1" doraHai="131" who="0" fromWho="2" sc="336,13,246,0,70,-13,348,0" /><INIT seed="6,0,0,5,0,23" ten="349,246,57,348" oya="2" hai0="82,26,133,52,75,46,68,81,27,117,34,87,65" hai1="78,109,88,106,95,12,58,15,19,37,69,77,6" hai2="121,21,125,39,74,14,110,7,107,5,85,94,130" hai3="38,49,1,72,100,41,54,76,115,134,43,118,13"/><V31/><F107/><W63/><G118/><T64/><D34/><U29/><E109/><V104/><F104/><W47/><G1/><T101/><D68/><U90/><E106/><V24/><F74/><W16/><G100/><T17/><D75/><U96/><E37/><V131/><F39/><W124/><G124/><T35/><D35/><U42/><E69/><V20/><F94/><W112/><G134/><T73/><D73/><U33/><E42/><V60/><F85/><W98/><G98/><T61/><D133/><U113/><E113/><N who="3" m="43594" /><G63/><T89/><D101/><U123/><E123/><V50/><F60/><W8/><G38/><T135/><D117/><U36/><E29/><N who="2" m="17543" /><F50/><W32/><G32/><T91/><D17/><U55/><E33/><V3/><F121/><W103/><G103/><T51/><D135/><U22/><E90/><N who="0" m="34313" /><D61/><N who="1" m="36063" /><E36/><V119/><F119/><W102/><G102/><T105/><D105/><U53/><E53/><V111/><F125/><W0/><G0/><T127/><D127/><U97/><E97/><V44/><F44/><W66/><G66/><N who="0" m="25707" /><D87/><U128/><E128/><N who="2" m="49195" /><F3/><W45/><G47/><T114/><D114/><U40/><E40/><V92/><F92/><W30/><G30/><T67/><D67/><U86/><E86/><V108/><F31/><W2/><G72/><T83/><AGARI ba="0,0" hai="26,27,46,51,52,81,82,83" m="25707,34313" machi="83" ten="30,7900,0" yaku="8,1,52,2,54,1" doraHai="23" who="0" fromWho="0" sc="349,79,246,-20,57,-39,348,-20" /><INIT seed="7,0,0,5,4,68" ten="428,226,18,328" oya="3" hai0="20,11,66,7,52,24,130,55,57,14,97,46,109" hai1="81,135,40,79,67,42,77,25,48,5,64,73,60" hai2="80,21,127,17,26,98,4,16,32,51,123,104,88" hai3="92,129,106,120,82,30,8,87,113,107,12,23,33"/><W133/><G120/><T99/><D130/><U34/><E135/><V15/><F123/><W116/><G116/><T6/><D109/><U83/><E5/><V1/><F104/><W43/><G129/><T110/><D6/><U95/><E34/><V117/><F117/><W74/><G133/><T72/><D72/><U119/><E25/><V41/><F41/><W69/><G69/><T105/><D105/><U36/><E119/><V132/><F132/><W101/><G33/><T115/><D110/><U10/><E10/><V86/><F127/><W102/><G113/><T28/><D115/><U2/><E2/><V84/><F98/><N who="0" m="37386" /><D46/><U85/><E48/><V56/><F84/><W39/><G74/><T78/><D78/><U114/><E114/><V27/><F32/><W100/><G92/><T90/><D90/><U71/><E95/><V13/><F1/><W65/><G65/><T45/><D45/><U93/><E93/><V94/><F80/><W89/><G43/><T131/><D131/><U96/><E96/><V111/><F4/><W128/><G128/><T19/><D7/><U18/><E18/><V35/><F35/><W49/><G49/><T22/><D11/><U47/><E42/><V134/><F134/><W44/><G44/><T53/><D66/><U76/><E67/><V9/><F111/><W37/><G107/><T59/><AGARI ba="0,0" hai="14,19,20,22,24,28,52,53,55,57,59" m="37386" machi="59" ten="30,2000,0" yaku="8,1,54,1" doraHai="68" who="0" fromWho="0" sc="428,20,226,-5,18,-5,328,-10" owari="448,55.0,221,-18.0,13,-49.0,318,12.0" /></mjloggm>