<mjloggm ver="2.3"><GO type="185" lobby="0"/><UN n0="%E6%84%9B%E3%81%A8%E6%AD%A3%E7%BE%A9" n1="%4D%4A%E3%81%AE%E3%82%B5%E3%82%BD" n2="%43%72%65%2E%43" n3="" dan="17,18,18,0" rate="2260.97,2340.94,2334.10,1500.00" sx="F,M,F,C"/><TAIKYOKU oya="0"/><INIT seed="0,0,0,4,4,71" ten="350,350,350,0" oya="0" hai0="32,37,92,61,129,65,95,108,53,59,88,41,80" hai1="113,49,57,48,36,3,33,96,35,119,70,103,42" hai2="63,52,50,69,110,121,45,90,34,118,87,93,54" hai3=""/><T66/><D32/><U38/><E70/><V126/><N who="2" m="31008" /><V83/><F34/><T1/><D1/><U98/><E57/><V107/><F107/><T44/><D129/><U64/><E64/><V101/><F110/><T77/><D108/><U124/><E42/><V2/><F126/><T75/><REACH who="0" step="1"/><D95/><REACH who="0" ten="340,350,350,0" step="2"/><U128/><E128/><V116/><F2/><T104/><D104/><U78/><E3/><V114/><F93/><T112/><D112/><U60/><E113/><V100/><F114/><T117/><D117/><U97/><E119/><V46/><F116/><T76/><D76/><U134/><E78/><V89/><F118/><T91/><D91/><U120/><N who="1" m="30752" /><U82/><E33/><V109/><F90/><T47/><D47/><U127/><E35/><V111/><F109/><T122/><N who="0" m="31264" /><T81/><D81/><U39/><E82/><V105/><F111/><T132/><D132/><U58/><E134/><V62/><F105/><T133/><D133/><U130/><E130/><V73/><F45/><T43/><D43/><U123/><N who="1" m="31520" /><U68/><E124/><V102/><F46/><T40/><D40/><U85/><E127/><V135/><F135/><T56/><D56/><U106/><E58/><V74/><F83/><RYUUKYOKU ba="0,1" sc="340,20,350,-10,350,-10,0,0" hai0="37,41,44,53,59,61,65,66,75,77,80,88,92" /><INIT seed="0,1,1,3,5,126" ten="360,340,340,0" oya="0" hai0="35,1,79,131,71,59,100,47,57,107,60,32,42" hai1="81,55,73,74,64,97,103,118,0,46,133,111,129" hai2="63,51,54,34,112,130,92,123,105,96,43,33,120" hai3=""/><T93/><D1/><U125/><E0/><V38/><N who="2" m="30752" /><V69/><N who="2" m="31520" /><V41/><F112/><T67/><D131/><U132/><E64/><V115/><F115/><T116/><D116/><U90/><E46/><V117/><F105/><T83/><D107/><U70/><E55/><V58/><F117/><T62/><D93/><U110/><E70/><V106/><F106/><T50/><D100/><U94/><E118/><V124/><F124/><T82/><D71/><U104/><E125/><V102/><F130/><T135/><D135/><N who="1" m="51787" /><E129/><V89/><F102/><T134/><D134/><U68/><E68/><V114/><F114/><T37/><D37/><U128/><E128/><V52/><F69/><T48/><D48/><U44/><E44/><V77/><F38/><T88/><D82/><U56/><E56/><V122/><N who="2" m="31264" /><V45/><REACH who="2" step="1"/><F77/><REACH who="2" ten="360,340,330,0" step="2"/><T91/><D32/><AGARI ba="1,2" hai="32,33,34,41,43,45,51,52,54,58,63,89,92,96" m="31264,31520,30752" machi="32" ten="40,16000,3" yaku="1,1,2,1,52,3,54,1,53,3" doraHai="126" doraHaiUra="3" who="2" fromWho="0" sc="360,-162,340,0,330,182,0,0" /><INIT seed="1,0,0,5,0,85" ten="198,340,512,0" oya="1" hai0="104,38,62,105,59,48,32,36,0,115,40,66,127" hai1="109,37,46,130,75,73,110,67,82,3,131,88,78" hai2="108,53,132,42,45,112,64,76,87,135,68,33,80" hai3=""/><U116/><E3/><V54/><F33/><T93/><D115/><U86/><E67/><V103/><F108/><N who="1" m="41577" /><E116/><V63/><F103/><T121/><N who="0" m="31008" /><T102/><D0/><U99/><E37/><V70/><F68/><T118/><D32/><U117/><E46/><V1/><F112/><T97/><D127/><U50/><E50/><V94/><F1/><T79/><D118/><U96/><E117/><V60/><F63/><T47/><REACH who="0" step="1"/><D79/><REACH who="0" ten="188,340,512,0" step="2"/><U126/><E126/><V101/><F76/><T113/><D113/><U107/><E75/><V106/><F135/><T56/><D56/><U2/><E2/><V100/><F132/><T119/><D119/><U43/><E43/><V52/><F42/><T44/><D44/><U120/><N who="1" m="30752" /><U91/><E73/><V90/><F45/><T122/><N who="0" m="31264" /><T129/><D129/><N who="1" m="49163" /><E107/><AGARI ba="0,1" hai="36,38,40,47,48,59,62,66,93,97,102,104,105,107" m="31264,31008" machi="107" ten="40,5200,0" yaku="1,1,52,2,53,0" doraHai="85" doraHaiUra="49" who="0" fromWho="1" sc="188,62,340,-52,512,0,0,0" /><INIT seed="2,0,0,1,2,113" ten="250,288,512,0" oya="2" hai0="39,60,117,76,112,123,40,103,58,73,48,56,46" hai1="93,95,105,124,57,97,35,70,74,118,90,81,53" hai2="107,50,109,84,130,38,52,36,3,54,55,34,69" hai3=""/><V37/><F3/><T72/><N who="0" m="31520" /><T110/><D110/><U88/><E70/><V68/><F34/><T71/><D112/><U63/><E35/><V61/><F107/><T47/><D103/><U94/><E124/><V66/><F130/><T104/><D104/><U78/><REACH who="1" step="1"/><E118/><REACH who="1" ten="250,278,512,0" step="2"/><V92/><F68/><T96/><D117/><U126/><E126/><V108/><F109/><T44/><D71/><U82/><E82/><V51/><F108/><T85/><D39/><U77/><E77/><V119/><F119/><T106/><D76/><U2/><E2/><V86/><F37/><T101/><D85/><U80/><E80/><V129/><F36/><T67/><REACH who="0" step="1"/><D40/><REACH who="0" ten="240,278,512,0" step="2"/><U131/><E131/><V127/><F129/><T42/><D42/><U120/><N who="1" m="30752" /><U102/><AGARI ba="0,2" hai="53,57,63,74,78,81,88,90,93,94,95,97,102,105" m="30752" machi="102" ten="30,6000,1" yaku="1,1,4,1,0,1,52,1,54,1,53,0" doraHai="113" doraHaiUra="62" who="1" fromWho="1" sc="240,-20,278,80,512,-40,0,0" /><INIT seed="4,0,0,0,1,65" ten="220,358,472,0" oya="0" hai0="46,75,105,103,60,120,110,107,74,79,33,66,130" hai1="125,102,132,44,80,42,84,126,90,64,67,86,32" hai2="53,43,128,61,109,111,124,135,100,38,41,99,127" hai3=""/><T71/><N who="0" m="30752" /><T47/><D33/><U104/><E32/><V93/><F135/><T45/><D130/><U69/><E132/><V94/><F128/><T2/><D2/><U68/><E64/><V96/><F53/><T55/><D110/><U134/><E134/><V129/><F61/><T113/><D113/><U62/><E102/><V36/><F129/><T89/><D89/><U37/><E104/><V101/><AGARI ba="0,0" hai="36,38,41,43,93,94,96,99,100,101,109,111,124,127" machi="101" ten="25,2400,0" yaku="0,1,22,2" doraHai="65" who="2" fromWho="2" sc="220,-16,358,-8,472,24,0,0" /><INIT seed="5,0,0,5,1,68" ten="204,350,496,0" oya="1" hai0="74,35,53,117,133,90,39,77,3,129,52,82,110" hai1="41,93,62,115,78,51,48,94,101,114,37,132,32" hai2="61,46,107,79,108,121,99,47,84,59,43,60,111" hai3=""/><U130/><E32/><V83/><N who="2" m="31008" /><V42/><F107/><T86/><D3/><U134/><E78/><V33/><F99/><T75/><D110/><U119/><E119/><V49/><F33/><T2/><D2/><U116/><E116/><V65/><F61/><T104/><D35/><U125/><E101/><V0/><F0/><T103/><D117/><U73/><E73/><V135/><F135/><N who="1" m="51753" /><E130/><V55/><F65/><T69/><D133/><U58/><E94/><V54/><F42/><T92/><D129/><U105/><E93/><V63/><F60/><T122/><N who="0" m="31264" /><T36/><D69/><U44/><E105/><V112/><F112/><N who="1" m="43049" /><E125/><V67/><F67/><AGARI ba="0,0" hai="37,41,44,48,51,58,62,67" m="43049,51753" machi="67" ten="30,12000,1" yaku="20,1,15,1,34,2,52,1" doraHai="68" who="1" fromWho="2" sc="204,0,350,120,496,-120,0,0" /><INIT seed="5,1,0,1,3,59" ten="204,470,376,0" oya="1" hai0="93,79,89,56,57,132,120,112,129,118,88,35,76" hai1="45,99,75,70,105,0,109,121,67,42,102,94,37" hai2="48,134,100,133,86,36,91,33,51,87,74,111,123" hai3=""/><U114/><N who="1" m="31008" /><U80/><E114/><V38/><N who="2" m="31520" /><V135/><F111/><T72/><N who="0" m="30752" /><T127/><D35/><U95/><E109/><V52/><F74/><T71/><D112/><U101/><E0/><V58/><F33/><T2/><D2/><U90/><E95/><V104/><F48/><T103/><D132/><U81/><E102/><V66/><F66/><T34/><D34/><U82/><E70/><V53/><F53/><T110/><D110/><U130/><E67/><V3/><F3/><T116/><D71/><U46/><E45/><V96/><REACH who="2" step="1"/><F86/><REACH who="2" ten="204,470,366,0" step="2"/><T68/><D68/><U49/><E49/><V63/><F63/><T122/><N who="0" m="31264" /><T124/><D72/><U62/><E62/><V69/><F69/><T119/><D119/><U128/><REACH who="1" step="1"/><E75/><REACH who="1" ten="204,460,366,0" step="2"/><V54/><F54/><T73/><D73/><U47/><E47/><V50/><F50/><T61/><D61/><U41/><E41/><V108/><F108/><T43/><D43/><U125/><E125/><V97/><F97/><AGARI ba="1,2" hai="37,42,46,80,81,82,90,94,97,99,101,105,128,130" m="31008" machi="97" ten="40,12000,1" yaku="1,1,52,1,53,3" doraHai="59" doraHaiUra="77" who="1" fromWho="2" sc="204,0,460,142,366,-122,0,0" /><INIT seed="5,2,0,3,2,106" ten="204,602,244,0" oya="1" hai0="114,37,109,39,85,1,94,93,65,69,126,103,71" hai1="132,87,120,101,40,46,54,51,110,53,60,70,100" hai2="44,0,64,95,57,115,47,32,76,125,108,66,62" hai3=""/><U89/><N who="1" m="30752" /><U68/><E132/><V38/><F108/><T79/><D109/><U63/><E110/><V96/><F0/><T112/><D1/><U56/><E68/><N who="0" m="26185" /><D65/><U48/><E70/><V107/><F107/><T61/><D61/><U82/><REACH who="1" step="1"/><E63/><REACH who="1" ten="204,592,244,0" step="2"/><V3/><F62/><T50/><D112/><U43/><E43/><V55/><F115/><T83/><D114/><U75/><E75/><V81/><F3/><T49/><D126/><U35/><E35/><V123/><F32/><T135/><D135/><U42/><E42/><V74/><F125/><T121/><D121/><U2/><E2/><V105/><F123/><T97/><D37/><U127/><E127/><V34/><F34/><T86/><D39/><U122/><N who="1" m="31264" /><U36/><E36/><V133/><F133/><T80/><D49/><U116/><E116/><V88/><F38/><T84/><D50/><U111/><E111/><V67/><F74/><T124/><D124/><U134/><E134/><V113/><F113/><T90/><D79/><U129/><E129/><V128/><F128/><T78/><D78/><U33/><E33/><V99/><F76/><T104/><D104/><U102/><E102/><V41/><F105/><T131/><D131/><U52/><E52/><RYUUKYOKU ba="2,1" sc="204,10,592,10,244,-20,0,0" hai0="80,83,84,85,86,90,93,94,97,103" hai1="40,46,48,51,53,54,56,60,82,87,89,100,101" /><INIT seed="5,3,1,2,1,64" ten="214,602,224,0" oya="1" hai0="109,114,108,94,119,115,82,135,42,86,68,75,32" hai1="78,80,69,89,44,55,47,103,62,54,57,121,116" hai2="73,100,45,101,49,74,106,112,113,107,105,58,122" hai3=""/><U84/><N who="1" m="31008" /><U127/><E127/><V117/><N who="2" m="31264" /><V39/><F117/><T61/><D32/><U70/><E116/><V128/><F39/><T71/><D119/><U40/><E103/><N who="2" m="39499" /><F58/><T125/><D125/><U48/><E89/><V53/><F128/><T81/><D135/><U51/><AGARI ba="3,1" hai="40,44,47,48,51,54,55,57,62,69,70,78,80,84" m="31008" machi="51" ten="20,8000,1" yaku="0,1,7,1,52,3" doraHai="64" who="1" fromWho="1" sc="214,-43,602,96,224,-43,0,0" /><INIT seed="5,4,0,2,5,114" ten="171,698,181,0" oya="1" hai0="103,89,107,58,67,53,112,92,3,116,43,36,100" hai1="76,35,87,133,65,95,126,85,88,135,54,57,118" hai2="128,98,46,104,122,1,73,102,91,79,90,71,70" hai3=""/><U77/><E35/><V78/><N who="2" m="31264" /><V63/><F1/><T41/><D112/><U113/><E113/><V37/><F128/><T134/><D3/><U108/><E126/><V74/><F37/><T124/><D124/><U64/><E108/><V125/><F46/><T82/><D134/><U132/><E118/><V34/><F34/><T120/><N who="0" m="30752" /><T83/><D67/><U99/><E85/><V55/><F125/><T69/><D69/><U119/><E119/><V32/><F32/><T93/><D116/><U66/><REACH who="1" step="1"/><E87/><REACH who="1" ten="171,688,181,0" step="2"/><V47/><F74/><T45/><D41/><U2/><E2/><V72/><F73/><T97/><D100/><U48/><AGARI ba="4,1" hai="48,54,57,64,65,66,76,77,88,95,99,132,133,135" machi="48" ten="40,8000,1" yaku="1,1,0,1,20,1,54,1,53,0" doraHai="114" doraHaiUra="0" who="1" fromWho="1" sc="171,-44,688,98,181,-44,0,0" /><INIT seed="5,5,0,1,3,85" ten="127,786,137,0" oya="1" hai0="95,73,62,88,108,67,50,92,51,74,34,104,0" hai1="60,129,113,109,131,107,76,125,35,78,37,114,53" hai2="79,64,48,49,84,89,117,98,105,71,59,119,68" hai3=""/><U44/><E35/><V81/><F117/><T55/><D0/><U80/><E107/><V130/><F119/><T32/><D108/><U72/><E109/><V106/><F130/><T3/><D104/><U83/><E125/><V96/><F106/><T116/><D3/><U61/><E37/><V99/><F105/><T115/><D115/><N who="1" m="44043" /><E44/><V70/><F64/><T33/><D116/><U39/><E39/><V123/><N who="2" m="31520" /><V93/><REACH who="2" step="1"/><F59/><REACH who="2" ten="127,786,127,0" step="2"/><T65/><D65/><U57/><E131/><V47/><F47/><T128/><D128/><U1/><E129/><V2/><F2/><T90/><D67/><U118/><E118/><V82/><F82/><T54/><D33/><U127/><E1/><V132/><F132/><T77/><D62/><U69/><E60/><V121/><N who="2" m="31008" /><V134/><F134/><T46/><D46/><U58/><E58/><V87/><AGARI ba="5,1" hai="48,49,68,70,71,79,81,84,87,89,93,96,98,99" m="31008,31520" machi="87" ten="40,6000,1" yaku="1,1,0,1,52,3,53,0" doraHai="85" doraHaiUra="36" who="2" fromWho="2" sc="127,-25,786,-45,127,80,0,0" /><INIT seed="6,0,0,5,2,82" ten="102,741,207,0" oya="2" hai0="121,52,85,114,37,51,89,105,44,97,60,113,126" hai1="123,80,43,120,135,41,47,40,128,106,49,130,75" hai2="79,83,64,129,108,65,34,132,101,46,133,111,78" hai3=""/><V45/><F101/><T110/><N who="0" m="31008" /><T109/><D37/><U63/><E106/><V107/><F107/><T48/><D126/><U42/><E135/><V95/><F95/><T112/><D60/><U32/><E32/><V91/><F91/><T87/><D51/><U116/><E116/><V103/><F103/><T99/><D105/><U90/><E63/><V124/><F83/><T92/><D99/><U58/><E58/><V77/><F77/><T57/><D57/><U72/><E75/><V131/><F34/><T59/><D59/><U36/><E36/><V134/><F134/><T66/><D66/><U70/><E70/><V62/><F62/><T33/><D33/><U54/><E72/><V81/><F81/><T119/><D119/><U68/><E80/><V38/><F38/><T50/><D50/><U71/><E90/><V3/><F124/><T53/><D53/><U61/><E54/><V88/><F88/><T67/><D67/><U35/><E35/><V2/><AGARI ba="0,0" hai="2,3,45,46,64,65,78,79,108,111,129,131,132,133" machi="2" ten="25,3200,0" yaku="0,1,22,2" doraHai="82" who="2" fromWho="2" sc="102,-16,741,-16,207,32,0,0" /><INIT seed="6,1,0,2,3,84" ten="86,725,239,0" oya="2" hai0="34,132,65,135,52,114,54,62,77,90,118,38,87" hai1="63,71,134,92,64,103,130,109,35,127,89,110,85" hai2="88,83,49,131,36,41,98,106,107,50,78,55,95" hai3=""/><V100/><F131/><T45/><D118/><U79/><E35/><V60/><F36/><T99/><D34/><U120/><N who="1" m="30752" /><U125/><E130/><V115/><F115/><T1/><D1/><U56/><E134/><V82/><F41/><T2/><D2/><U70/><E79/><V0/><F60/><T102/><D114/><U73/><E73/><V108/><F49/><T119/><D119/><U86/><E86/><V81/><F108/><T112/><D112/><U75/><E75/><V58/><F0/><T57/><D77/><U46/><E46/><V93/><REACH who="2" step="1"/><F78/><REACH who="2" ten="86,725,229,0" step="2"/><T32/><D32/><U67/><E109/><V105/><F105/><T48/><D38/><U40/><E110/><V97/><AGARI ba="1,1" hai="50,55,58,81,82,83,88,93,95,97,98,100,106,107" machi="97" ten="30,7800,0" yaku="1,1,0,1,52,1,54,1,53,0" doraHai="84" doraHaiUra="74" who="2" fromWho="2" sc="86,-40,725,-40,229,90,0,0" /><INIT seed="6,2,0,1,1,94" ten="46,685,319,0" oya="2" hai0="90,108,49,74,105,111,78,130,112,135,91,81,119" hai1="98,53,76,99,33,0,2,126,95,32,127,57,107" hai2="61,117,88,68,96,38,103,40,102,92,55,134,83" hai3=""/><V70/><F117/><T41/><D41/><U64/><E64/><V44/><F134/><T82/><D49/><U60/><E107/><V97/><F83/><T50/><D50/><U116/><E116/><V89/><F68/><T121/><N who="0" m="31008" /><T71/><D71/><U129/><E98/><V72/><F72/><T104/><D119/><U35/><E76/><V85/><F85/><T3/><D3/><U36/><E36/><V69/><F69/><T75/><D135/><U48/><E129/><V124/><F124/><N who="1" m="47657" /><E48/><V73/><F73/><T125/><D125/><U132/><E132/><V101/><F101/><AGARI ba="2,0" hai="0,2,32,33,35,53,57,60,95,99,101" m="47657" machi="101" ten="40,2600,0" yaku="18,1,52,1" doraHai="94" who="1" fromWho="2" sc="46,0,685,30,319,-30,0,0" owari="46,-55.0,715,66.0,289,-11.0,0,0.0" /></mjloggm>