<mjloggm ver="2.3"><GO type="169" lobby="0"/><UN n0="%43%6F%6D%65%64%69%61%6E" n1="%EF%BC%98%EF%BC%90%EF%BC%90%EF%BC%98" n2="%6D%6F%6E%79%53" n3="%E6%9D%B1%E4%BA%AC%E9%9B%BB%E5%8A%9B" dan="16,17,16,17" rate="2117.67,2179.65,2052.97,2231.24" sx="M,M,M,M"/><TAIKYOKU oya="0"/><INIT seed="0,0,0,4,4,56" ten="250,250,250,250" oya="0" hai0="35,45,76,94,14,59,2,117,71,62,108,83,58" hai1="57,96,98,109,17,60,133,89,84,24,29,112,51" hai2="53,64,5,41,74,4,65,114,82,20,46,121,27" hai3="18,38,78,97,40,68,26,116,93,70,79,19,44"/><T15/><D2/><U52/><E109/><V55/><F121/><W72/><G116/><T13/><D117/><U100/><E133/><V25/><F114/><W30/><G70/><T129/><D35/><U130/><E130/><V54/><F74/><W99/><G68/><T88/><D129/><U50/><E112/><V6/><F82/><W118/><G99/><N who="1" m="37930" /><E100/><V123/><F123/><W110/><G110/><T0/><D0/><U128/><E29/><V124/><F124/><W23/><G118/><T135/><D135/><U9/><E128/><V91/><F91/><W49/><G38/><T134/><D134/><U102/><E102/><V3/><F3/><W8/><G72/><T28/><D28/><U43/><E43/><V61/><F20/><W106/><G106/><T69/><D108/><U22/><E9/><V75/><F75/><W105/><G105/><T92/><D92/><AGARI ba="0,0" hai="17,22,24,50,51,52,57,60,84,89,92" m="37930" machi="92" ten="30,3900,0" yaku="8,1,52,1,54,1" doraHai="56" who="1" fromWho="0" sc="250,-39,250,39,250,0,250,0" /><INIT seed="1,0,0,4,0,35" ten="211,289,250,250" oya="1" hai0="93,115,23,99,100,110,58,57,17,130,122,10,109" hai1="8,73,132,12,61,133,84,25,45,44,18,92,50" hai2="103,116,98,94,89,48,105,67,63,123,77,37,59" hai3="52,15,9,95,75,69,30,113,22,90,86,119,34"/><U74/><E61/><V108/><F108/><W42/><G113/><T102/><D115/><U104/><E104/><V43/><F116/><W47/><G119/><T55/><D130/><U24/><E74/><V14/><F123/><W38/><G69/><T91/><D122/><U5/><E73/><V2/><F2/><W101/><G75/><T68/><D68/><U121/><E121/><V54/><F77/><W66/><G66/><T127/><D127/><U36/><E36/><V33/><F33/><W27/><G101/><T41/><D41/><U62/><E62/><V3/><F3/><W126/><G126/><T7/><D109/><U83/><E92/><V53/><F14/><W79/><G79/><T21/><D21/><U97/><E97/><V56/><F37/><W106/><G106/><T107/><D58/><U31/><E45/><V80/><F80/><W11/><G52/><T19/><D107/><U20/><E25/><V125/><F125/><W64/><G64/><T1/><D19/><U112/><E112/><V78/><F78/><W129/><G129/><T46/><D46/><U124/><E124/><V117/><F117/><W26/><G15/><T135/><D135/><U6/><E132/><V70/><F43/><W49/><G38/><T39/><D39/><U128/><E128/><V51/><F105/><W96/><G96/><T29/><D29/><AGARI ba="0,0" hai="9,11,22,26,27,29,30,34,42,47,49,86,90,95" machi="29" ten="30,1000,0" yaku="7,1" doraHai="35" who="3" fromWho="0" sc="211,-10,289,0,250,0,250,10" /><INIT seed="2,0,0,2,4,129" ten="201,289,250,260" oya="2" hai0="123,82,94,23,3,72,1,51,106,115,61,6,95" hai1="86,75,74,134,25,109,71,65,113,130,53,93,48" hai2="117,103,47,118,13,97,90,62,8,102,84,60,101" hai3="125,44,73,133,9,114,46,40,56,85,105,43,124"/><V37/><F37/><W67/><G73/><T100/><D115/><U89/><E113/><V31/><F118/><W122/><G105/><T59/><D123/><U5/><E109/><V50/><F117/><W55/><G85/><T66/><D106/><U11/><E130/><V64/><F31/><W87/><G87/><T132/><D132/><U63/><E25/><V18/><F97/><W27/><G9/><T76/><D6/><U12/><REACH who="1" step="1"/><E134/><REACH who="1" ten="201,279,250,260" step="2"/><V14/><F13/><W107/><G27/><T92/><D100/><U28/><E28/><V91/><F64/><W34/><G67/><T111/><D111/><U32/><E32/><V36/><F36/><W127/><G34/><T68/><D68/><U20/><E20/><V26/><F26/><W33/><G33/><T24/><REACH who="0" step="1"/><D51/><REACH who="0" ten="191,279,250,260" step="2"/><U22/><E22/><V108/><F108/><W21/><G21/><T49/><D49/><U45/><AGARI ba="0,2" hai="5,11,12,45,48,53,63,65,71,74,75,86,89,93" machi="45" ten="20,2700,0" yaku="1,1,0,1,7,1,53,0" doraHai="129" doraHaiUra="116" who="1" fromWho="1" sc="191,-7,279,47,250,-13,260,-7" /><INIT seed="3,0,0,0,5,18" ten="184,326,237,253" oya="3" hai0="54,111,13,50,91,73,55,44,48,38,72,27,3" hai1="2,77,32,86,52,10,11,9,49,68,127,103,122" hai2="92,63,51,75,108,33,1,74,90,24,14,34,15" hai3="30,78,87,67,124,107,132,16,93,20,6,109,97"/><W28/><G124/><T61/><D3/><U29/><E122/><V23/><F1/><W0/><G132/><T58/><D111/><U129/><E68/><V41/><F108/><W113/><G113/><T4/><D38/><U76/><E129/><V102/><F102/><W104/><G109/><T118/><D118/><U69/><E69/><V85/><F33/><W112/><G112/><T60/><D73/><U22/><E32/><V43/><F34/><W65/><G107/><T59/><D72/><U120/><E120/><V79/><F74/><W81/><G104/><T126/><D126/><U134/><E134/><V56/><F79/><W105/><G105/><T12/><D4/><U125/><E2/><V53/><F75/><W101/><G6/><T46/><D27/><N who="1" m="16631" /><E127/><V64/><F41/><W39/><G39/><T94/><D94/><U47/><E103/><V99/><F85/><W5/><G5/><T70/><D70/><U100/><E100/><V17/><REACH who="2" step="1"/><F43/><REACH who="2" ten="184,326,227,253" step="2"/><W36/><G0/><T45/><REACH who="0" step="1"/><D91/><REACH who="0" ten="174,326,227,253" step="2"/><U40/><E125/><V96/><F96/><W95/><G36/><T26/><D26/><U62/><E86/><V88/><F88/><W135/><G135/><T7/><D7/><U82/><E82/><V42/><F42/><W121/><G121/><T133/><D133/><U116/><E116/><V19/><F19/><W89/><G89/><T31/><D31/><N who="3" m="11817" /><G95/><T71/><D71/><AGARI ba="0,2" hai="14,15,17,23,24,51,53,56,63,64,71,90,92,99" machi="71" ten="30,3900,0" yaku="1,1,7,1,52,1,53,0" doraHai="18" doraHaiUra="83" who="2" fromWho="0" sc="174,-39,326,0,227,59,253,0" /><INIT seed="4,0,0,5,4,102" ten="135,326,286,253" oya="0" hai0="35,98,32,72,39,130,96,48,16,87,2,131,94" hai1="44,117,15,34,74,37,49,9,59,108,1,31,88" hai2="90,97,40,76,109,62,58,73,78,68,116,82,38" hai3="67,77,111,85,89,47,104,103,6,129,42,53,112"/><T8/><D39/><U63/><E108/><V51/><F109/><W110/><G112/><T126/><D72/><U36/><E74/><V93/><F116/><W125/><G125/><T28/><D126/><U33/><E1/><V92/><F38/><W11/><G129/><N who="0" m="49163" /><D48/><U45/><E117/><V61/><F78/><W50/><G67/><T17/><D2/><U25/><E34/><N who="0" m="12841" /><D28/><U120/><E120/><V46/><F68/><W95/><G77/><T4/><D4/><U24/><E24/><V127/><F127/><W86/><G86/><T13/><D17/><U69/><E69/><V123/><F123/><W26/><G42/><T75/><D75/><U118/><E118/><V19/><F19/><W60/><G60/><T22/><D22/><U27/><E27/><V30/><F30/><W105/><G26/><T20/><D20/><U10/><E37/><V14/><F14/><W115/><G115/><T64/><D64/><U114/><E36/><V65/><F61/><W5/><G5/><T41/><D41/><U54/><E114/><V57/><F62/><W66/><G66/><T119/><D119/><U52/><E15/><V21/><F21/><W101/><G111/><T91/><AGARI ba="0,0" hai="8,13,16,87,91,94,96,98" m="12841,49163" machi="91" ten="40,3900,0" yaku="19,1,54,1" doraHai="102" who="0" fromWho="0" sc="135,39,326,-13,286,-13,253,-13" /><INIT seed="4,1,0,1,2,32" ten="174,313,273,240" oya="0" hai0="9,99,52,131,36,108,28,68,45,8,100,22,70" hai1="125,56,11,48,40,98,6,15,86,112,21,91,93" hai2="80,83,44,18,55,110,81,14,115,78,31,121,101" hai3="38,74,82,16,17,94,53,113,135,27,26,13,102"/><T58/><D131/><U128/><E125/><V120/><F115/><W39/><G135/><T41/><D108/><U84/><E128/><V127/><F127/><W63/><G113/><T67/><D28/><U89/><E112/><V124/><F124/><W42/><G74/><T105/><D22/><U25/><E40/><V30/><F110/><W59/><G82/><T71/><REACH who="0" step="1"/><D67/><REACH who="0" ten="164,313,273,240" step="2"/><U46/><E21/><V79/><F30/><W134/><G134/><T130/><D130/><U132/><E132/><V65/><F31/><W87/><G26/><T76/><D76/><U88/><E25/><V23/><F65/><W0/><G27/><T104/><D104/><U97/><E97/><V4/><F78/><W19/><G38/><T66/><D66/><U5/><E98/><V61/><F79/><W35/><G35/><T37/><D37/><U51/><E86/><V24/><F24/><W118/><G87/><T96/><D96/><U47/><E84/><V20/><F23/><W75/><G39/><T129/><D129/><U111/><E111/><V106/><F106/><W49/><G75/><T92/><D92/><U77/><E93/><V116/><F20/><W64/><G94/><T117/><D117/><U1/><E77/><V133/><F116/><W60/><G118/><T73/><D73/><U33/><E33/><V103/><F133/><W10/><G64/><T2/><D2/><U54/><E51/><AGARI ba="1,1" hai="8,9,36,41,45,51,52,58,68,70,71,99,100,105" machi="51" ten="40,3900,0" yaku="1,1,54,1,53,0" doraHai="32" doraHaiUra="90" who="0" fromWho="1" sc="164,52,313,-42,273,0,240,0" /><INIT seed="4,2,0,5,0,118" ten="216,271,273,240" oya="0" hai0="15,101,5,121,2,120,127,12,113,7,71,13,47" hai1="70,85,3,86,129,83,135,40,82,46,20,96,60" hai2="22,93,107,44,24,50,78,57,56,61,126,38,14" hai3="54,114,19,45,100,17,103,94,10,33,122,68,125"/><T51/><D71/><U92/><E3/><V34/><F107/><W115/><G68/><T131/><D113/><U133/><E129/><V91/><F126/><W87/><G33/><T29/><D131/><U67/><E20/><V25/><F34/><W109/><G109/><T124/><D29/><U37/><E85/><V52/><F38/><W89/><G125/><N who="0" m="48203" /><D101/><U23/><E23/><V119/><F119/><W31/><G31/><T73/><D73/><U65/><E65/><V26/><F78/><W6/><G103/><T117/><D117/><U30/><E30/><V9/><F22/><W48/><G100/><T16/><D16/><U75/><E75/><V11/><F14/><N who="0" m="3586" /><T39/><DORA hai="49" /><D39/><U43/><E43/><N who="2" m="24863" /><F57/><W21/><G21/><T95/><D95/><U104/><E104/><V0/><F0/><N who="3" m="327" /><G17/><T53/><D2/><U69/><E69/><V41/><F41/><W111/><G19/><T102/><D102/><N who="1" m="60679" /><E86/><AGARI ba="2,0" hai="9,11,24,25,26,52,56,61,86,91,93" m="24863" machi="86" ten="30,3900,0" yaku="8,1,52,1,54,1" doraHai="118,49" who="2" fromWho="1" sc="216,0,271,-45,273,45,240,0" /><INIT seed="5,0,0,2,4,65" ten="216,226,318,240" oya="1" hai0="134,116,132,59,69,36,79,14,33,104,68,82,47" hai1="71,80,117,53,55,94,97,64,43,51,88,123,86" hai2="45,87,126,122,35,129,133,12,4,37,107,109,85" hai3="121,90,52,0,44,124,70,31,60,50,93,42,39"/><U15/><E117/><V17/><F107/><W21/><G0/><T115/><D116/><U48/><E123/><V131/><F122/><W118/><G118/><T61/><D104/><U10/><E64/><V128/><F109/><W38/><G121/><T119/><D119/><U99/><E71/><N who="0" m="27209" /><D33/><U2/><E2/><V22/><F35/><W77/><G77/><T5/><D5/><U76/><E97/><V67/><F67/><W92/><G92/><T81/><D14/><U24/><E24/><V73/><F73/><W103/><G103/><T9/><D9/><U8/><E8/><V18/><F18/><W113/><G70/><T57/><D115/><U1/><E1/><V56/><F4/><W20/><G113/><T63/><D36/><U34/><E34/><V89/><F37/><W110/><G38/><T91/><D47/><N who="1" m="25727" /><E51/><V3/><F45/><W125/><G39/><T112/><D112/><U98/><E98/><V95/><F3/><W114/><G114/><T27/><D27/><U16/><AGARI ba="0,0" hai="10,15,16,53,55,76,80,86,88,94,99" m="25727" machi="16" ten="30,6000,0" yaku="8,1,54,2" doraHai="65" who="1" fromWho="1" sc="216,-20,226,60,318,-20,240,-20" /><INIT seed="5,1,0,4,1,126" ten="196,286,298,220" oya="1" hai0="62,135,120,50,85,70,1,111,13,20,68,101,79" hai1="5,98,56,54,18,63,91,94,123,134,25,129,38" hai2="121,42,69,110,24,16,58,52,31,103,99,32,124" hai3="77,95,83,27,73,9,0,29,108,72,46,100,132"/><U131/><E123/><V6/><F110/><W36/><G108/><T40/><D1/><U122/><E122/><V93/><F124/><W34/><G132/><T43/><D111/><U112/><E38/><V107/><F121/><W96/><G73/><T44/><D120/><U90/><E112/><V35/><F69/><W104/><G95/><T65/><D135/><U75/><E75/><V84/><F6/><N who="3" m="1223" /><G46/><T89/><D79/><U21/><E134/><V115/><F115/><W67/><G67/><T76/><D76/><U15/><E91/><V130/><F130/><N who="1" m="49673" /><E5/><V128/><F128/><W45/><G45/><T66/><D101/><U47/><E47/><V3/><F3/><W11/><G11/><T39/><D39/><AGARI ba="1,0" hai="27,29,34,36,39,72,77,83,96,100,104" m="1223" machi="39" ten="30,2000,0" yaku="33,2" doraHai="126" who="3" fromWho="0" sc="196,-23,286,0,298,0,220,23" /><INIT seed="6,0,0,5,2,117" ten="173,286,298,243" oya="2" hai0="71,35,95,77,104,34,119,88,92,57,75,128,0" hai1="118,22,63,135,83,54,106,20,50,28,132,16,80" hai2="43,5,72,111,90,123,129,127,46,130,48,73,112" hai3="31,126,69,84,12,64,39,81,62,59,114,18,10"/><V41/><F112/><W55/><G126/><T115/><D104/><U45/><E106/><V11/><F127/><W107/><G114/><T13/><D71/><U37/><E118/><V49/><F111/><W103/><G31/><T74/><D0/><U82/><E37/><V66/><F66/><W134/><G134/><N who="1" m="51242" /><E28/><V65/><F65/><W21/><G39/><T4/><D115/><U116/><E116/><V109/><F123/><W120/><G120/><T2/><D2/><U68/><E68/><V67/><F67/><W6/><G103/><T51/><D119/><U96/><E96/><V33/><F33/><W32/><G32/><T1/><D1/><U25/><E22/><V14/><F109/><W15/><G107/><T27/><D128/><N who="2" m="49258" /><F90/><W26/><G69/><T91/><D77/><U133/><N who="1" m="51250" /><U125/><DORA hai="121" /><E63/><V105/><F105/><W40/><G40/><T122/><D122/><U94/><E94/><V61/><F61/><W38/><G38/><T70/><D70/><U53/><E125/><V8/><F8/><W24/><REACH who="3" step="1"/><G64/><REACH who="3" ten="173,286,298,233" step="2"/><T36/><D36/><U79/><E54/><V98/><F41/><W85/><G85/><AGARI ba="0,1" hai="16,20,25,45,50,53,79,80,82,83,85" m="51250" machi="85" ten="40,2600,0" yaku="20,1,54,1" doraHai="117,121" who="1" fromWho="3" sc="173,0,286,36,298,0,233,-26" /><INIT seed="7,0,0,5,3,40" ten="173,322,298,207" oya="3" hai0="43,53,27,115,119,1,113,101,89,34,6,131,25" hai1="79,78,41,124,102,134,83,69,99,16,81,15,23" hai2="87,68,21,4,118,31,20,17,72,59,24,62,104" hai3="47,10,135,126,103,5,12,30,46,107,19,123,49"/><W110/><G123/><T35/><D119/><U98/><E69/><V63/><F72/><W14/><G126/><T67/><D101/><U18/><E134/><V114/><F114/><N who="0" m="43530" /><D67/><U128/><E41/><V3/><F118/><W32/><G135/><T2/><D43/><U28/><E28/><V37/><F37/><W0/><G110/><T71/><D71/><U33/><E33/><N who="0" m="12297" /><D89/><U133/><E124/><V88/><F4/><W74/><G74/><T22/><D131/><U36/><E36/><V8/><F8/><W120/><G120/><T76/><D76/><U93/><E128/><V112/><F3/><N who="0" m="1034" /><D6/><U50/><E79/><V100/><F112/><W45/><G49/><T129/><D129/><U122/><E78/><V111/><F68/><W7/><G0/><T117/><D117/><U56/><E122/><V97/><F111/><W38/><G38/><T61/><D22/><U75/><E75/><V26/><F59/><W82/><G82/><AGARI ba="0,0" hai="17,20,21,24,26,31,62,63,82,87,88,97,100,104" machi="82" ten="30,2000,0" yaku="7,1,54,1" doraHai="40" who="2" fromWho="3" sc="173,0,322,0,298,20,207,-20" owari="173,-33.0,322,42.0,318,12.0,187,-21.0" /></mjloggm>