<mjloggm ver="2.3"><GO type="169" lobby="0"/><UN n0="%E3%83%90%E3%82%AD" n1="%73%74%61%72%E6%98%9F%E8%BE%B0" n2="%E6%A4%9B%E5%8D%97" n3="%E3%83%93%E3%83%81%E3%83%A3%E5%B1%B1%E3%83%93%E3%83%81%E3%83%A3%E7%94%B7" dan="17,16,16,16" rate="2202.52,2110.63,2105.87,2034.38" sx="M,F,F,M"/><TAIKYOKU oya="0"/><INIT seed="0,0,0,1,1,31" ten="250,250,250,250" oya="0" hai0="53,125,124,101,115,30,22,47,49,45,25,2,99" hai1="3,40,120,42,81,111,38,63,79,37,51,69,11" hai2="110,15,73,24,12,105,74,60,1,7,94,0,46" hai3="123,112,28,103,76,35,14,84,33,70,26,34,87"/><T126/><D115/><U67/><E120/><V113/><F105/><W102/><G112/><T10/><D2/><U89/><E89/><V57/><F110/><W56/><G70/><T58/><REACH who="0" step="1"/><D10/><REACH who="0" ten="240,250,250,250" step="2"/><U108/><E3/><V48/><F1/><W66/><G123/><T118/><D118/><U98/><E11/><V127/><F0/><W23/><G14/><T6/><D6/><U82/><E108/><V135/><F15/><W77/><G77/><T93/><AGARI ba="0,1" hai="22,25,30,45,47,49,53,58,93,99,101,124,125,126" machi="93" ten="30,6000,0" yaku="1,1,0,1,18,1,53,0" doraHai="31" doraHaiUra="106" who="0" fromWho="0" sc="240,70,250,-20,250,-20,250,-20" /><INIT seed="0,1,0,2,2,15" ten="310,230,230,230" oya="0" hai0="6,54,107,2,100,124,19,103,34,26,95,12,20" hai1="127,66,83,13,21,109,53,62,105,85,55,49,8" hai2="117,119,101,99,41,11,58,24,114,78,135,134,57" hai3="16,30,29,28,94,102,82,131,46,113,118,133,9"/><T27/><D107/><U129/><E105/><N who="2" m="63679" /><F114/><W56/><G118/><N who="2" m="45065" /><F41/><W47/><G113/><T122/><D122/><U0/><E109/><V70/><F70/><W97/><G131/><T33/><D124/><U111/><E129/><V71/><F71/><W60/><G133/><N who="2" m="50697" /><F78/><W59/><G82/><T116/><D116/><U72/><E111/><V77/><F77/><W65/><G59/><T125/><D125/><U89/><E83/><V68/><F68/><W18/><REACH who="3" step="1"/><G9/><REACH who="3" ten="310,230,230,220" step="2"/><N who="0" m="2263" /><D103/><U39/><E8/><V63/><F11/><W45/><AGARI ba="1,1" hai="16,18,28,29,30,45,46,47,56,60,65,94,97,102" machi="45" ten="30,12000,2" yaku="1,1,0,1,8,1,52,2,54,1,53,1" doraHai="15" doraHaiUra="52" who="3" fromWho="3" sc="310,-61,230,-31,230,-31,220,133" /><INIT seed="1,0,0,4,1,123" ten="249,199,199,353" oya="1" hai0="103,98,130,50,29,33,14,34,61,81,51,21,99" hai1="127,53,31,58,85,38,46,113,3,60,126,56,91" hai2="108,112,11,96,89,36,76,25,32,128,7,30,83" hai3="41,102,120,115,77,122,66,15,1,70,125,4,117"/><U16/><E3/><V75/><F108/><W9/><G115/><T40/><D130/><U87/><E113/><V107/><F112/><W131/><G102/><T71/><D33/><U48/><E31/><V19/><F128/><W45/><G131/><T18/><D40/><U72/><E72/><V62/><F36/><W129/><G129/><T132/><D132/><U133/><E133/><V57/><F19/><W37/><G125/><N who="1" m="47626" /><E38/><V28/><F28/><W35/><G35/><T43/><D81/><N who="1" m="49583" /><E87/><V94/><F107/><W49/><G49/><T27/><D43/><U65/><E16/><V63/><REACH who="2" step="1"/><F57/><AGARI ba="0,0" hai="46,48,53,56,57,58,60,65" m="49583,47626" machi="57" ten="30,1500,0" yaku="18,1" doraHai="123" who="1" fromWho="2" sc="249,0,199,15,199,-15,353,0" /><INIT seed="1,1,0,2,2,41" ten="249,214,184,353" oya="1" hai0="74,100,94,130,42,102,135,81,68,28,72,84,83" hai1="14,13,49,43,26,108,127,45,48,56,111,60,118" hai2="66,76,32,38,47,7,114,11,54,82,70,98,9" hai3="34,125,96,23,99,51,4,24,31,2,87,131,117"/><U20/><E118/><V64/><F114/><W80/><G125/><T62/><D28/><U1/><E1/><V19/><F32/><W71/><G131/><T21/><D21/><U55/><E127/><V93/><F70/><W52/><G71/><T61/><D42/><U10/><E10/><V119/><F38/><W113/><G113/><T104/><D68/><U122/><E122/><V91/><F11/><W16/><G4/><T90/><D61/><U3/><E3/><V78/><F19/><W17/><G2/><T77/><D62/><U121/><E121/><V33/><F33/><W35/><G35/><T59/><D59/><U120/><E120/><V116/><F78/><W101/><G117/><T110/><D110/><N who="1" m="42027" /><E60/><V65/><F119/><W58/><G101/><N who="0" m="39019" /><D130/><U5/><E5/><V57/><F116/><W18/><REACH who="3" step="1"/><G34/><REACH who="3" ten="249,214,184,343" step="2"/><T75/><D135/><U105/><E105/><V109/><F109/><W112/><G112/><T67/><D104/><U88/><E26/><V107/><F107/><W22/><G22/><T27/><D27/><U129/><E129/><V106/><F106/><W53/><G53/><T29/><D67/><U79/><E20/><V128/><F128/><W36/><G36/><T0/><D0/><U115/><E115/><V46/><F7/><W126/><G126/><T133/><D133/><U8/><E8/><V15/><F9/><W103/><G103/><T95/><D29/><U39/><E39/><V132/><F132/><W134/><G134/><T30/><D30/><U97/><E79/><AGARI ba="1,1" hai="16,17,18,23,24,31,51,52,58,79,80,87,96,99" machi="79" ten="40,8000,1" yaku="1,1,8,1,54,2,53,0" doraHai="41" doraHaiUra="6" who="3" fromWho="1" sc="249,0,214,-83,184,0,343,93" /><INIT seed="2,0,0,4,2,34" ten="249,131,184,436" oya="2" hai0="18,6,10,66,29,56,101,9,28,95,52,105,30" hai1="33,31,67,16,90,41,119,48,5,100,103,47,87" hai2="24,50,53,83,132,89,27,68,11,74,39,123,1" hai3="120,80,109,131,3,126,93,44,94,63,40,70,92"/><V130/><F39/><W36/><G120/><T73/><D73/><U65/><E119/><V133/><F130/><W25/><G25/><T98/><D105/><U116/><E116/><V97/><F68/><W118/><G118/><T17/><D66/><U49/><E5/><N who="2" m="1455" /><F97/><W38/><G38/><T121/><D121/><U8/><E31/><V127/><F123/><W23/><G80/><T72/><D72/><U91/><E33/><V106/><F106/><W81/><G81/><T58/><D58/><U45/><E8/><V20/><F20/><W75/><G23/><T79/><D79/><U111/><E111/><V0/><F0/><W64/><G75/><T12/><REACH who="0" step="1"/><D10/><REACH who="0" ten="239,131,184,436" step="2"/><U102/><E65/><V35/><F74/><W19/><G64/><T77/><D77/><U88/><E67/><V85/><F127/><W2/><G70/><T135/><D135/><N who="2" m="51786" /><F35/><W99/><G126/><T122/><D122/><U13/><E87/><V115/><F115/><W117/><G117/><T76/><D76/><U59/><E59/><AGARI ba="0,1" hai="24,27,50,53,59,83,85,89" m="51786,1455" machi="59" ten="30,2900,0" yaku="20,1,52,1" doraHai="34" who="2" fromWho="1" sc="239,0,131,-29,184,39,436,0" /><INIT seed="2,1,0,5,0,109" ten="239,102,223,436" oya="2" hai0="51,93,133,21,132,88,70,85,20,76,123,57,115" hai1="73,87,89,39,117,95,6,7,46,8,0,5,27" hai2="98,13,90,105,15,38,30,33,106,126,119,80,74" hai3="112,4,19,127,62,129,58,79,66,91,12,9,135"/><V18/><F126/><W102/><G127/><T52/><D123/><U97/><E117/><V14/><F38/><W59/><G129/><T36/><D70/><U50/><E39/><V47/><F119/><W108/><G108/><T65/><D65/><U101/><E73/><V24/><F47/><W94/><G135/><N who="0" m="51787" /><D36/><U64/><E27/><V103/><F106/><W77/><G102/><T55/><D76/><U124/><E64/><V128/><F128/><W113/><G59/><N who="0" m="33279" /><D115/><N who="3" m="44105" /><G4/><T116/><D116/><U69/><E69/><V114/><F114/><W72/><G72/><T83/><D93/><U122/><E122/><V2/><F2/><W40/><G40/><T134/><N who="0" m="51795" /><T42/><DORA hai="25" /><D42/><U44/><E124/><V1/><F1/><W125/><G125/><T99/><D99/><AGARI ba="1,0" hai="9,12,19,58,62,66,77,79,91,94,99" m="44105" machi="99" ten="30,7700,0" yaku="11,1,52,3" doraHai="109,25" who="3" fromWho="0" sc="239,-80,102,0,223,0,436,80" /><INIT seed="3,0,0,5,3,91" ten="159,102,223,516" oya="3" hai0="109,47,95,27,57,118,1,41,32,51,17,18,103" hai1="22,33,42,67,74,89,40,31,38,115,117,15,44" hai2="50,99,106,124,77,112,35,129,76,134,94,56,16" hai3="68,132,0,81,24,52,71,87,14,21,116,119,49"/><W69/><G0/><T105/><D118/><U72/><E115/><V23/><F112/><W84/><G132/><T65/><D105/><U93/><E117/><V11/><F35/><W128/><G128/><T36/><D1/><U121/><E121/><V61/><F106/><W64/><G87/><T79/><D109/><U29/><E67/><V88/><F124/><W63/><G14/><T111/><D111/><U8/><E33/><V59/><F134/><W5/><G5/><T58/><D79/><U135/><E135/><V66/><F11/><W62/><G62/><T125/><D125/><U127/><E127/><V92/><F94/><W123/><G123/><T2/><D2/><U39/><E29/><V12/><F129/><W98/><G98/><T13/><D36/><U19/><E31/><V73/><F73/><W26/><G26/><T96/><D65/><U20/><E72/><V97/><F97/><W83/><G83/><T131/><D131/><U4/><E4/><V120/><F120/><W108/><G108/><T80/><D80/><U114/><E74/><V55/><AGARI ba="0,0" hai="12,16,23,50,55,56,59,61,66,76,77,88,92,99" machi="55" ten="30,8000,1" yaku="0,1,8,1,52,1,54,2" doraHai="91" who="2" fromWho="2" sc="159,-20,102,-20,223,80,516,-40" /><INIT seed="4,0,0,4,1,47" ten="139,82,303,476" oya="0" hai0="116,70,33,130,69,51,79,99,68,67,91,22,84" hai1="128,1,63,3,48,129,26,4,25,66,23,15,20" hai2="89,117,10,121,131,18,100,124,88,75,40,90,9" hai3="44,62,80,14,108,61,110,50,16,112,45,74,7"/><T72/><D116/><U94/><E94/><V17/><F121/><W96/><G112/><T49/><D33/><U34/><E66/><V11/><F75/><W29/><G29/><T127/><D67/><U115/><E63/><V24/><F131/><N who="1" m="50249" /><E115/><V132/><F132/><W21/><G7/><T65/><D130/><U57/><E57/><V42/><F100/><W125/><G125/><T71/><D127/><U6/><E34/><V103/><F103/><W97/><G45/><T36/><D36/><U54/><E54/><V32/><F124/><W95/><G97/><T2/><D99/><U8/><E48/><V135/><F135/><W105/><G105/><T119/><D119/><U81/><E81/><V13/><F117/><W53/><G62/><T123/><D65/><U85/><E85/><V46/><F13/><W87/><G61/><T114/><D68/><U73/><E73/><V109/><F42/><W107/><G74/><T35/><D35/><U102/><E102/><V122/><F122/><W106/><G107/><T82/><D123/><U120/><E120/><V76/><F76/><W92/><G92/><T93/><D72/><U19/><E4/><V55/><F55/><W0/><G106/><T118/><D93/><U98/><E98/><V41/><F40/><W111/><G95/><T28/><D118/><U31/><AGARI ba="0,0" hai="1,3,6,8,15,19,20,23,25,26,31" m="50249" machi="31" ten="30,4000,0" yaku="19,1,34,2" doraHai="47" who="1" fromWho="1" sc="139,-20,82,40,303,-10,476,-10" /><INIT seed="5,0,0,5,5,20" ten="119,122,293,466" oya="1" hai0="81,38,54,111,33,90,118,56,22,79,39,64,31" hai1="123,55,102,121,52,127,92,85,3,35,125,40,17" hai2="119,37,16,96,73,113,131,130,68,69,109,88,57" hai3="14,45,115,99,61,110,104,66,48,12,95,67,106"/><U97/><E3/><V82/><F109/><W108/><G115/><T0/><D0/><U60/><E40/><V133/><F119/><W132/><G132/><T135/><D111/><U120/><E35/><V124/><F37/><W112/><G112/><T5/><D118/><U59/><E85/><V21/><F133/><W24/><G104/><T27/><D135/><U53/><REACH who="1" step="1"/><E17/><REACH who="1" ten="119,112,293,466" step="2"/><V7/><F113/><W74/><G108/><T18/><D5/><U25/><E25/><V76/><F7/><W75/><G24/><T47/><D33/><U65/><AGARI ba="0,1" hai="52,53,55,59,60,65,92,97,102,120,121,123,125,127" machi="65" ten="40,7800,0" yaku="1,1,0,1,54,1,53,0" doraHai="20" doraHaiUra="72" who="1" fromWho="1" sc="119,-26,112,88,293,-26,466,-26" /><INIT seed="5,1,0,5,4,87" ten="93,200,267,440" oya="1" hai0="85,105,30,83,114,18,16,118,110,84,56,43,44" hai1="65,55,35,123,34,2,124,121,22,3,64,120,70" hai2="131,94,79,76,101,103,7,98,71,77,117,23,100" hai3="82,67,26,107,28,17,19,78,49,108,90,45,102"/><U61/><E124/><V132/><F71/><W125/><G108/><T14/><D110/><U127/><E127/><V68/><F68/><W5/><G125/><T115/><D105/><U74/><E22/><V99/><F7/><W54/><G5/><T52/><D118/><U33/><E64/><V21/><F117/><W95/><G102/><T50/><D85/><U72/><REACH who="1" step="1"/><E55/><REACH who="1" ten="93,190,267,440" step="2"/><V40/><F23/><W15/><G67/><T27/><D115/><U48/><E48/><V1/><F21/><W58/><G49/><N who="0" m="30735" /><D114/><U9/><E9/><V126/><F126/><W112/><G112/><T13/><D30/><U47/><E47/><V57/><F132/><W106/><G28/><T37/><D37/><U113/><E113/><V88/><F131/><W46/><G46/><T59/><D59/><U92/><E92/><V97/><F57/><W86/><G45/><T89/><D27/><U69/><E69/><V116/><F116/><W135/><G135/><T128/><D128/><U12/><E12/><AGARI ba="1,1" hai="12,13,14,16,18,43,44,50,83,84,89" m="30735" machi="12" ten="30,7700,0" yaku="8,1,52,1,54,2" doraHai="87" who="0" fromWho="1" sc="93,90,190,-80,267,0,440,0" /><INIT seed="6,0,0,3,1,45" ten="183,110,267,440" oya="2" hai0="88,24,112,89,54,85,51,129,69,67,15,31,132" hai1="75,57,28,91,33,130,23,81,133,64,7,73,56" hai2="104,78,70,9,131,53,93,113,123,13,4,14,44" hai3="118,32,95,114,117,108,134,100,126,40,92,128,26"/><V120/><F104/><W119/><G40/><T29/><D112/><U122/><E130/><V87/><F113/><W71/><G26/><T86/><D129/><U72/><E133/><V60/><F131/><W10/><G128/><T30/><D132/><U3/><E122/><V68/><F68/><W6/><G134/><T63/><D15/><U76/><E91/><V37/><F37/><W135/><G135/><T17/><D17/><U83/><E33/><V34/><F34/><W48/><G114/><T42/><D42/><U20/><E28/><V96/><F14/><W0/><G32/><T55/><D24/><U16/><E64/><V80/><F70/><W5/><G100/><T59/><D54/><U98/><E98/><V90/><REACH who="2" step="1"/><F60/><REACH who="2" ten="183,110,257,440" step="2"/><W105/><G105/><T65/><D69/><U11/><E20/><V41/><F41/><W58/><G71/><T46/><D67/><U61/><E61/><V21/><F21/><W116/><G116/><T79/><D79/><U19/><E76/><V52/><F52/><N who="3" m="32007" /><G118/><T109/><D109/><U8/><E23/><V94/><F94/><W99/><G95/><N who="0" m="54671" /><D65/><U124/><E3/><V49/><AGARI ba="0,1" hai="4,9,13,44,49,53,78,80,87,90,93,96,120,123" machi="49" ten="30,6000,0" yaku="1,1,0,1,52,1,53,0" doraHai="45" doraHaiUra="35" who="2" fromWho="2" sc="183,-20,110,-20,257,70,440,-20" /><INIT seed="6,1,0,3,2,62" ten="163,90,327,420" oya="2" hai0="117,85,122,127,27,1,113,58,112,119,52,17,70" hai1="21,101,23,131,59,79,14,34,9,2,43,13,45" hai2="109,94,15,5,32,35,72,115,71,16,98,84,10" hai3="12,41,31,126,81,57,97,129,19,88,89,22,74"/><V106/><F72/><W133/><G133/><T63/><D122/><U120/><E120/><V104/><F115/><N who="0" m="44106" /><D1/><U86/><E131/><V118/><F118/><N who="0" m="45066" /><D127/><U135/><E135/><V4/><F84/><W38/><G126/><T36/><D85/><U116/><E116/><V121/><F121/><W25/><G129/><T51/><D36/><U37/><E2/><V128/><F128/><W102/><G41/><T46/><D27/><U39/><E39/><V80/><F80/><W47/><G47/><T20/><D20/><U26/><E13/><V100/><F71/><W33/><G57/><T3/><D17/><U93/><E34/><V56/><F109/><W24/><G38/><T92/><D92/><U50/><E26/><V29/><F29/><W110/><G25/><T68/><D3/><U91/><E101/><V7/><REACH who="2" step="1"/><F56/><REACH who="2" ten="163,90,317,420" step="2"/><W40/><G110/><T18/><D18/><U0/><E59/><V125/><F125/><W82/><G74/><T132/><D132/><U55/><E86/><V64/><F64/><AGARI ba="1,1" hai="46,51,52,58,63,64,68,70" m="45066,44106" machi="64" ten="30,12000,2" yaku="15,1,12,1,34,2,52,1,54,1" doraHai="62" who="0" fromWho="2" sc="163,133,90,0,317,-123,420,0" /><INIT seed="7,0,0,4,3,63" ten="296,90,194,420" oya="3" hai0="51,24,119,17,93,8,37,57,58,96,77,83,27" hai1="85,95,112,68,88,127,5,81,2,47,104,46,82" hai2="42,76,65,52,48,100,121,86,102,123,43,38,41" hai3="49,36,55,90,60,120,117,1,7,25,22,39,0"/><W35/><G35/><T31/><D37/><U122/><E122/><N who="2" m="46603" /><F65/><W75/><G75/><T97/><D119/><U40/><E104/><V19/><F38/><W105/><G105/><T84/><D51/><U10/><E112/><V131/><F19/><W125/><G125/><T70/><D97/><U128/><E127/><V79/><F131/><W56/><G117/><T92/><D92/><U44/><E128/><V4/><F4/><W132/><G132/><T30/><D70/><U72/><E68/><V107/><F107/><W126/><G126/><T33/><D8/><U94/><E94/><V101/><F86/><W13/><G120/><T16/><D58/><AGARI ba="0,0" hai="41,42,43,48,52,58,76,79,100,101,102" m="46603" machi="58" ten="40,2600,0" yaku="13,1,54,1" doraHai="63" who="2" fromWho="0" sc="296,-26,90,0,194,26,420,0" owari="270,7.0,90,-41.0,220,-18.0,420,52.0" /></mjloggm>