<mjloggm ver="2.3"><GO type="169" lobby="0"/><UN n0="%E3%82%8F%E3%81%A3%E3%81%97%E3%82%87%E3%81%84%E5%90%9B%32%E5%8F%B7" n1="%E3%83%90%E3%83%AA%E3%83%88%E3%83%B3" n2="%E3%82%82%E3%82%8A%E3%81%9E%E3%83%BC%33%38" n3="%6D%61%74%6F%30%36%30%33" dan="19,16,17,17" rate="2309.72,2192.55,2192.41,2202.31" sx="M,M,M,M"/><TAIKYOKU oya="0"/><INIT seed="0,0,0,4,4,101" ten="250,250,250,250" oya="0" hai0="34,120,86,83,62,96,98,90,55,40,1,58,65" hai1="134,78,54,19,118,123,12,60,7,66,26,74,73" hai2="49,57,37,2,27,77,121,52,42,15,113,48,10" hai3="24,116,13,115,38,72,112,84,8,61,31,6,76"/><T44/><D120/><U47/><E118/><V124/><F113/><W43/><G116/><T93/><D34/><U89/><E123/><V125/><F2/><W50/><G38/><T131/><D1/><U92/><E134/><V46/><F77/><W71/><G72/><T30/><D131/><U23/><E78/><V104/><F121/><W107/><G61/><T103/><D30/><U67/><E74/><V100/><F27/><W14/><G14/><T21/><D21/><U88/><E73/><V17/><REACH who="2" step="1"/><F37/><REACH who="2" ten="250,250,240,250" step="2"/><W39/><G39/><T133/><D133/><U111/><E111/><V129/><F129/><W36/><G76/><T56/><D96/><AGARI ba="0,1" hai="10,15,17,42,46,48,49,52,57,96,100,104,124,125" machi="96" ten="40,5200,0" yaku="1,1,52,1,54,1,53,0" doraHai="101" doraHaiUra="29" who="2" fromWho="0" sc="250,-52,250,0,240,62,250,0" /><INIT seed="1,0,0,2,3,13" ten="198,250,302,250" oya="1" hai0="59,128,44,0,49,124,5,129,75,61,94,41,47" hai1="55,3,46,69,10,26,79,86,35,54,63,123,74" hai2="32,52,7,51,90,114,22,62,103,72,104,118,34" hai3="73,84,20,4,102,64,115,126,99,98,58,48,134"/><U12/><E74/><V30/><F118/><W37/><G37/><N who="0" m="21551" /><D94/><U125/><E3/><V11/><F72/><W56/><G115/><T45/><D5/><U121/><E125/><V66/><F90/><W107/><G73/><T82/><D82/><U60/><E123/><V78/><F78/><W39/><G39/><T119/><D0/><U77/><E121/><V40/><F40/><W9/><G126/><T31/><D31/><U19/><E69/><V8/><F114/><W110/><G84/><T21/><D21/><N who="1" m="13631" /><E35/><V71/><F22/><W67/><G99/><T33/><D33/><U131/><E131/><N who="0" m="50249" /><D75/><U14/><E14/><V65/><F65/><W96/><G96/><T25/><D25/><U57/><E86/><V1/><F11/><W108/><G9/><T111/><D124/><U81/><E81/><V76/><F76/><N who="1" m="29257" /><E46/><N who="0" m="17417" /><D119/><U109/><E109/><V28/><F32/><W68/><G110/><T36/><D36/><U18/><E55/><V6/><F6/><W97/><G4/><T43/><D43/><U53/><E54/><V100/><F34/><W112/><G108/><T122/><D122/><U50/><AGARI ba="0,0" hai="10,12,18,50,53,57,60,63" m="29257,13631" machi="50" ten="30,6000,0" yaku="8,1,52,2" doraHai="13" who="1" fromWho="1" sc="198,-20,250,60,302,-20,250,-20" /><INIT seed="1,1,0,3,1,43" ten="178,310,282,230" oya="1" hai0="21,94,127,11,133,30,96,83,74,78,73,120,55" hai1="135,93,1,13,116,2,61,91,103,45,29,22,95" hai2="15,64,115,106,109,81,39,7,132,123,98,122,117" hai3="114,24,110,68,58,56,33,41,28,57,105,112,49"/><U125/><E116/><V36/><F117/><W134/><G68/><T38/><D127/><U65/><E135/><V79/><F132/><W82/><G134/><T46/><D133/><U121/><E121/><V107/><F64/><W89/><G105/><N who="2" m="39945" /><F15/><W119/><G119/><T76/><D120/><N who="2" m="46122" /><F7/><W130/><G110/><T17/><D30/><U4/><E125/><V113/><F109/><W48/><G130/><T3/><D76/><U19/><E4/><V71/><F71/><W100/><G100/><T80/><D83/><U0/><E29/><V70/><F70/><W69/><G69/><T16/><D74/><U10/><E10/><V108/><F108/><W12/><G49/><T9/><D3/><U26/><E13/><V31/><F31/><W77/><G89/><T32/><D32/><U128/><E128/><V62/><F62/><W20/><G12/><T102/><D17/><U18/><E18/><V87/><F98/><W23/><G23/><T88/><D102/><U67/><E61/><V104/><N who="2" m="39953" /><V44/><DORA hai="90" /><F44/><W60/><G60/><T5/><D5/><U97/><REACH who="1" step="1"/><E45/><REACH who="1" ten="178,300,282,230" step="2"/><V129/><F129/><W85/><G33/><T53/><D11/><U118/><E118/><V92/><F113/><W51/><G112/><T59/><D9/><U42/><E42/><V6/><F6/><W126/><G114/><T8/><D8/><U101/><E101/><V75/><F115/><W14/><G126/><T40/><D59/><U131/><E131/><V111/><F111/><W99/><G58/><T52/><D16/><U27/><E27/><V47/><F47/><RYUUKYOKU ba="1,1" sc="178,10,300,10,282,10,230,-30" hai0="21,38,40,46,52,53,55,73,78,80,88,94,96" hai1="0,1,2,19,22,26,65,67,91,93,95,97,103" hai2="36,39,75,79,81,87,92" /><INIT seed="1,2,1,4,5,112" ten="188,310,292,200" oya="1" hai0="120,8,83,19,37,71,124,130,58,92,1,131,29" hai1="65,24,89,18,116,90,34,119,6,33,132,125,10" hai2="26,49,110,35,109,7,134,98,104,70,27,69,22" hai3="3,66,75,14,51,82,88,122,101,39,78,32,0"/><U102/><E102/><N who="2" m="62551" /><F7/><W16/><G122/><T40/><D71/><U31/><E65/><V85/><F27/><W106/><G39/><T126/><D120/><U44/><E44/><V129/><F35/><N who="1" m="13321" /><E89/><V62/><F62/><W28/><G66/><T86/><D92/><U20/><E90/><V94/><F49/><W4/><G4/><N who="0" m="1039" /><D29/><U13/><E132/><V5/><F5/><W93/><G51/><T76/><D58/><U100/><E100/><V15/><F15/><W60/><G60/><T72/><D86/><U81/><E81/><V45/><F45/><W74/><G74/><T42/><D19/><U103/><E103/><V43/><F43/><N who="0" m="16426" /><D37/><U91/><E91/><N who="2" m="53615" /><F134/><W52/><G52/><T117/><D117/><N who="1" m="45131" /><E125/><AGARI ba="2,1" hai="72,76,83,124,125,126,130,131" m="16426,1039" machi="125" ten="30,1000,0" yaku="18,1" doraHai="112" who="0" fromWho="1" sc="188,26,310,-16,292,0,200,0" /><INIT seed="2,0,0,2,4,8" ten="214,294,292,200" oya="2" hai0="122,38,73,86,45,44,109,84,134,64,99,31,22" hai1="62,130,68,72,90,50,26,9,19,49,98,69,14" hai2="96,37,24,56,58,55,75,51,104,92,17,48,28" hai3="32,102,10,82,63,16,0,83,35,80,12,27,131"/><V15/><F75/><W6/><G131/><T42/><D122/><U20/><E72/><V123/><F104/><W21/><G102/><T125/><D73/><U34/><E34/><V1/><F1/><W33/><REACH who="3" step="1"/><G63/><REACH who="3" ten="214,294,292,190" step="2"/><T119/><D119/><U121/><E130/><V47/><F123/><W11/><G11/><T53/><D109/><U94/><E121/><V85/><F37/><W127/><G127/><T13/><D125/><U36/><E36/><V129/><F129/><W117/><G117/><T135/><D134/><U89/><E69/><V60/><F48/><W61/><G61/><T113/><D135/><U126/><E126/><V118/><F118/><W3/><AGARI ba="0,1" hai="0,3,6,10,12,16,21,27,32,33,35,80,82,83" machi="3" ten="40,8000,1" yaku="1,1,0,1,52,1,54,1,53,0" doraHai="8" doraHaiUra="128" who="3" fromWho="3" sc="214,-20,294,-20,292,-40,190,90" /><INIT seed="3,0,0,5,3,29" ten="194,274,252,280" oya="3" hai0="111,55,36,48,15,62,42,59,119,94,101,84,61" hai1="65,31,79,32,85,122,9,70,120,38,11,21,126" hai2="69,103,4,54,135,125,49,74,77,89,121,78,98" hai3="96,14,13,105,19,128,82,115,10,66,7,88,97"/><W37/><G115/><T109/><D101/><U34/><E38/><V102/><F125/><W134/><G37/><T68/><D94/><U118/><E70/><V2/><F69/><W24/><G128/><T5/><D84/><U33/><E65/><V107/><F135/><W86/><G134/><T18/><D5/><U41/><E41/><V73/><F121/><W28/><G105/><T25/><D25/><N who="1" m="16815" /><E79/><V63/><F63/><W110/><G66/><N who="0" m="41039" /><D18/><U124/><E85/><V17/><F17/><W26/><G110/><N who="0" m="41995" /><D15/><U57/><E57/><V80/><F89/><W43/><G43/><T27/><D27/><N who="3" m="10281" /><G28/><T92/><D92/><U87/><E87/><V130/><F102/><W117/><G117/><T44/><D62/><U71/><E71/><V50/><F130/><W45/><G45/><T40/><D40/><U39/><E118/><AGARI ba="0,0" hai="36,42,44,48,55,59,118,119" m="41995,41039" machi="118" ten="30,7700,0" yaku="24,1,14,1,34,2" doraHai="29" who="0" fromWho="1" sc="194,77,274,-77,252,0,280,0" /><INIT seed="4,0,0,0,4,54" ten="271,197,252,280" oya="0" hai0="30,122,76,95,46,97,58,20,70,108,61,4,55" hai1="94,43,121,63,114,1,110,17,47,112,36,79,133" hai2="64,5,90,103,131,3,83,34,102,123,52,26,107" hai3="129,51,125,40,62,2,116,12,78,31,38,56,67"/><T14/><D122/><U6/><E110/><V21/><F34/><W73/><G2/><T127/><D108/><U37/><E121/><V60/><F131/><W7/><G116/><T32/><D127/><U100/><E133/><V135/><F135/><W104/><G104/><T15/><D70/><U84/><E37/><V35/><F35/><W126/><G38/><T113/><D113/><N who="1" m="43627" /><E17/><V13/><F3/><W8/><G31/><T23/><D32/><U65/><E6/><V33/><F33/><W28/><G28/><T24/><D76/><U11/><E11/><N who="2" m="4335" /><F107/><W101/><G101/><N who="0" m="60607" /><D4/><U66/><E1/><V82/><F64/><W91/><G91/><T80/><D80/><N who="2" m="30762" /><F90/><W59/><G78/><T57/><D46/><U45/><E45/><V111/><F123/><W105/><G105/><T115/><D115/><U42/><E42/><V106/><F106/><W92/><G73/><T88/><D23/><U134/><E134/><V93/><F93/><W69/><G92/><T49/><D88/><N who="1" m="53511" /><E79/><V44/><F44/><N who="3" m="25991" /><G129/><T29/><D30/><U77/><E77/><V41/><F41/><W130/><G130/><T9/><D9/><U68/><E65/><AGARI ba="0,0" hai="14,15,20,24,29,49,55,57,58,61,65" m="60607" machi="65" ten="30,11600,0" yaku="25,1,8,1,52,2" doraHai="54" who="0" fromWho="1" sc="271,116,197,-116,252,0,280,0" /><INIT seed="4,1,0,1,5,71" ten="387,81,252,280" oya="0" hai0="100,127,32,53,27,82,23,37,36,78,87,68,49" hai1="61,24,51,76,12,6,80,64,50,54,18,19,135" hai2="115,40,129,83,10,52,7,72,101,8,43,98,62" hai3="124,108,69,106,9,132,126,38,112,128,67,2,90"/><T70/><D32/><U3/><E3/><V107/><F115/><W75/><RYUUKYOKU type="yao9" ba="1,0" sc="387,0,81,0,252,0,280,0" hai3="2,9,38,67,69,75,90,106,108,112,124,126,128,132" /><INIT seed="4,2,0,1,4,94" ten="387,81,252,280" oya="0" hai0="28,14,104,124,132,53,57,39,120,58,71,24,35" hai1="115,118,60,86,1,51,99,36,31,114,95,48,50" hai2="133,84,26,129,128,49,55,125,10,87,73,123,67" hai3="42,22,34,30,27,135,130,25,65,33,41,96,89"/><T112/><D120/><U2/><E118/><V92/><F123/><W77/><G130/><N who="2" m="50281" /><F73/><W5/><G135/><T101/><D39/><U105/><E36/><V46/><F133/><W82/><G5/><T3/><D3/><U97/><E31/><V20/><F67/><W109/><G109/><T16/><D132/><U85/><E60/><V54/><F10/><W18/><G65/><T32/><D32/><U21/><E21/><V0/><F0/><N who="1" m="105" /><E105/><V93/><F54/><W4/><G4/><T131/><D131/><U40/><E40/><V8/><F8/><W117/><G117/><T68/><D68/><U63/><E63/><V17/><F125/><W29/><G89/><T13/><D71/><U107/><E107/><V90/><F93/><W75/><REACH who="3" step="1"/><G96/><AGARI ba="2,0" hai="17,20,26,46,49,55,84,87,90,92,96" m="50281" machi="96" ten="30,2000,0" yaku="19,1,52,1" doraHai="94" who="2" fromWho="3" sc="387,0,81,0,252,26,280,-26" /><INIT seed="5,0,0,4,5,112" ten="387,81,278,254" oya="1" hai0="70,10,45,47,99,22,128,85,2,108,0,118,83" hai1="88,94,26,8,7,90,113,18,15,34,50,38,111" hai2="80,29,63,51,11,36,71,4,101,30,100,27,105" hai3="116,57,119,95,102,1,106,86,9,65,121,13,31"/><U91/><E38/><V124/><F36/><W74/><G121/><T84/><D70/><U37/><E37/><V98/><F101/><W6/><G74/><T20/><D10/><U81/><E113/><V97/><F97/><W43/><G43/><T117/><D99/><U54/><E111/><V87/><F124/><W78/><G106/><T61/><D61/><U24/><E34/><V107/><F107/><W25/><G1/><T59/><D59/><U77/><E94/><V62/><F51/><W19/><G6/><T42/><D83/><U52/><E7/><V104/><F104/><W135/><G135/><T3/><D3/><U92/><E92/><V73/><F73/><W115/><G115/><T49/><D49/><U123/><E123/><V44/><F44/><W48/><G78/><T125/><D42/><U76/><E54/><V40/><F40/><W89/><G102/><T32/><D32/><U133/><E133/><V93/><F105/><W23/><REACH who="3" step="1"/><G48/><REACH who="3" ten="387,81,278,244" step="2"/><T58/><D2/><U60/><E60/><AGARI ba="0,1" hai="9,13,19,23,25,31,57,60,65,86,89,95,116,119" machi="60" ten="40,8000,1" yaku="1,1,2,1,52,2,53,0" doraHai="112" doraHaiUra="35" who="3" fromWho="1" sc="387,0,81,-80,278,0,244,90" /><INIT seed="6,0,0,5,2,86" ten="387,1,278,334" oya="2" hai0="98,17,48,59,112,130,36,83,41,96,61,11,111" hai1="45,91,129,31,32,54,51,89,85,35,104,12,77" hai2="56,103,26,24,116,27,66,127,2,1,84,105,44" hai3="65,58,135,68,88,57,78,114,6,0,46,95,50"/><V40/><F116/><W102/><G135/><T25/><D111/><U52/><E104/><V99/><F127/><W81/><G102/><T29/><D36/><U4/><E129/><V74/><F74/><W126/><G126/><T20/><D130/><U131/><E131/><V34/><F34/><W121/><G121/><T79/><D112/><U3/><E3/><V94/><F66/><W62/><G114/><T97/><D41/><U113/><E113/><V5/><F56/><W43/><G6/><T110/><D48/><U80/><E35/><V75/><F75/><W47/><G0/><T53/><D110/><U92/><E31/><V120/><F120/><W63/><G46/><T106/><D106/><U133/><E32/><V115/><F115/><W93/><G93/><T42/><D42/><N who="1" m="25015" /><E133/><V73/><F73/><W109/><G109/><T13/><D96/><N who="1" m="57359" /><E77/><V22/><F22/><W30/><G30/><T71/><D71/><U124/><E124/><V39/><REACH who="2" step="1"/><F5/><REACH who="2" ten="387,1,268,334" step="2"/><W118/><G118/><T8/><D8/><AGARI ba="0,1" hai="4,8,12,52,54,80,85,91" m="57359,25015" machi="8" ten="30,7700,0" yaku="8,1,52,2,54,1" doraHai="86" who="1" fromWho="0" sc="387,-77,1,87,268,0,334,0" /><INIT seed="7,0,0,0,2,120" ten="310,88,268,334" oya="3" hai0="107,22,29,51,70,6,0,131,8,20,37,85,117" hai1="21,111,77,124,73,2,92,66,82,121,7,30,75" hai2="129,135,44,15,127,42,54,40,115,31,134,5,62" hai3="133,53,32,24,45,96,48,36,27,83,23,50,122"/><W94/><G122/><T38/><D117/><U47/><E121/><V35/><F31/><W19/><G32/><T64/><D107/><U105/><E105/><V60/><F15/><N who="3" m="9727" /><G36/><T43/><D131/><U52/><E124/><V1/><F5/><W41/><G83/><T57/><D85/><U67/><E75/><V79/><F1/><W114/><G114/><T14/><D22/><U59/><E111/><V49/><F79/><W100/><G133/><N who="2" m="50697" /><F35/><W125/><G125/><T87/><D87/><U10/><E92/><V99/><F99/><W46/><AGARI ba="0,0" hai="24,27,41,45,46,48,50,53,94,96,100" m="9727" machi="46" ten="30,1500,0" yaku="8,1" doraHai="120" who="3" fromWho="3" sc="310,-5,88,-5,268,-5,334,15" owari="305,11.0,83,-42.0,263,-14.0,349,45.0" /></mjloggm>