<mjloggm ver="2.3"><GO type="169" lobby="0"/><UN n0="%E3%82%AA%E3%83%AD%E3%83%8E%E3%81%A1%E3%82%83%E3%82%93" n1="%E5%8F%8B%E4%BA%BA%45" n2="%E9%AB%98%E6%A9%8B%E6%B7%B3" n3="%E6%98%8E%E6%97%A5%E3%81%AE%E3%82%86%E3%81%8F%E3%81%88" dan="16,16,16,17" rate="2047.50,2078.67,2137.71,2192.11" sx="F,F,M,M"/><TAIKYOKU oya="0"/><INIT seed="0,0,0,2,3,134" ten="250,250,250,250" oya="0" hai0="117,135,130,48,111,80,85,119,76,3,4,21,38" hai1="121,43,32,58,72,90,113,112,86,15,37,100,96" hai2="94,109,33,83,106,81,120,5,70,62,6,108,84" hai3="88,27,42,41,122,54,34,36,126,97,95,52,114"/><T56/><D38/><U132/><E121/><V46/><F106/><W0/><G114/><T77/><D135/><U28/><E132/><V61/><F33/><W118/><G118/><T115/><D115/><U78/><E37/><V49/><F94/><W25/><G0/><T127/><D130/><U93/><E43/><N who="3" m="16394" /><G36/><T133/><D133/><U67/><E32/><V71/><F84/><W16/><G34/><T59/><D21/><U89/><E28/><V110/><F49/><W13/><G126/><T92/><D92/><U63/><E90/><V23/><F23/><N who="3" m="11663" /><G122/><T87/><D111/><U101/><E15/><V22/><F22/><W68/><G68/><N who="2" m="26153" /><F120/><W73/><G73/><T116/><D127/><U47/><E112/><V35/><F35/><W105/><G105/><T124/><D48/><U69/><E69/><V82/><F46/><W2/><G2/><T128/><D124/><U14/><E47/><V123/><F123/><W12/><G12/><T8/><REACH who="0" step="1"/><D128/><REACH who="0" ten="240,250,250,250" step="2"/><U98/><E113/><V26/><F26/><AGARI ba="0,1" hai="25,26,27,52,54,88,95,97" m="11663,16394" machi="26" ten="30,7700,0" yaku="8,1,54,3" doraHai="134" who="3" fromWho="2" sc="240,0,250,0,250,-77,250,87" /><INIT seed="1,0,0,5,3,99" ten="240,250,173,337" oya="1" hai0="54,36,100,132,9,75,15,34,0,32,96,35,62" hai1="31,63,65,93,44,73,53,16,70,47,97,30,94" hai2="41,95,131,88,19,101,26,52,14,11,78,76,114" hai3="67,115,51,133,2,90,25,24,82,29,119,56,92"/><U105/><E73/><V4/><F131/><W38/><G115/><T45/><D132/><U23/><E105/><V20/><F41/><W118/><G38/><T113/><D0/><U80/><E80/><V72/><F72/><W61/><G2/><T81/><D113/><U77/><E77/><V59/><F101/><W5/><G5/><T135/><D135/><U83/><E83/><V74/><F74/><W12/><G82/><T116/><D116/><N who="3" m="44585" /><G133/><T129/><D129/><U110/><E93/><V27/><F114/><W106/><G106/><T50/><D62/><U84/><E84/><V91/><F26/><W126/><G126/><T43/><D81/><U120/><E120/><V102/><F102/><W124/><G124/><T85/><D85/><U117/><E117/><V39/><F39/><W7/><G51/><T71/><D71/><U86/><E86/><N who="2" m="52631" /><F91/><W48/><G48/><AGARI ba="0,0" hai="4,11,14,19,20,27,48,52,59,76,78" m="52631" machi="48" ten="30,3900,0" yaku="8,1,54,2" doraHai="99" who="2" fromWho="3" sc="240,0,250,0,173,39,337,-39" /><INIT seed="2,0,0,2,3,32" ten="240,250,212,298" oya="2" hai0="47,123,124,78,83,88,58,51,31,68,27,132,13" hai1="22,121,96,122,115,104,62,118,54,89,128,4,1" hai2="127,99,40,102,112,28,119,94,8,108,131,5,103" hai3="53,2,110,15,52,0,130,59,81,29,42,48,43"/><V12/><F112/><W134/><G29/><T24/><D68/><U71/><E115/><V39/><F119/><W92/><G110/><T37/><D123/><N who="1" m="47115" /><E118/><V116/><F116/><W67/><G67/><T82/><D132/><U60/><E128/><V63/><F131/><W75/><G130/><T95/><D37/><U97/><E71/><V16/><F127/><W90/><G134/><T64/><D13/><U74/><E74/><V26/><F108/><W49/><G81/><N who="0" m="30731" /><D31/><U38/><E38/><V72/><F72/><W56/><G75/><T61/><D78/><U44/><E22/><V87/><F87/><W117/><G117/><T80/><N who="0" m="30739" /><T21/><DORA hai="76" /><D21/><U17/><E104/><V20/><F102/><W79/><G79/><T109/><D124/><U25/><E89/><V113/><F113/><W106/><G106/><T65/><D65/><U135/><E135/><V85/><F85/><W33/><G33/><T93/><D109/><U84/><E84/><V57/><F39/><W105/><G105/><T35/><D35/><U10/><E97/><V45/><F28/><W91/><G15/><T133/><D133/><U129/><E96/><V86/><F86/><W19/><REACH who="3" step="1"/><G19/><REACH who="3" ten="240,250,212,288" step="2"/><T126/><D126/><U50/><E129/><V70/><F70/><W98/><G98/><N who="0" m="57639" /><D95/><AGARI ba="0,1" hai="0,2,42,43,48,49,52,53,56,59,90,91,92,95" machi="95" ten="25,16000,3" yaku="1,1,22,2,52,2,54,1,53,2" doraHai="32,76" doraHaiUra="36,114" who="3" fromWho="0" sc="240,-160,250,0,212,0,288,170" /><INIT seed="3,0,0,2,5,96" ten="80,250,212,458" oya="3" hai0="89,53,75,132,124,73,115,68,48,27,114,99,51" hai1="35,117,34,56,6,61,17,38,64,40,113,62,107" hai2="98,44,129,127,55,8,25,67,46,135,7,23,102" hai3="65,87,36,18,81,74,16,19,26,108,49,63,31"/><W4/><G36/><T82/><D68/><U111/><E113/><N who="0" m="43017" /><D53/><U3/><E107/><V100/><F127/><W12/><G74/><N who="0" m="28171" /><D27/><U39/><E64/><V131/><F67/><W9/><G108/><T125/><D51/><U85/><E40/><V84/><F84/><W42/><G65/><T103/><D48/><U110/><E56/><V57/><F98/><W32/><G63/><T95/><D132/><U59/><E59/><V47/><F135/><W121/><G121/><T91/><D82/><U128/><E85/><V33/><F33/><W109/><G109/><T92/><D89/><U118/><E3/><V41/><F41/><W72/><G72/><T106/><D106/><U134/><E134/><V90/><F90/><W10/><G87/><AGARI ba="0,0" hai="87,91,92,95,99,103,124,125" m="28171,43017" machi="87" ten="30,7700,0" yaku="11,1,34,2,52,1" doraHai="96" who="0" fromWho="3" sc="80,77,250,0,212,0,458,-77" /><INIT seed="4,0,0,5,4,105" ten="157,250,212,381" oya="0" hai0="62,25,118,44,87,17,107,112,129,120,106,122,125" hai1="5,10,40,72,80,86,82,133,117,70,21,29,131" hai2="37,14,64,77,0,97,61,45,23,51,95,3,90" hai3="2,96,88,15,68,57,91,13,85,134,71,27,65"/><T26/><D112/><U92/><E117/><V63/><F37/><W69/><G2/><T121/><D118/><U54/><E133/><V53/><F61/><W124/><G134/><T83/><D129/><U98/><E70/><V114/><F114/><W115/><G124/><T73/><D125/><U52/><E40/><V100/><F77/><W126/><G126/><T55/><D87/><U60/><E131/><V101/><F101/><W81/><G27/><T75/><D83/><U33/><E33/><V47/><F47/><W111/><G111/><T66/><D55/><U94/><E86/><V42/><F42/><W6/><G6/><T31/><D44/><U113/><E113/><V16/><REACH who="2" step="1"/><F100/><REACH who="2" ten="157,250,202,381" step="2"/><W48/><G115/><T41/><D41/><U109/><E60/><V18/><F18/><W84/><G65/><T93/><D17/><U127/><E127/><V7/><F7/><W35/><G48/><T104/><D93/><U28/><E5/><V116/><F116/><W59/><G71/><AGARI ba="0,1" hai="0,3,14,16,23,45,51,53,63,64,71,90,95,97" machi="71" ten="30,7700,0" yaku="1,1,7,1,54,1,53,1" doraHai="105" doraHaiUra="58" who="2" fromWho="3" sc="157,0,250,0,202,87,381,-77" /><INIT seed="5,0,0,1,2,39" ten="157,250,289,304" oya="1" hai0="84,69,23,62,109,108,20,61,29,8,13,65,25" hai1="131,106,38,2,19,6,49,115,119,43,17,122,27" hai2="85,132,105,94,102,123,53,103,97,3,32,47,45" hai3="67,134,91,52,71,93,126,88,12,100,15,24,56"/><U34/><E122/><V74/><F74/><W46/><G126/><T48/><D84/><U5/><E119/><V36/><F3/><W11/><G134/><T50/><D8/><U59/><E106/><V81/><F32/><W121/><G121/><T116/><D116/><U101/><E101/><V110/><F110/><W16/><G71/><T14/><D69/><U1/><E131/><V33/><F33/><W117/><G24/><T118/><D118/><U72/><E72/><V9/><F132/><W127/><G127/><T113/><D25/><U37/><E59/><V4/><F53/><W112/><G12/><T79/><D79/><U51/><E115/><V120/><F103/><W90/><G112/><T125/><D125/><U68/><E68/><V78/><F105/><W99/><G117/><T21/><D21/><U95/><E95/><V77/><F77/><W133/><G133/><T80/><D80/><U42/><E27/><V64/><F64/><W66/><G46/><T63/><D63/><AGARI ba="0,0" hai="11,15,16,52,56,63,66,67,88,90,91,93,99,100" machi="63" ten="40,8000,1" yaku="8,1,54,3" doraHai="39" who="3" fromWho="0" sc="157,-80,250,0,289,0,304,80" /><INIT seed="6,0,0,5,2,104" ten="77,250,289,384" oya="2" hai0="24,28,114,103,41,27,16,131,33,61,57,118,134" hai1="117,42,133,59,8,70,94,48,22,56,116,67,88" hai2="15,17,93,34,124,63,2,71,11,111,78,108,107" hai3="112,75,125,115,1,55,58,123,68,32,30,101,74"/><V65/><F107/><W100/><G68/><T10/><D114/><N who="3" m="43561" /><G123/><T102/><D131/><U36/><E133/><V5/><F124/><W121/><G1/><T43/><D134/><U69/><E69/><V7/><F34/><W64/><G64/><T54/><D118/><U53/><E59/><V44/><F44/><W129/><G121/><T98/><D103/><N who="3" m="39497" /><G129/><T80/><D80/><U77/><E8/><V130/><F130/><W39/><G39/><T82/><D82/><U6/><E6/><V50/><F5/><W62/><G125/><T12/><REACH who="0" step="1"/><D24/><AGARI ba="0,0" hai="24,30,32,55,58,62,74,75" m="39497,43561" machi="24" ten="30,7700,0" yaku="15,1,11,1,52,2" doraHai="104" who="3" fromWho="0" sc="77,-77,250,0,289,0,384,77" /><INIT seed="7,0,0,0,3,105" ten="0,250,289,461" oya="3" hai0="122,92,118,91,26,123,95,127,5,20,133,37,53" hai1="97,68,116,108,109,33,94,72,10,7,8,134,57" hai2="23,83,106,63,69,125,99,61,102,19,88,74,93" hai3="70,117,56,96,52,113,130,50,64,121,9,13,11"/><W76/><G117/><T39/><D53/><U55/><E68/><V135/><F135/><W90/><G121/><T132/><D20/><U15/><E33/><V49/><F125/><W78/><G113/><T59/><D127/><U80/><E134/><V40/><F40/><W58/><G70/><T112/><D118/><U29/><E29/><V14/><F49/><W128/><G9/><T45/><D112/><U16/><E116/><V75/><F69/><W32/><G32/><T22/><D22/><U47/><E47/><V120/><F120/><W54/><G64/><T17/><D45/><U81/><E108/><V119/><F119/><W111/><G111/><T73/><D17/><U114/><E114/><V65/><F65/><W79/><G90/><T71/><D71/><U12/><E72/><V0/><F0/><W86/><G96/><T44/><D44/><U25/><E25/><V87/><REACH who="2" step="1"/><F74/><REACH who="2" ten="0,250,279,461" step="2"/><W31/><G50/><T84/><D59/><U77/><E109/><V124/><F124/><W126/><G126/><T100/><D100/><N who="1" m="60471" /><E77/><AGARI ba="0,1" hai="14,19,23,61,63,75,77,83,87,88,93,99,102,106" machi="77" ten="40,8000,1" yaku="1,1,24,2,52,1,54,1,53,0" doraHai="105" doraHaiUra="36" who="2" fromWho="1" sc="0,0,250,-80,279,90,461,0" owari="0,-50.0,170,-23.0,369,17.0,461,56.0" /></mjloggm>