<mjloggm ver="2.3"><GO type="169" lobby="0"/><UN n0="%74%61%6E%61%4B%61" n1="%64%6F%6F%6F%6F%77%79%31" n2="%E4%BB%95%E6%8E%9B%E3%81%91%E3%81%A6%33%E3%82%BB%E3%83%B3%E3%83%81" n3="%59%48%56%48" dan="17,17,16,16" rate="2141.42,2181.28,2122.42,2038.93" sx="M,M,M,F"/><TAIKYOKU oya="0"/><INIT seed="0,0,0,4,1,106" ten="250,250,250,250" oya="0" hai0="42,119,64,95,15,86,115,50,8,121,36,85,109" hai1="17,60,131,134,40,5,6,57,130,117,66,4,63" hai2="132,100,135,34,35,26,2,62,22,41,93,30,88" hai3="23,76,112,59,98,52,48,75,0,10,79,33,92"/><T31/><D121/><U58/><E117/><V129/><F100/><W44/><G33/><T49/><D119/><U11/><E134/><N who="2" m="51243" /><F2/><W110/><G110/><T3/><D3/><U61/><E40/><V45/><F62/><W81/><G112/><T16/><D115/><U73/><E73/><V14/><F14/><W124/><G124/><T53/><D64/><U126/><E126/><V122/><F129/><N who="1" m="49161" /><E66/><V27/><F27/><W96/><G79/><T82/><D109/><U74/><E74/><V101/><F101/><W51/><G23/><T111/><D111/><U104/><E104/><V108/><F122/><W25/><G25/><T18/><D31/><U90/><E90/><V46/><F46/><W7/><REACH who="3" step="1"/><G92/><REACH who="3" ten="250,250,250,240" step="2"/><T12/><D95/><U83/><E83/><V47/><F108/><W43/><AGARI ba="0,1" hai="0,7,10,43,44,48,51,52,59,75,76,81,96,98" machi="43" ten="20,12000,2" yaku="1,1,2,1,0,1,7,1,52,1,54,1,53,0" doraHai="106" doraHaiUra="28" who="3" fromWho="3" sc="250,-60,250,-30,250,-30,240,130" /><INIT seed="1,0,0,2,4,66" ten="190,220,220,370" oya="1" hai0="119,79,9,133,75,103,74,63,37,25,35,48,60" hai1="5,92,38,78,54,89,23,53,40,123,130,120,124" hai2="50,44,57,93,10,52,102,115,106,104,111,77,41" hai3="83,118,33,15,16,26,96,114,88,94,46,12,117"/><U3/><E124/><V51/><F111/><W13/><G114/><T71/><D37/><U24/><E130/><V72/><F115/><W58/><G46/><T129/><D119/><N who="3" m="45577" /><G58/><T19/><D133/><U8/><E78/><V101/><F10/><N who="3" m="6167" /><G83/><T34/><D129/><U82/><E82/><V80/><REACH who="2" step="1"/><F93/><REACH who="2" ten="190,220,210,370" step="2"/><W73/><G73/><T64/><D9/><U108/><E108/><V14/><F14/><W126/><G126/><T62/><D75/><U99/><E120/><V95/><F95/><W55/><G55/><T6/><D74/><U84/><E123/><V97/><F97/><W7/><G7/><T43/><D6/><U45/><REACH who="1" step="1"/><E99/><REACH who="1" ten="190,210,210,370" step="2"/><V113/><F113/><W76/><G76/><T47/><D79/><U68/><E68/><V131/><F131/><W121/><G121/><T91/><D71/><U67/><E67/><V109/><F109/><W4/><G4/><T29/><D64/><U30/><AGARI ba="0,2" hai="3,5,8,23,24,30,38,40,45,53,54,84,89,92" machi="30" ten="20,3900,0" yaku="1,1,0,1,7,1,53,0" doraHai="66" doraHaiUra="127" who="1" fromWho="1" sc="190,-13,210,59,210,-13,370,-13" /><INIT seed="1,1,0,3,4,24" ten="177,269,197,357" oya="1" hai0="127,36,63,86,85,31,64,73,26,6,57,49,97" hai1="70,102,99,76,50,44,116,120,82,94,18,106,128" hai2="125,126,84,109,12,68,43,122,33,5,21,114,81" hai3="129,41,117,105,54,52,10,121,77,37,80,19,2"/><U95/><E70/><V112/><F68/><W7/><G121/><T42/><D73/><U32/><E120/><V67/><F67/><W90/><G105/><T27/><D127/><N who="2" m="48650" /><F122/><W79/><G129/><T92/><D6/><U47/><E128/><V104/><F104/><W45/><G117/><T61/><D26/><U74/><E116/><V46/><F33/><W16/><G90/><T11/><D11/><U118/><E118/><V65/><F65/><W123/><G123/><T13/><D13/><U133/><E133/><V89/><F109/><W115/><G115/><N who="2" m="44073" /><F5/><W30/><G30/><T93/><D61/><U124/><E32/><V3/><F3/><W88/><G88/><N who="0" m="55463" /><D36/><U51/><E124/><V14/><F21/><W25/><G79/><T40/><D92/><U75/><E75/><V48/><AGARI ba="1,0" hai="12,14,43,46,48,81,84,89" m="44073,48650" machi="48" ten="30,2000,0" yaku="18,1,11,1" doraHai="24" who="2" fromWho="2" sc="177,-6,269,-11,197,23,357,-6" /><INIT seed="2,0,0,3,0,101" ten="171,258,220,351" oya="2" hai0="118,91,8,16,2,3,28,39,15,33,89,45,92" hai1="25,111,37,65,81,129,125,127,46,80,82,47,41" hai2="57,0,135,5,19,69,4,58,13,119,104,115,114" hai3="131,63,60,97,109,38,59,34,43,88,17,78,10"/><V96/><F119/><W1/><G109/><T130/><D130/><U67/><E111/><V105/><F69/><W110/><G110/><T93/><D118/><U56/><E129/><V77/><F77/><W132/><G34/><T54/><D28/><U36/><E25/><V35/><F35/><W95/><G131/><T107/><D107/><N who="2" m="41034" /><F96/><W126/><G78/><T84/><D33/><U86/><E86/><V48/><F48/><W53/><G126/><N who="1" m="48138" /><E56/><N who="2" m="21611" /><F13/><W30/><G30/><T55/><D55/><U51/><E37/><V40/><F40/><AGARI ba="0,0" hai="36,40,41,46,47,51,65,67,80,81,82" m="48138" machi="40" ten="30,1000,0" yaku="18,1" doraHai="101" who="1" fromWho="2" sc="171,0,258,10,220,-10,351,0" /><INIT seed="3,0,0,4,3,54" ten="171,268,210,351" oya="3" hai0="112,35,90,11,115,79,55,109,134,100,87,19,113" hai1="130,77,78,70,111,46,32,99,117,67,6,122,43" hai2="69,65,64,72,106,1,10,49,71,2,51,27,26" hai3="25,132,33,45,60,103,7,118,66,68,30,101,63"/><W41/><G118/><T16/><D35/><U14/><E117/><V88/><F10/><W131/><G131/><T94/><D109/><U61/><E111/><V82/><F82/><W119/><G119/><T4/><D134/><U5/><E32/><V123/><F72/><W98/><G132/><T8/><D79/><U57/><E130/><V85/><F85/><W9/><G63/><T38/><D38/><U76/><E122/><V15/><F15/><W50/><REACH who="3" step="1"/><G98/><REACH who="3" ten="171,268,210,341" step="2"/><T120/><D120/><U116/><E116/><V56/><F123/><W0/><AGARI ba="0,1" hai="0,7,9,25,30,33,41,45,50,60,66,68,101,103" machi="0" ten="20,7800,0" yaku="1,1,2,1,0,1,7,1,53,0" doraHai="54" doraHaiUra="12" who="3" fromWho="3" sc="171,-26,268,-26,210,-26,341,88" /><INIT seed="3,1,0,5,1,72" ten="145,242,184,429" oya="3" hai0="35,123,118,10,20,122,59,97,104,68,13,92,88" hai1="2,41,131,15,12,54,4,100,7,8,19,82,14" hai2="26,1,64,48,133,32,134,5,18,93,102,107,61" hai3="66,96,62,9,22,65,69,95,39,51,78,119,56"/><W53/><G119/><T60/><D35/><U94/><E131/><V127/><F107/><W116/><G116/><T130/><D118/><U17/><E41/><V120/><F120/><W113/><G113/><T24/><D68/><U106/><E106/><V81/><F81/><W115/><G115/><T63/><D104/><U121/><E121/><V83/><F127/><W105/><G105/><T45/><D45/><U27/><E54/><V67/><F48/><W75/><G39/><T76/><D130/><U21/><E82/><V110/><F83/><W99/><G9/><T47/><D47/><U50/><E50/><V6/><F110/><W112/><G112/><T42/><D76/><U77/><E77/><V37/><F37/><W0/><G0/><T71/><D71/><U73/><E73/><V89/><F102/><W125/><G125/><T90/><D90/><U31/><E94/><V124/><F124/><W38/><G38/><T87/><D42/><U58/><E58/><N who="2" m="36919" /><F67/><W43/><G66/><T70/><D70/><U49/><E49/><V23/><F32/><W114/><G114/><T36/><D36/><U25/><E100/><V117/><F117/><W74/><G99/><T40/><D97/><U80/><E80/><V111/><F111/><W57/><G69/><T55/><D63/><U16/><E7/><N who="2" m="2571" /><F1/><W46/><G65/><T98/><D40/><U79/><E79/><V52/><F52/><W3/><G3/><T34/><D123/><U101/><E101/><V129/><F129/><W29/><G62/><T44/><D60/><U128/><E128/><V91/><F93/><RYUUKYOKU ba="1,0" sc="145,-15,242,15,184,15,429,-15" hai1="2,4,8,12,14,15,16,17,19,21,25,27,31" hai2="18,23,26,89,91,133,134" /><INIT seed="4,2,0,3,0,81" ten="130,257,199,414" oya="0" hai0="86,10,112,84,129,40,126,100,94,75,53,130,24" hai1="108,1,9,15,66,47,119,89,110,78,51,46,64" hai2="93,27,132,92,48,74,65,52,99,90,80,133,22" hai3="36,123,42,56,124,109,67,70,8,29,50,54,106"/><T63/><D75/><U121/><E119/><V41/><F41/><W104/><G109/><T98/><D112/><U16/><E121/><V55/><F65/><W96/><G124/><T68/><D126/><U5/><E78/><V26/><F74/><W57/><G29/><T79/><D79/><U111/><E89/><V101/><F80/><W95/><G123/><T33/><D40/><U31/><E31/><V34/><F34/><W20/><G8/><T114/><D114/><U117/><E117/><V44/><F55/><W35/><G35/><T135/><D135/><N who="2" m="51786" /><F22/><W0/><G0/><T128/><D10/><U77/><E77/><V71/><F71/><W43/><G43/><T118/><D118/><U87/><E64/><V4/><F4/><W23/><G57/><N who="0" m="35247" /><D68/><U134/><E66/><V38/><F38/><W113/><G113/><T30/><AGARI ba="2,0" hai="24,30,33,84,86,94,98,100,128,129,130" m="35247" machi="30" ten="40,7800,0" yaku="19,1,52,2" doraHai="81" who="0" fromWho="0" sc="130,84,257,-28,199,-28,414,-28" /><INIT seed="4,3,0,5,5,129" ten="214,229,171,386" oya="0" hai0="88,123,68,97,126,100,5,23,45,40,52,116,28" hai1="43,98,134,35,72,51,133,12,67,17,61,64,7" hai2="86,108,95,26,70,83,24,50,115,20,47,49,130" hai3="90,103,75,92,13,76,10,38,11,2,66,131,94"/><T55/><D123/><U87/><E72/><V48/><F130/><W91/><G38/><T3/><D68/><U89/><E35/><V104/><F104/><W60/><G131/><T42/><D116/><U65/><E7/><V0/><F0/><W14/><G2/><T39/><D40/><U101/><E43/><V107/><F107/><W109/><G109/><T73/><D126/><U30/><E30/><V57/><F70/><W124/><G124/><T82/><D23/><U6/><E6/><V46/><F108/><W29/><G29/><T16/><D16/><U120/><E51/><V96/><F115/><W112/><G76/><N who="0" m="44303" /><D28/><U127/><E120/><V125/><F57/><W25/><G75/><T121/><D121/><U1/><E127/><V37/><F37/><W31/><G13/><T84/><D97/><U36/><E36/><V122/><F122/><W99/><G112/><T80/><D100/><U59/><E1/><V111/><F111/><W54/><G103/><T53/><D55/><U18/><E98/><V132/><F125/><W118/><G54/><T71/><D71/><U62/><E101/><N who="2" m="60575" /><F46/><W74/><G74/><T21/><D21/><N who="1" m="11431" /><E18/><N who="2" m="12311" /><F26/><W69/><G118/><T41/><D41/><U77/><E77/><N who="2" m="46447" /><F47/><W119/><G119/><T93/><D80/><N who="1" m="49383" /><E59/><V4/><F4/><W105/><G14/><T33/><D33/><U34/><E34/><V128/><F128/><W58/><G69/><T117/><D117/><U135/><AGARI ba="3,0" hai="61,62,64,65,67,133,134,135" m="49383,11431" machi="135" ten="40,8000,1" yaku="20,1,52,3" doraHai="129" who="1" fromWho="1" sc="214,-43,229,89,171,-23,386,-23" /><INIT seed="5,0,0,3,2,67" ten="171,318,148,363" oya="1" hai0="48,13,130,120,116,60,24,7,9,123,66,80,2" hai1="55,131,68,72,19,117,86,33,124,34,70,105,75" hai2="62,93,32,0,98,35,118,29,85,104,36,57,43" hai3="69,94,76,12,78,10,53,82,46,92,65,95,107"/><U44/><E117/><V56/><F118/><W97/><G97/><T41/><D116/><U101/><E86/><V21/><F0/><W122/><G107/><T1/><D24/><U20/><E55/><V51/><F104/><W25/><G122/><N who="0" m="46635" /><D80/><U91/><E91/><V111/><F36/><W5/><G25/><T58/><D130/><U4/><E131/><V106/><F106/><W73/><G78/><T61/><D61/><U16/><E4/><V42/><F111/><W110/><G110/><T83/><D83/><U47/><E105/><V40/><F85/><W37/><G65/><T132/><D132/><U88/><E88/><N who="2" m="55591" /><F32/><W103/><G103/><T27/><D27/><U114/><E20/><V100/><F100/><W135/><G135/><T84/><D84/><U22/><E22/><V38/><F38/><W126/><G126/><T11/><D11/><U52/><E101/><V127/><F127/><W28/><G28/><T99/><D99/><U90/><E90/><V64/><F35/><W39/><G39/><T50/><D41/><N who="2" m="10498" /><V113/><DORA hai="129" /><F113/><W81/><G37/><T115/><D115/><U77/><E114/><V54/><F21/><W59/><G73/><T49/><AGARI ba="0,0" hai="1,2,7,9,13,48,49,50,58,60,66" m="46635" machi="49" ten="30,1100,0" yaku="13,1" doraHai="67,129" who="0" fromWho="0" sc="171,11,318,-5,148,-3,363,-3" /><INIT seed="6,0,0,5,1,64" ten="182,313,145,360" oya="2" hai0="51,68,42,1,32,74,35,129,2,77,46,26,122" hai1="135,39,25,57,7,13,36,43,83,110,116,107,87" hai2="76,12,123,31,20,120,92,8,82,113,115,133,72" hai3="78,49,16,114,24,105,61,131,22,40,38,47,112"/><V91/><F31/><W23/><G105/><T75/><D122/><N who="2" m="46634" /><F20/><W90/><G131/><T111/><D129/><U14/><E25/><V70/><F12/><W127/><G127/><T132/><D77/><U53/><E14/><V28/><F8/><W99/><G78/><T126/><D126/><U119/><E13/><V106/><F28/><W128/><G128/><T84/><D84/><U109/><E87/><N who="2" m="52351" /><F70/><W80/><G23/><T121/><D51/><U55/><E7/><V58/><F58/><W96/><G61/><T88/><D46/><U85/><E57/><V95/><F133/><W41/><G41/><T97/><D121/><U73/><E135/><V118/><F118/><W98/><G38/><T66/><D42/><U108/><E43/><V30/><F30/><W11/><G11/><T71/><D26/><U81/><E116/><V59/><F59/><W48/><G48/><T4/><D66/><U63/><E119/><V56/><F56/><W101/><G101/><T103/><D103/><U5/><E63/><V15/><F15/><W27/><G27/><T117/><D117/><U102/><E36/><V10/><F10/><W69/><G69/><T124/><D132/><U19/><E39/><V45/><F106/><W100/><G100/><T37/><D37/><U125/><E107/><V6/><F6/><W65/><G65/><T33/><D4/><U54/><E5/><V86/><F45/><W18/><G18/><T50/><D32/><U94/><E54/><V52/><F52/><W44/><G44/><T3/><D33/><U29/><E53/><V93/><F72/><RYUUKYOKU ba="0,0" sc="182,-15,313,-15,145,15,360,15" hai2="76,82,86,93,95,113,115" hai3="16,22,24,40,47,49,80,90,96,98,99,112,114" /><INIT seed="6,1,0,5,4,39" ten="167,298,160,375" oya="2" hai0="119,22,114,20,78,122,58,84,43,60,14,62,107" hai1="124,55,56,8,131,63,132,86,46,50,29,99,121" hai2="13,129,96,27,123,41,19,0,88,65,97,112,118" hai3="75,109,81,71,98,44,111,104,66,120,54,52,80"/><V3/><F118/><W106/><G98/><T70/><D122/><U102/><E121/><V49/><F123/><W116/><G44/><T17/><D107/><U6/><E131/><V4/><F129/><W59/><G59/><T23/><D70/><U72/><E132/><V127/><F127/><W125/><G66/><T47/><D114/><U5/><E72/><V128/><F128/><W94/><G120/><T1/><D1/><U26/><E86/><V2/><F112/><W51/><G51/><N who="0" m="27135" /><D119/><U57/><E124/><V105/><F65/><W82/><G94/><T30/><D30/><U74/><E74/><V61/><F61/><N who="0" m="23658" /><D58/><U10/><E10/><V92/><F4/><W21/><G21/><T42/><D42/><U110/><E110/><V130/><F27/><W7/><G7/><T73/><D73/><U36/><E36/><V93/><F105/><W53/><G71/><T18/><D18/><U24/><E57/><V68/><F68/><W87/><G75/><T103/><D103/><U101/><E101/><N who="2" m="60551" /><F130/><W37/><G37/><T15/><D15/><U25/><E29/><V11/><F2/><W64/><G116/><T100/><D100/><U91/><E102/><V79/><F79/><W40/><G125/><T32/><D32/><U95/><REACH who="1" step="1"/><E8/><REACH who="1" ten="167,288,160,375" step="2"/><V115/><F115/><W28/><G28/><T117/><D117/><U9/><E9/><V133/><F133/><W76/><G109/><T38/><D38/><U67/><AGARI ba="1,1" hai="5,6,24,25,26,46,50,55,56,63,67,91,95,99" machi="67" ten="30,4000,0" yaku="1,1,0,1,8,1,53,0" doraHai="39" doraHaiUra="83" who="1" fromWho="1" sc="167,-11,288,53,160,-21,375,-11" /><INIT seed="7,0,0,4,2,113" ten="156,341,139,364" oya="3" hai0="72,53,107,41,42,77,75,127,71,63,132,78,114" hai1="60,79,47,84,70,1,18,67,74,49,135,121,68" hai2="98,80,59,58,4,9,65,97,83,106,22,105,21" hai3="15,62,85,96,115,126,20,81,118,16,11,92,86"/><W37/><G118/><T130/><D107/><U48/><E135/><V123/><F9/><W13/><G115/><T6/><D114/><U24/><E1/><V17/><F17/><N who="3" m="10287" /><G37/><T82/><D132/><U110/><E74/><V27/><F27/><W32/><G32/><T64/><D130/><U23/><E110/><V120/><REACH who="2" step="1"/><F65/><REACH who="2" ten="156,341,129,364" step="2"/><W36/><G11/><T28/><D127/><U26/><E121/><V131/><F131/><W112/><G16/><T2/><D28/><U116/><E116/><V109/><F109/><W39/><G126/><T119/><D119/><U111/><E111/><V44/><F44/><W125/><G125/><T87/><D6/><AGARI ba="0,1" hai="4,6,21,22,58,59,80,83,97,98,105,106,120,123" machi="6" ten="25,3200,0" yaku="1,1,22,2,53,0" doraHai="113" doraHaiUra="128" who="2" fromWho="0" sc="156,-32,341,0,129,42,364,0" owari="124,-38.0,341,14.0,171,-23.0,364,47.0" /></mjloggm>