<mjloggm ver="2.3"><GO type="169" lobby="0"/><UN n0="%E3%81%AD%E3%81%AA%E3%81%84%E3%81%93%E3%81%A0%E3%82%8C%E3%81%A0" n1="%E3%81%82%E3%82%89%E3%81%B0%E3%81%97%E3%82%8A" n2="%E7%89%A7%E5%A0%B4%E3%81%AE%E5%B0%91%E5%A5%B3" n3="%E9%87%8E%E3%80%85%E5%AE%AE%E8%97%8D" dan="16,16,18,17" rate="2144.35,2141.03,2202.59,2204.94" sx="M,M,F,F"/><TAIKYOKU oya="0"/><INIT seed="0,0,0,3,1,50" ten="250,250,250,250" oya="0" hai0="127,133,5,14,75,105,96,51,116,45,3,93,77" hai1="37,98,76,31,124,95,40,15,57,25,48,91,106" hai2="61,9,114,11,132,66,52,109,16,41,18,79,73" hai3="64,10,24,68,125,90,12,27,17,102,69,2,118"/><T60/><D116/><U88/><E124/><V82/><F114/><W28/><G118/><T43/><D127/><U35/><E76/><V0/><F41/><W59/><G125/><T4/><D3/><U38/><E106/><V49/><F109/><W39/><G39/><T19/><D105/><U74/><E74/><V80/><F80/><W54/><G2/><T55/><D77/><U120/><E120/><V47/><F132/><W63/><G102/><T83/><D83/><U135/><E135/><V26/><F26/><W34/><G90/><T44/><D75/><U126/><E126/><V58/><REACH who="2" step="1"/><F9/><REACH who="2" ten="250,250,240,250" step="2"/><W67/><REACH who="3" step="1"/><G27/><REACH who="3" ten="250,250,240,240" step="2"/><T21/><D133/><U104/><E25/><V20/><F20/><W81/><G81/><T30/><D30/><U111/><E31/><V122/><F122/><W23/><G23/><T110/><D110/><U6/><E35/><V85/><F85/><W94/><G94/><T129/><D129/><U56/><E95/><V70/><F70/><AGARI ba="0,2" hai="10,12,17,24,28,34,54,59,63,64,67,68,69,70" machi="70" ten="40,2600,0" yaku="1,1,52,1,53,0" doraHai="50" doraHaiUra="36" who="3" fromWho="2" sc="250,0,250,0,240,-26,240,46" /><INIT seed="1,0,0,4,5,91" ten="250,250,214,286" oya="1" hai0="17,7,98,39,124,114,83,123,135,71,46,119,96" hai1="87,12,13,54,47,59,64,35,4,61,33,84,49" hai2="134,106,40,99,122,11,29,5,22,109,100,74,52" hai3="42,18,130,36,116,6,78,85,75,112,88,34,101"/><U10/><REACH who="1" step="1"/><E13/><REACH who="1" ten="250,240,214,286" step="2"/><V117/><F117/><W37/><G116/><T79/><D119/><U27/><E27/><V30/><F122/><W111/><G112/><T66/><D123/><U1/><E1/><V92/><F134/><W81/><G130/><T129/><D135/><U126/><E126/><V8/><F109/><W95/><G111/><T53/><D124/><U51/><E51/><V14/><F74/><W0/><G0/><T121/><D114/><U133/><E133/><V16/><F40/><W108/><G42/><T45/><D129/><U107/><E107/><V44/><F106/><W132/><G108/><T65/><D121/><U69/><E69/><V15/><F11/><W55/><G132/><T67/><D71/><U23/><E23/><V73/><F73/><W86/><G75/><T118/><D39/><U127/><E127/><V82/><F82/><W70/><G70/><T105/><D105/><U43/><E43/><V94/><F94/><W48/><G37/><T28/><D118/><U120/><E120/><V20/><F20/><W32/><G36/><T62/><D83/><U26/><E26/><V56/><REACH who="2" step="1"/><F44/><REACH who="2" ten="250,240,204,286" step="2"/><W72/><G72/><T57/><D46/><U21/><E21/><V103/><F103/><W110/><G101/><T104/><D45/><U19/><E19/><V115/><F115/><W90/><G110/><T76/><D17/><U9/><E9/><V50/><AGARI ba="0,2" hai="5,8,14,15,16,22,29,30,50,52,56,92,99,100" machi="50" ten="20,12000,2" yaku="1,1,0,1,7,1,8,1,52,1,54,2,53,0" doraHai="91" doraHaiUra="68" who="2" fromWho="2" sc="250,-30,240,-60,204,140,286,-30" /><INIT seed="2,0,0,1,4,112" ten="220,180,344,256" oya="2" hai0="123,93,9,86,42,117,33,96,135,102,44,15,100" hai1="7,2,122,84,5,119,13,131,36,95,69,129,66" hai2="67,121,103,118,110,58,29,81,70,92,130,25,78" hai3="8,74,91,39,107,6,49,40,120,115,82,34,72"/><V125/><F121/><W108/><G120/><T19/><D33/><U114/><E122/><V26/><F70/><W21/><G34/><T52/><D135/><U111/><E114/><V17/><F130/><N who="1" m="49673" /><E36/><V60/><F125/><W23/><G107/><T27/><D123/><U43/><E43/><V77/><F17/><W61/><G39/><T3/><D3/><U116/><E2/><V59/><F110/><W56/><G108/><T14/><D27/><U0/><E111/><V53/><F118/><N who="1" m="45097" /><E0/><V109/><F109/><W28/><G115/><T11/><D117/><U68/><E13/><V20/><F25/><W30/><G40/><T133/><D133/><U63/><E68/><V132/><F132/><W64/><G74/><T80/><D42/><U37/><E37/><V87/><F77/><W105/><G72/><T4/><D102/><U54/><E54/><V104/><F53/><W48/><G64/><T38/><D38/><U128/><N who="1" m="49681" /><U88/><AGARI ba="0,0" hai="5,7,63,66,69,84,88,95" m="45097,49681" machi="88" ten="50,12000,2" yaku="4,1,19,1,52,3,54,1" doraHai="112" who="1" fromWho="1" sc="220,-30,180,120,344,-60,256,-30" /><INIT seed="3,0,0,2,3,120" ten="190,300,284,226" oya="3" hai0="51,21,71,119,63,44,92,28,103,125,101,9,134" hai1="118,114,128,31,27,3,132,11,42,49,25,5,47" hai2="67,133,115,35,126,20,58,135,72,87,117,109,22" hai3="112,33,68,52,108,77,83,12,13,106,124,123,45"/><W76/><G123/><T43/><D119/><U80/><E118/><V34/><F117/><W8/><G112/><T100/><D125/><U96/><E114/><V121/><F87/><W88/><G106/><T39/><D134/><U86/><E128/><V74/><F58/><W61/><G33/><N who="2" m="12297" /><F67/><W94/><G124/><T82/><D9/><U65/><E132/><N who="2" m="50763" /><F115/><W81/><G108/><T7/><D7/><U85/><E65/><V111/><F126/><W4/><G13/><T19/><D28/><U116/><E116/><V36/><F36/><W40/><G68/><T18/><D39/><U53/><E96/><V50/><F50/><N who="3" m="26919" /><G83/><T54/><D82/><U69/><E69/><V26/><F121/><W1/><G1/><T41/><D19/><U84/><E53/><V46/><F46/><W130/><G81/><T104/><D104/><U105/><E105/><V131/><F131/><W29/><G29/><T30/><D30/><U98/><E98/><V62/><F62/><W37/><G37/><T59/><D92/><U102/><E102/><V64/><F64/><W60/><G130/><T107/><D107/><U66/><E66/><V95/><F95/><W32/><G61/><T90/><D71/><U70/><E70/><V75/><F26/><W97/><G32/><T89/><REACH who="0" step="1"/><D43/><REACH who="0" ten="180,300,284,226" step="2"/><U55/><E42/><V122/><F122/><W78/><G78/><T48/><D48/><U14/><E31/><V127/><F127/><W79/><G79/><T23/><D23/><AGARI ba="0,1" hai="20,22,23,72,74,75,109,111" m="50763,12297" machi="23" ten="40,8000,1" yaku="28,2,20,1,52,2" doraHai="120" who="2" fromWho="0" sc="180,-80,300,0,284,90,226,0" /><INIT seed="4,0,0,2,4,69" ten="100,300,374,226" oya="0" hai0="64,109,97,111,66,63,78,62,83,16,128,93,8" hai1="9,118,36,73,90,13,126,45,56,5,7,92,3" hai2="99,96,88,110,18,28,84,61,114,43,119,37,107" hai3="40,67,60,23,53,80,129,103,59,15,49,20,100"/><T11/><D128/><U48/><E118/><V32/><F110/><N who="0" m="41994" /><D83/><U24/><E126/><V82/><F32/><W52/><G129/><T27/><D93/><U46/><E73/><V19/><F28/><W10/><G40/><T89/><D78/><U133/><E133/><V77/><F119/><W25/><G80/><T33/><D97/><U125/><E125/><V122/><F122/><W101/><G25/><T71/><D89/><U123/><E123/><V21/><F96/><W76/><G76/><T26/><D33/><U106/><E106/><V102/><F77/><W14/><G14/><N who="0" m="7239" /><D11/><U31/><E56/><AGARI ba="0,0" hai="26,27,56,62,63,64,66,71" m="7239,41994" machi="56" ten="30,2900,0" yaku="10,1,54,1" doraHai="69" who="0" fromWho="1" sc="100,29,300,-29,374,0,226,0" /><INIT seed="4,1,0,1,1,77" ten="129,271,374,226" oya="0" hai0="116,86,74,46,97,10,65,80,19,132,64,91,87" hai1="59,13,51,78,48,37,52,123,20,32,40,130,22" hai2="101,134,14,1,76,102,24,60,135,110,27,62,69" hai3="133,11,35,53,84,29,38,85,26,100,61,128,18"/><T83/><D116/><U44/><E123/><V127/><F14/><W63/><G38/><T16/><D74/><U50/><E32/><V114/><F76/><W108/><G108/><T73/><D73/><U131/><E78/><V15/><F15/><N who="3" m="7551" /><G35/><T105/><D132/><U4/><E4/><V47/><F47/><W39/><G39/><T126/><D126/><U68/><E13/><V66/><F66/><N who="0" m="25706" /><D105/><U58/><E20/><V99/><F99/><W122/><G100/><T31/><D31/><U2/><E2/><V119/><F110/><W7/><G7/><T75/><D75/><U121/><E22/><V70/><F1/><W56/><G133/><T72/><D72/><U115/><E121/><V95/><F95/><W81/><G128/><N who="1" m="49194" /><E68/><V12/><F12/><W36/><G122/><T21/><D10/><U94/><E94/><V33/><F33/><W25/><G29/><T103/><D46/><N who="1" m="23823" /><E115/><V124/><F119/><W117/><G36/><T57/><D57/><AGARI ba="1,0" hai="44,48,50,51,52,57,58,59" m="23823,49194" machi="57" ten="30,7700,0" yaku="19,1,34,2,54,1" doraHai="77" who="1" fromWho="0" sc="129,-80,271,80,374,0,226,0" /><INIT seed="5,0,0,4,5,83" ten="49,351,374,226" oya="1" hai0="115,32,77,89,26,69,73,74,75,51,59,37,121" hai1="105,13,132,28,79,30,66,50,67,2,48,114,101" hai2="100,27,92,16,40,68,0,98,12,93,55,5,24" hai3="7,71,38,97,64,11,18,58,82,22,21,118,14"/><U104/><E2/><V29/><F68/><W123/><G123/><T52/><D121/><U45/><E114/><V99/><F40/><W8/><G38/><T122/><D122/><U6/><E132/><V112/><F112/><W117/><G71/><T72/><D115/><U85/><E101/><V135/><F135/><W108/><G97/><T25/><D69/><U19/><E6/><V84/><F0/><W120/><G120/><T53/><D37/><U90/><E79/><V116/><F5/><W61/><G82/><T4/><D77/><U65/><E105/><V88/><F116/><N who="3" m="44651" /><G108/><T54/><D4/><U102/><E102/><N who="2" m="60743" /><F29/><N who="1" m="11369" /><E45/><V1/><F1/><AGARI ba="0,0" hai="1,7,8,11,14,18,21,22,58,61,64" m="44651" machi="1" ten="30,1000,0" yaku="12,1" doraHai="83" who="3" fromWho="2" sc="49,0,351,0,374,-10,226,10" /><INIT seed="6,0,0,3,1,44" ten="49,351,364,236" oya="2" hai0="104,92,128,19,91,130,107,64,73,132,66,62,8" hai1="22,105,4,48,84,90,100,30,13,53,81,99,89" hai2="29,41,37,16,31,57,118,35,45,18,65,38,61" hai3="101,72,2,117,9,43,70,94,135,80,68,1,120"/><V28/><F118/><W102/><G117/><T69/><D8/><U78/><E30/><V74/><F74/><W109/><G109/><T71/><D19/><U60/><E60/><V82/><F35/><W40/><G94/><T11/><D11/><U103/><E103/><V76/><REACH who="2" step="1"/><F38/><REACH who="2" ten="49,351,354,236" step="2"/><W20/><G72/><T33/><D73/><U121/><E121/><V7/><F7/><W58/><G120/><T24/><D132/><U112/><E112/><V86/><AGARI ba="0,1" hai="16,18,28,29,31,37,41,45,57,61,65,76,82,86" machi="86" ten="30,11700,0" yaku="1,1,0,1,54,1,53,1" doraHai="44" doraHaiUra="55" who="2" fromWho="2" sc="49,-39,351,-39,354,127,236,-39" /><INIT seed="6,1,0,5,4,8" ten="10,312,481,197" oya="2" hai0="109,112,96,33,32,18,41,95,52,25,15,22,83" hai1="118,6,69,84,30,89,117,124,67,77,108,98,94" hai2="129,43,45,1,78,114,34,54,72,104,65,5,90" hai3="58,60,74,88,61,107,44,64,76,81,73,82,29"/><V20/><F34/><W115/><G107/><T91/><D109/><U42/><E42/><V4/><F65/><W80/><G115/><T24/><D112/><U2/><E30/><V3/><F114/><W106/><G106/><T40/><D33/><U132/><E108/><V97/><F54/><W79/><G29/><T119/><D32/><U99/><E6/><V133/><F4/><W101/><G101/><T51/><D119/><U130/><E2/><V102/><F133/><W92/><G44/><T38/><D38/><U93/><E69/><V120/><F120/><W86/><REACH who="3" step="1"/><G61/><REACH who="3" ten="10,312,481,187" step="2"/><T128/><D128/><U10/><E130/><V19/><F102/><W110/><G110/><T125/><D125/><U16/><E118/><V48/><F104/><W17/><G17/><N who="0" m="12367" /><D83/><AGARI ba="1,1" hai="58,60,64,73,74,76,79,80,81,82,83,86,88,92" machi="83" ten="40,5200,0" yaku="1,1,9,1,54,1,53,0" doraHai="8" doraHaiUra="36" who="3" fromWho="0" sc="10,-55,312,0,481,0,187,65" owari="-45,-55.0,312,11.0,481,59.0,252,-15.0" /></mjloggm>