<mjloggm ver="2.3"><GO type="185" lobby="0"/><UN n0="%E8%92%94%E7%B5%B5" n1="%E8%83%A1%E6%A4%92%E5%B0%91%E3%80%85" n2="%E9%B3%B4%E3%81%8D%E3%83%80%E3%83%AB%E3%83%9E" n3="" dan="16,17,17,0" rate="2089.50,2263.74,2256.36,1500.00" sx="F,F,M,C"/><TAIKYOKU oya="0"/><INIT seed="0,0,0,5,4,116" ten="350,350,350,0" oya="0" hai0="120,61,52,41,50,59,3,88,129,111,43,86,57" hai1="33,34,94,110,122,130,39,82,114,91,106,131,45" hai2="1,54,78,71,127,119,87,51,109,89,103,134,102" hai3=""/><T76/><N who="0" m="30752" /><T113/><D113/><U42/><N who="1" m="31264" /><U73/><E106/><V68/><F1/><T79/><D3/><U101/><E110/><V117/><F109/><T115/><D115/><U108/><E108/><V2/><F2/><T85/><D129/><N who="1" m="49163" /><E101/><N who="2" m="38411" /><F78/><N who="0" m="29738" /><D111/><U65/><E114/><V93/><F127/><T99/><D99/><U125/><E125/><V0/><F134/><T121/><N who="0" m="31008" /><T98/><D98/><U70/><E82/><V46/><F0/><T56/><D86/><U80/><E80/><V96/><F87/><T35/><D35/><U105/><E105/><V64/><F64/><T69/><D69/><U49/><E73/><V81/><F81/><T74/><D74/><U38/><E34/><V118/><AGARI ba="0,0" hai="46,51,54,68,71,89,93,96,117,118,119" m="38411" machi="118" ten="40,1100,0" yaku="12,1" doraHai="116" who="2" fromWho="2" sc="350,-7,350,-4,350,11,0,0" /><INIT seed="1,0,0,1,1,117" ten="343,346,361,0" oya="1" hai0="108,57,93,128,61,45,119,83,98,68,84,64,2" hai1="107,123,73,101,127,56,76,121,133,79,42,87,88" hai2="65,115,41,100,54,69,82,63,89,46,3,44,59" hai3=""/><U66/><N who="1" m="31008" /><U80/><N who="1" m="31520" /><U103/><E127/><V51/><F3/><T55/><D2/><U125/><E125/><V118/><F118/><T48/><D119/><U78/><E133/><V112/><F100/><N who="1" m="38473" /><E107/><V67/><F82/><T104/><D104/><U38/><E38/><V1/><F89/><T111/><D128/><U39/><E39/><V77/><F77/><T95/><D68/><U92/><E73/><V132/><F1/><T47/><D47/><U71/><E71/><V74/><F74/><T33/><D33/><U94/><E42/><V96/><F132/><T36/><D36/><U58/><E66/><V53/><F67/><T106/><D106/><U90/><E80/><V113/><F41/><T135/><D135/><U81/><E81/><V97/><F69/><T126/><D126/><U34/><E34/><V134/><F134/><T131/><D64/><U85/><AGARI ba="0,0" hai="56,58,76,78,79,85,87,88,90,92,94" m="38473,31520,31008" machi="85" ten="30,12000,2" yaku="8,1,52,4,54,1" doraHai="117" who="1" fromWho="1" sc="343,-60,346,120,361,-60,0,0" /><INIT seed="1,1,0,3,3,115" ten="283,466,301,0" oya="1" hai0="97,89,93,125,76,133,131,102,62,43,42,134,121" hai1="0,72,130,104,52,84,99,129,78,68,86,58,107" hai2="63,100,119,80,103,112,53,74,81,73,122,35,1" hai3=""/><U126/><E0/><V128/><N who="2" m="31264" /><V82/><F1/><T37/><N who="0" m="31008" /><T61/><D76/><U91/><E68/><V70/><F35/><T135/><D125/><U94/><E126/><V34/><F34/><T95/><D131/><N who="1" m="50187" /><E72/><V39/><F128/><T79/><D79/><U54/><E54/><V32/><F32/><T132/><D132/><U127/><E127/><V3/><F3/><T48/><D48/><U51/><E78/><V64/><F74/><T110/><D110/><U59/><E59/><V88/><F73/><T47/><REACH who="0" step="1"/><D43/><REACH who="0" ten="273,466,301,0" step="2"/><U105/><AGARI ba="1,1" hai="51,52,58,84,86,91,94,99,104,105,107" m="50187" machi="105" ten="40,2600,0" yaku="19,1,54,1" doraHai="115" who="1" fromWho="1" sc="273,-14,466,38,301,-14,0,0" /><INIT seed="1,2,0,1,4,109" ten="259,504,287,0" oya="1" hai0="87,39,71,1,32,105,78,0,44,70,106,82,104" hai1="35,100,60,52,135,129,62,77,79,68,115,102,51" hai2="76,132,95,127,66,111,67,134,130,120,34,88,97" hai3=""/><U124/><E35/><V36/><N who="2" m="30752" /><V94/><F34/><T89/><D32/><U98/><E135/><N who="2" m="51755" /><F36/><T37/><D89/><U38/><E38/><V63/><F111/><T119/><D119/><U96/><E68/><V49/><F127/><T83/><D44/><U128/><E51/><V40/><F76/><T75/><D87/><U42/><E42/><V69/><F66/><T123/><N who="0" m="31520" /><T53/><D53/><U112/><E124/><V64/><F67/><T90/><D90/><U43/><E43/><V101/><F130/><T50/><D50/><U126/><E126/><V55/><F40/><T131/><D131/><U65/><E65/><V122/><N who="2" m="31264" /><V92/><F101/><T2/><D83/><U81/><E81/><V3/><F3/><T54/><D54/><AGARI ba="2,0" hai="52,54,60,62,77,79,96,98,100,102,112,115,128,129" machi="54" ten="25,12000,1" yaku="22,2,52,2,54,1" doraHai="109" who="1" fromWho="0" sc="259,-124,504,124,287,0,0,0" /><INIT seed="1,3,0,5,2,55" ten="135,628,287,0" oya="1" hai0="49,106,87,134,78,57,113,80,123,34,47,132,98" hai1="85,120,69,96,108,121,58,83,68,82,59,116,119" hai2="112,135,63,53,43,97,92,107,94,99,103,88,117" hai3=""/><U114/><N who="1" m="30752" /><U84/><N who="1" m="31008" /><U40/><E40/><V124/><F117/><T130/><N who="0" m="31520" /><T1/><D34/><U109/><REACH who="1" step="1"/><E96/><REACH who="1" ten="135,618,287,0" step="2"/><V54/><F43/><T65/><D1/><U105/><E105/><V102/><F107/><T74/><D98/><U76/><E76/><V75/><F99/><T77/><D106/><U90/><E90/><V125/><F97/><T89/><D78/><U79/><E79/><V32/><F88/><T50/><D89/><U67/><E67/><V36/><F102/><T48/><D65/><U3/><E3/><V44/><F103/><T62/><D74/><U127/><E127/><V33/><F75/><T100/><D100/><U73/><E73/><V104/><F104/><T110/><D77/><U60/><E60/><V93/><F63/><T131/><D62/><U81/><E81/><V51/><F124/><T2/><D80/><U72/><E72/><V35/><F125/><T115/><D2/><U86/><E86/><V91/><F91/><T126/><D87/><U70/><E70/><V37/><F33/><T101/><D126/><U0/><E0/><V61/><F32/><T118/><D101/><U95/><E95/><V45/><F35/><T46/><D118/><U42/><E42/><RYUUKYOKU ba="3,1" sc="135,-10,618,20,287,-10,0,0" hai1="58,59,68,69,82,83,84,85,108,109,114,116,119" /><INIT seed="1,4,1,0,5,124" ten="125,638,277,0" oya="1" hai0="98,86,78,99,48,120,1,80,50,83,93,116,72" hai1="85,92,65,0,39,133,81,51,66,125,91,3,135" hai2="68,130,57,53,113,36,128,96,54,102,119,59,97" hai3=""/><U105/><E39/><V84/><F119/><T74/><N who="0" m="30752" /><T108/><D1/><U123/><N who="1" m="31520" /><U101/><E105/><V2/><F2/><N who="1" m="553" /><E51/><V40/><F68/><T52/><D116/><U122/><N who="1" m="31264" /><U107/><E107/><V132/><F113/><T38/><D38/><U95/><E125/><V114/><F114/><T129/><D48/><U47/><E47/><V69/><F69/><T104/><D104/><U109/><E101/><V63/><F36/><T79/><D86/><U64/><E109/><V76/><F40/><T89/><D108/><U88/><E81/><V71/><F102/><T42/><D42/><U112/><E85/><V100/><F100/><T87/><D87/><U117/><E117/><V67/><F84/><T134/><D99/><U75/><E75/><V60/><F71/><T77/><D77/><U56/><E56/><V110/><F110/><T44/><D134/><N who="1" m="51211" /><E112/><V43/><F132/><T34/><D34/><U58/><E58/><V62/><F59/><T103/><D103/><U94/><AGARI ba="4,1" hai="64,65,66,88,91,92,94,95" m="51211,31264,553,31520" machi="94" ten="40,12000,2" yaku="28,2,20,1,52,2,54,1" doraHai="124" who="1" fromWho="1" sc="125,-64,638,138,277,-64,0,0" /><INIT seed="1,5,0,2,0,78" ten="61,776,213,0" oya="1" hai0="97,128,122,54,129,104,111,57,94,47,109,73,93" hai1="110,120,116,37,86,0,92,77,53,113,32,36,66" hai2="119,126,2,63,123,35,45,34,48,58,96,70,40" hai3=""/><U71/><E53/><V41/><N who="2" m="31520" /><V130/><F2/><T90/><N who="0" m="31264" /><T46/><D73/><U39/><E66/><V117/><F126/><T79/><D79/><U56/><E56/><V52/><F130/><N who="0" m="50282" /><D104/><U84/><N who="1" m="30752" /><U121/><N who="1" m="31008" /><U74/><E71/><V49/><F70/><T80/><D80/><U76/><E0/><V127/><F127/><T43/><D94/><U38/><E38/><V101/><F41/><T51/><D47/><U85/><E74/><V3/><F3/><T118/><D118/><U89/><E116/><V103/><F117/><T105/><D105/><U83/><E32/><V69/><F119/><T44/><D44/><U99/><E113/><V87/><F103/><T107/><D107/><U102/><E110/><V61/><F34/><T88/><D90/><U91/><REACH who="1" step="1"/><E85/><REACH who="1" ten="61,766,213,0" step="2"/><V55/><F87/><T135/><D57/><U100/><E100/><V50/><F101/><T98/><D54/><U59/><E59/><V132/><F35/><T64/><D64/><U1/><E1/><V62/><F69/><T112/><D112/><U67/><E67/><V65/><F65/><T134/><D111/><U82/><AGARI ba="5,1" hai="36,37,39,76,77,82,83,84,86,89,91,92,99,102" m="31008,30752" machi="82" ten="40,16000,3" yaku="1,1,0,1,9,1,52,4,53,3" doraHai="78" doraHaiUra="68" who="1" fromWho="1" sc="61,-85,766,180,213,-85,0,0" owari="-24,-62.0,946,89.0,128,-27.0,0,0.0" /></mjloggm>