<mjloggm ver="2.3"><GO type="185" lobby="0"/><UN n0="%E6%B0%B4%E6%B2%A2%E6%9F%9A%E4%B9%83" n1="%E3%82%8A%E3%82%85%E3%81%99%E3%81%8F" n2="%6B%2D%70%6F%69%6E%74" n3="" dan="19,17,17,0" rate="2336.97,2212.37,2267.96,1500.00" sx="F,M,M,C"/><TAIKYOKU oya="0"/><INIT seed="0,0,0,2,3,78" ten="350,350,350,0" oya="0" hai0="54,105,128,65,82,94,58,38,77,53,91,112,47" hai1="108,57,132,103,117,41,51,114,36,37,111,46,71" hai2="119,68,120,50,74,126,56,107,70,72,83,44,101" hai3=""/><T1/><D112/><U59/><E117/><V73/><N who="2" m="30752" /><V129/><F119/><T81/><D1/><U98/><E132/><V45/><F126/><T79/><D105/><U3/><E114/><V0/><F0/><T133/><D133/><U89/><E89/><V2/><F129/><T63/><D128/><U109/><E71/><V39/><F39/><N who="1" m="14921" /><E3/><V66/><F70/><T123/><N who="0" m="31520" /><T113/><D113/><U130/><E130/><V134/><F68/><T93/><D38/><U102/><E102/><V85/><F134/><T106/><D106/><AGARI ba="0,0" hai="41,46,51,57,59,98,103,106,108,109,111" m="14921" machi="106" ten="40,1300,0" yaku="14,1" doraHai="78" who="1" fromWho="0" sc="350,-13,350,13,350,0,0,0" /><INIT seed="1,0,0,1,0,2" ten="337,363,350,0" oya="1" hai0="81,35,74,70,114,91,135,85,115,50,46,75,90" hai1="124,83,97,82,80,106,113,79,72,47,66,34,92" hai2="95,99,71,61,57,89,88,58,51,120,133,55,78" hai3=""/><U116/><E116/><V73/><N who="2" m="30752" /><V96/><F133/><T104/><D70/><U44/><E113/><V103/><F71/><T32/><D104/><U40/><E124/><V134/><F134/><T59/><D135/><U63/><E106/><V101/><F78/><T98/><D59/><U60/><E47/><V77/><F77/><T3/><D3/><U64/><E63/><V123/><N who="2" m="31520" /><V33/><F33/><T102/><D114/><U110/><E66/><V111/><F73/><T121/><N who="0" m="31008" /><T87/><D115/><U36/><E110/><V41/><F111/><T126/><D126/><U45/><E45/><V76/><F76/><T129/><D129/><U37/><E37/><V118/><F118/><T43/><D74/><U128/><E128/><V94/><F41/><T38/><D75/><U108/><E108/><V53/><AGARI ba="0,0" hai="51,53,55,57,58,61,88,89,94,95,96,99,101,103" m="31520,30752" machi="53" ten="20,9000,2" yaku="0,1,7,1,9,1,8,1,52,2,54,1" doraHai="2" who="2" fromWho="2" sc="337,-30,363,-60,350,90,0,0" /><INIT seed="2,0,0,0,4,44" ten="307,303,440,0" oya="2" hai0="78,130,1,56,93,89,83,91,41,2,115,102,51" hai1="54,73,133,109,124,117,58,101,81,60,72,46,3" hai2="65,47,131,126,134,71,43,77,52,68,64,90,107" hai3=""/><V80/><F126/><T111/><D111/><U112/><E3/><V53/><F131/><T0/><D130/><U95/><E117/><V94/><F107/><T85/><D115/><U113/><E109/><V128/><F128/><T98/><REACH who="0" step="1"/><D41/><REACH who="0" ten="297,303,440,0" step="2"/><U125/><E113/><V69/><F134/><T38/><D38/><U122/><N who="1" m="31264" /><U67/><E112/><V61/><F43/><T110/><D110/><U88/><E133/><V49/><F53/><AGARI ba="0,1" hai="0,1,2,51,53,56,78,83,85,89,91,93,98,102" machi="53" ten="40,5200,0" yaku="1,1,52,1,53,1" doraHai="44" doraHaiUra="50" who="0" fromWho="2" sc="297,62,303,0,440,-52,0,0" /><INIT seed="4,0,0,2,1,114" ten="359,303,388,0" oya="0" hai0="57,76,101,1,65,125,110,131,98,50,68,70,135" hai1="67,37,46,103,122,3,33,43,81,36,107,41,86" hai2="119,123,32,44,126,80,53,109,92,2,87,42,124" hai3=""/><T49/><D1/><U132/><N who="1" m="31264" /><U56/><E132/><V130/><N who="2" m="31520" /><V78/><F109/><T52/><D135/><U128/><E128/><V75/><F2/><T60/><D131/><U61/><E33/><V47/><F130/><T96/><D110/><U88/><E3/><V72/><F32/><T83/><D125/><N who="2" m="48234" /><F119/><T84/><D70/><U116/><E116/><V99/><F53/><T112/><D112/><U121/><N who="1" m="31008" /><U100/><REACH who="1" step="1"/><E107/><REACH who="1" ten="359,293,388,0" step="2"/><V59/><F72/><T85/><D85/><U55/><E55/><V89/><F75/><T38/><D38/><U54/><E54/><V34/><F34/><T62/><REACH who="0" step="1"/><D98/><REACH who="0" ten="349,293,388,0" step="2"/><U94/><E94/><AGARI ba="0,2" hai="49,50,52,57,60,62,65,68,76,83,84,94,96,101" machi="94" ten="30,11600,0" yaku="1,1,2,1,7,1,54,1,53,0" doraHai="114" doraHaiUra="0" who="0" fromWho="1" sc="349,136,293,-116,388,0,0,0" /><INIT seed="4,1,0,3,2,44" ten="485,177,388,0" oya="0" hai0="48,57,114,66,103,60,86,62,122,45,97,72,1" hai1="123,87,92,33,113,118,135,47,56,130,84,125,129" hai2="116,32,112,128,83,110,111,38,94,46,98,133,70" hai3=""/><T76/><N who="0" m="31264" /><T54/><D114/><U99/><N who="1" m="31520" /><U121/><N who="1" m="31008" /><U79/><E33/><V51/><F83/><T78/><D1/><U105/><E118/><V37/><F98/><T109/><D109/><U90/><E113/><V64/><F94/><T82/><D62/><U53/><E135/><V42/><F112/><T127/><D127/><U108/><E108/><V106/><F32/><T80/><D80/><U68/><E68/><V55/><F106/><T88/><REACH who="0" step="1"/><D72/><REACH who="0" ten="475,177,388,0" step="2"/><U71/><E125/><V34/><F111/><T95/><AGARI ba="1,1" hai="45,48,54,57,60,66,76,78,82,86,88,95,97,103" m="31264" machi="95" ten="20,16000,3" yaku="1,1,2,1,0,1,7,1,8,1,52,2,54,1,53,1" doraHai="44" doraHaiUra="43" who="0" fromWho="0" sc="475,172,177,-81,388,-81,0,0" /><INIT seed="4,2,0,4,5,86" ten="647,96,307,0" oya="0" hai0="42,132,35,120,46,47,105,57,131,75,70,113,116" hai1="91,59,124,84,126,71,125,38,96,78,76,53,36" hai2="93,112,107,56,122,0,68,74,109,108,134,1,87" hai3=""/><T82/><RYUUKYOKU type="yao9" ba="2,0" sc="647,0,96,0,307,0,0,0" hai0="35,42,46,47,57,70,75,82,105,113,116,120,131,132" /><INIT seed="4,3,0,3,3,124" ten="647,96,307,0" oya="0" hai0="79,92,36,75,0,117,54,59,129,87,1,51,70" hai1="127,77,103,56,58,61,81,121,133,65,107,82,50" hai2="91,100,113,34,86,85,108,40,39,109,64,38,90" hai3=""/><T126/><D117/><U102/><N who="1" m="31008" /><U98/><E133/><V63/><F34/><T120/><N who="0" m="30752" /><T116/><D116/><U43/><E127/><V3/><F3/><T37/><D126/><U134/><E134/><V42/><F113/><T111/><D70/><U130/><E130/><V66/><F63/><T93/><D75/><U101/><E82/><V67/><F67/><T131/><D111/><U94/><E107/><V123/><N who="2" m="31520" /><V99/><F99/><T125/><D125/><U62/><E50/><V72/><F100/><T35/><D35/><U110/><E43/><V112/><F112/><T33/><D33/><U88/><E110/><V95/><F95/><T46/><D36/><U96/><E96/><V2/><F2/><T83/><D37/><U132/><E132/><V122/><N who="2" m="31264" /><V44/><F72/><T105/><D105/><U97/><E97/><V53/><REACH who="2" step="1"/><F44/><REACH who="2" ten="647,96,297,0" step="2"/><T45/><D0/><U128/><E103/><V55/><AGARI ba="3,1" hai="38,39,40,42,53,55,64,66,85,86,90,91,108,109" m="31264,31520" machi="55" ten="25,9000,2" yaku="1,1,2,1,0,1,22,2,52,2,53,0" doraHai="124" doraHaiUra="115" who="2" fromWho="2" sc="647,-63,96,-33,297,106,0,0" /><INIT seed="5,0,0,0,5,83" ten="584,63,403,0" oya="1" hai0="124,89,58,33,111,44,114,34,123,64,98,3,96" hai1="79,87,39,106,99,59,32,40,130,95,129,49,2" hai2="126,115,37,120,41,128,86,93,121,125,74,75,63" hai3=""/><U80/><E2/><V68/><N who="2" m="30752" /><V82/><N who="2" m="31008" /><V103/><F115/><T73/><N who="0" m="31520" /><T133/><D3/><U62/><E32/><V134/><F128/><N who="1" m="49257" /><E106/><V47/><F134/><T109/><D73/><U35/><E39/><V71/><F103/><T0/><D124/><N who="2" m="47722" /><F93/><T122/><D133/><U108/><E35/><V65/><F71/><T105/><D114/><U77/><E108/><V78/><AGARI ba="0,0" hai="37,41,47,63,65,68,74,75,78,82,86" m="47722,31008,30752" machi="78" ten="30,5900,0" yaku="18,1,52,3" doraHai="83" who="2" fromWho="2" sc="584,-20,63,-39,403,59,0,0" /><INIT seed="6,0,0,5,2,135" ten="564,24,462,0" oya="2" hai0="94,114,74,59,119,131,79,42,134,65,69,93,130" hai1="40,92,112,125,97,0,44,70,124,116,85,64,123" hai2="88,73,102,1,56,115,60,86,133,77,71,54,111" hai3=""/><V66/><F133/><T90/><D134/><U38/><E85/><V63/><F1/><T99/><D119/><U78/><E92/><V49/><F115/><T83/><D114/><U57/><E78/><V107/><F111/><T32/><D32/><U129/><E97/><V34/><F34/><T81/><D69/><U55/><N who="1" m="31520" /><U100/><E0/><V72/><F107/><T67/><D42/><U95/><E100/><V98/><F77/><T75/><D83/><U132/><E95/><V2/><F2/><T110/><D110/><U120/><N who="1" m="30752" /><U118/><E132/><V101/><F101/><T127/><D127/><U89/><E89/><V122/><N who="2" m="31264" /><V61/><F98/><T126/><D126/><U47/><E47/><V41/><F102/><T87/><D59/><U46/><E129/><N who="0" m="49161" /><D75/><U3/><E3/><V82/><F73/><T35/><D35/><U84/><E112/><V50/><F72/><T104/><D104/><U91/><E124/><V105/><F105/><T51/><D51/><U62/><E125/><V58/><F82/><T33/><D33/><U52/><E118/><V48/><F86/><T108/><D108/><U113/><E116/><V53/><F88/><AGARI ba="0,0" hai="65,67,74,79,81,87,88,90,93,94,99" m="49161" machi="88" ten="30,2000,0" yaku="19,1,54,1" doraHai="135" who="0" fromWho="2" sc="564,20,24,0,462,-20,0,0" owari="584,54.0,24,-58.0,442,4.0,0,0.0" /></mjloggm>