<mjloggm ver="2.3"><GO type="169" lobby="0"/><UN n0="%E3%83%90%E3%82%AD" n1="%E3%81%88%E3%82%89%E3%81%A6%E3%82%93" n2="%73%69%6E%73%69%73%74" n3="%E6%97%A5%E9%99%B0%E3%81%95%E3%82%93" dan="17,17,16,16" rate="2196.97,2178.30,2122.41,2072.52" sx="M,M,M,F"/><TAIKYOKU oya="0"/><INIT seed="0,0,0,2,0,67" ten="250,250,250,250" oya="0" hai0="133,25,110,93,96,84,35,81,40,45,131,50,49" hai1="58,83,100,82,28,51,65,60,75,74,39,42,17" hai2="88,3,120,56,12,72,80,14,46,122,115,114,130" hai3="18,112,57,118,69,95,87,36,32,13,55,91,128"/><T77/><D131/><U135/><E135/><V9/><F130/><W31/><G112/><T21/><D110/><U129/><E129/><V68/><F56/><W70/><G128/><T41/><D133/><U27/><E39/><V59/><F59/><W15/><G36/><T107/><D35/><U97/><E17/><V127/><F46/><W103/><G118/><T113/><D113/><U89/><E42/><V43/><F43/><W8/><G103/><T23/><D107/><U104/><E51/><V47/><F47/><W78/><G78/><T132/><D132/><U134/><E134/><V85/><F68/><W125/><G125/><T92/><D92/><U123/><E123/><V61/><F61/><W94/><G94/><T16/><D23/><U71/><E58/><V0/><F72/><W116/><G116/><T52/><D49/><U22/><REACH who="1" step="1"/><E89/><AGARI ba="0,0" hai="16,21,25,40,41,45,50,52,77,81,84,89,93,96" machi="89" ten="30,11600,0" yaku="7,1,8,1,54,2" doraHai="67" who="0" fromWho="1" sc="250,116,250,-116,250,0,250,0" /><INIT seed="0,1,0,3,0,126" ten="366,134,250,250" oya="0" hai0="100,9,120,68,123,85,121,42,32,1,48,11,135" hai1="52,31,127,64,25,21,111,80,75,35,110,14,51" hai2="125,113,112,41,49,118,29,6,133,99,92,115,96" hai3="73,13,55,18,43,94,27,46,58,26,83,67,72"/><T69/><D32/><U71/><E127/><V70/><F125/><W86/><G67/><T23/><D135/><U2/><E2/><V81/><F133/><W109/><G109/><N who="1" m="41482" /><E64/><V104/><F70/><W84/><G73/><T61/><D100/><U20/><E71/><V74/><F29/><W117/><G72/><T36/><D36/><U77/><E14/><V119/><F6/><W108/><G108/><T131/><D131/><U78/><E78/><N who="2" m="44247" /><F49/><W93/><G117/><N who="2" m="44553" /><F41/><W98/><G26/><T22/><D48/><U91/><E91/><N who="2" m="55327" /><F99/><W39/><G27/><T0/><D42/><U45/><AGARI ba="1,0" hai="20,21,25,31,35,45,51,52,75,77,80" m="41482" machi="45" ten="30,2000,0" yaku="14,1,54,1" doraHai="126" who="1" fromWho="1" sc="366,-11,134,23,250,-6,250,-6" /><INIT seed="1,0,0,4,3,109" ten="355,157,244,244" oya="1" hai0="14,96,1,52,81,103,7,121,56,67,87,77,68" hai1="74,8,83,69,113,64,12,49,38,59,11,35,99" hai2="85,128,37,104,78,23,110,108,131,127,90,32,27" hai3="116,19,42,119,44,17,51,5,25,63,94,72,6"/><U10/><E38/><V13/><F37/><W117/><G72/><T98/><D1/><U47/><E35/><V46/><F46/><W15/><G94/><T120/><D67/><U92/><E69/><V58/><F58/><W33/><G63/><T76/><D76/><U80/><E113/><V57/><F57/><W4/><REACH who="3" step="1"/><G15/><REACH who="3" ten="355,157,244,234" step="2"/><T102/><D14/><U54/><E74/><V66/><F13/><W100/><G100/><T48/><D68/><U123/><E12/><V118/><F110/><W30/><AGARI ba="0,1" hai="4,5,6,17,19,25,30,33,42,44,51,116,117,119" machi="30" ten="40,5200,0" yaku="1,1,0,1,12,1,53,0" doraHai="109" doraHaiUra="111" who="3" fromWho="3" sc="355,-13,157,-26,244,-13,234,62" /><INIT seed="2,0,0,0,4,109" ten="342,131,231,296" oya="2" hai0="50,5,44,40,22,71,85,62,35,66,28,87,1" hai1="2,133,61,38,34,103,104,126,115,81,121,60,26" hai2="120,57,56,82,23,77,74,75,41,96,127,98,102" hai3="59,83,9,45,124,125,69,89,128,18,11,117,73"/><V119/><F119/><W107/><G69/><T46/><D22/><U90/><E103/><V135/><F120/><W19/><G107/><T134/><D134/><U39/><E26/><V78/><F135/><W80/><G59/><T72/><D72/><U65/><E90/><V7/><F127/><W79/><G117/><T116/><D116/><U58/><E81/><V4/><F23/><W114/><G128/><T67/><D67/><U27/><E27/><V122/><F122/><W3/><G45/><T32/><D28/><U86/><E86/><V108/><F41/><W54/><G54/><T10/><REACH who="0" step="1"/><D46/><REACH who="0" ten="332,131,231,296" step="2"/><U43/><E65/><V6/><F108/><W97/><G73/><T91/><D91/><U99/><E133/><V131/><F131/><W101/><G89/><T52/><D52/><U0/><E34/><AGARI ba="0,1" hai="1,5,10,32,34,35,40,44,50,62,66,71,85,87" machi="34" ten="40,1300,0" yaku="1,1,53,0" doraHai="109" doraHaiUra="110" who="0" fromWho="1" sc="332,23,131,-13,231,0,296,0" /><INIT seed="3,0,0,2,5,86" ten="355,118,231,296" oya="3" hai0="48,117,36,3,44,28,108,95,76,74,4,71,58" hai1="93,98,6,53,92,113,68,54,14,87,75,59,111" hai2="99,90,31,77,24,81,73,132,25,38,123,39,5" hai3="12,33,49,41,62,129,7,125,13,78,55,17,112"/><W40/><G112/><T126/><D117/><U64/><E111/><V63/><F132/><W0/><G33/><T105/><D105/><U50/><E75/><V110/><F110/><W133/><G133/><T30/><D71/><U131/><E113/><V43/><F123/><W69/><G125/><T101/><D108/><U32/><E32/><V85/><F5/><W67/><G0/><T109/><D109/><U51/><E131/><V100/><F63/><W15/><G129/><T9/><D58/><U135/><E135/><V107/><F43/><W2/><G78/><T26/><D26/><U22/><E87/><V47/><F47/><W60/><G60/><T42/><D48/><U88/><E92/><N who="2" m="54351" /><F24/><W10/><REACH who="3" step="1"/><G17/><REACH who="3" ten="355,118,231,286" step="2"/><T104/><D126/><U115/><E115/><V106/><F106/><W89/><G89/><T23/><D104/><U102/><E88/><V116/><F116/><W20/><G20/><AGARI ba="0,1" hai="20,25,31,38,39,73,77,81,99,100,107" m="54351" machi="20" ten="30,2000,0" yaku="24,1,52,1" doraHai="86" who="2" fromWho="3" sc="355,0,118,0,231,30,286,-20" /><INIT seed="4,0,0,5,5,89" ten="355,118,261,266" oya="0" hai0="119,104,61,111,91,128,124,102,0,90,114,58,62" hai1="84,57,131,6,126,55,35,94,8,33,110,30,48" hai2="133,20,65,67,43,24,1,80,22,52,51,86,9" hai3="106,28,64,96,14,18,63,12,92,85,116,7,21"/><T26/><D119/><U41/><E110/><V122/><F122/><W45/><G116/><T73/><D73/><U42/><E131/><V72/><F72/><W44/><G106/><T46/><D0/><U82/><E126/><V107/><F107/><W5/><G85/><T125/><D128/><U32/><E30/><V3/><F43/><W11/><G7/><T29/><D46/><U115/><E115/><V88/><F133/><W49/><G28/><T127/><D114/><U87/><E84/><V15/><F1/><W38/><G38/><T66/><D62/><U112/><E112/><V23/><F24/><W98/><G98/><N who="0" m="61527" /><D111/><U13/><REACH who="1" step="1"/><E94/><REACH who="1" ten="355,108,261,266" step="2"/><V69/><F69/><W118/><G118/><T83/><D83/><U99/><E99/><V39/><F39/><W76/><G76/><AGARI ba="0,1" hai="6,8,13,32,33,35,41,42,48,55,57,76,82,87" machi="76" ten="40,1300,0" yaku="1,1,53,0" doraHai="89" doraHaiUra="120" who="1" fromWho="3" sc="355,0,108,23,261,0,266,-13" /><INIT seed="5,0,0,4,3,1" ten="355,131,261,253" oya="1" hai0="34,117,76,20,50,96,14,107,24,130,36,42,81" hai1="80,33,84,112,124,110,101,30,66,16,25,52,28" hai2="58,53,99,83,79,12,51,60,48,91,15,62,44" hai3="119,103,63,75,109,35,127,6,86,95,135,68,54"/><U11/><E112/><V100/><F91/><W92/><G35/><T121/><D117/><U105/><E66/><V3/><F3/><W102/><G109/><T114/><D36/><U64/><E64/><V46/><F60/><W55/><G75/><T129/><D114/><U21/><E110/><V133/><F133/><W4/><G63/><T122/><D14/><U125/><E11/><V40/><F83/><W106/><G86/><T70/><D34/><U9/><E9/><V69/><F79/><W94/><G94/><T98/><D70/><U7/><E7/><V71/><F71/><W39/><G39/><T108/><D50/><U57/><E101/><V0/><F0/><W73/><G68/><T31/><D42/><U27/><E105/><V32/><F32/><W78/><G78/><T87/><D108/><U132/><E132/><V13/><F69/><W111/><G73/><T22/><D22/><U104/><E30/><V89/><F89/><W37/><G37/><T97/><REACH who="0" step="1"/><D107/><REACH who="0" ten="345,131,261,253" step="2"/><U5/><E104/><V26/><F26/><W67/><G106/><T85/><D85/><U126/><E5/><V93/><F13/><W134/><G111/><T118/><D118/><U10/><E10/><V61/><F61/><W123/><G119/><T90/><D90/><U88/><REACH who="1" step="1"/><E124/><REACH who="1" ten="345,121,261,253" step="2"/><V115/><F115/><W113/><G127/><T23/><D23/><U56/><E56/><V59/><F58/><W45/><G113/><T29/><D29/><U19/><E19/><V120/><F59/><W82/><G134/><T8/><D8/><U77/><E77/><V49/><F40/><RYUUKYOKU ba="0,2" sc="345,15,121,15,261,-15,253,-15" hai0="20,24,31,76,81,87,96,97,98,121,122,129,130" hai1="16,21,25,27,28,33,52,57,80,84,88,125,126" /><INIT seed="5,1,2,2,2,80" ten="360,136,246,238" oya="1" hai0="129,88,12,105,110,55,33,83,44,73,48,134,133" hai1="16,56,11,87,24,31,34,123,40,95,111,4,52" hai2="132,36,76,85,89,62,17,6,59,127,97,53,91" hai3="84,0,23,15,10,32,126,61,78,58,54,30,90"/><U29/><E123/><V86/><F36/><W114/><G114/><T38/><D110/><U117/><E117/><V131/><F131/><W108/><G108/><T130/><D33/><U50/><E111/><V69/><F69/><W101/><G126/><T65/><D105/><U68/><E68/><V104/><F127/><W45/><G101/><T118/><D118/><U49/><E29/><V115/><F115/><W92/><G32/><T66/><D38/><U27/><E27/><V43/><F43/><W124/><G124/><T71/><D12/><U112/><E112/><V3/><F3/><W9/><G78/><N who="0" m="44495" /><D88/><N who="2" m="33866" /><F104/><W37/><G0/><T2/><D2/><U116/><E116/><V79/><F6/><W7/><G10/><T14/><D14/><U135/><E135/><N who="0" m="51721" /><D71/><U28/><E28/><V77/><F97/><W106/><G106/><T72/><D72/><U74/><E74/><V113/><F113/><W1/><G1/><T67/><AGARI ba="1,2" hai="44,48,55,65,66,67,129,130" m="51721,44495" machi="67" ten="40,1500,0" yaku="20,1" doraHai="80" who="0" fromWho="0" sc="360,38,136,-8,246,-5,238,-5" /><INIT seed="6,0,0,1,4,68" ten="398,128,241,233" oya="2" hai0="47,117,110,28,70,98,67,102,69,114,29,86,7" hai1="65,45,87,52,71,38,41,27,115,103,104,82,40" hai2="55,111,124,135,61,54,122,51,107,73,13,131,6" hai3="121,118,2,132,77,50,79,24,120,21,119,26,97"/><V63/><F73/><W90/><G2/><T66/><D110/><U101/><E115/><V25/><F122/><W95/><G132/><T1/><D86/><U9/><E104/><V96/><F135/><W74/><G50/><T14/><D14/><U35/><E9/><V23/><F107/><W109/><G109/><T32/><D47/><U84/><E87/><V11/><F124/><W34/><G34/><T15/><D15/><U49/><E35/><V37/><F37/><W53/><G53/><T42/><D42/><U59/><E27/><V76/><F131/><W100/><G26/><T116/><D98/><U133/><E40/><V36/><F36/><W93/><G118/><T17/><D102/><U127/><E127/><V33/><F76/><W126/><G119/><N who="0" m="45643" /><D17/><U31/><E31/><N who="0" m="11849" /><D32/><U88/><E133/><V3/><F33/><W12/><G126/><T43/><D43/><U20/><E20/><V75/><F23/><W83/><G12/><T89/><D89/><U130/><E130/><V60/><F13/><W0/><G79/><T125/><D114/><U112/><E112/><V8/><F8/><W30/><G0/><T44/><D44/><U105/><E105/><V81/><F11/><W62/><G62/><AGARI ba="0,0" hai="38,41,45,49,52,59,62,65,71,82,84,88,101,103" machi="62" ten="40,8000,1" yaku="24,2,52,1,54,2" doraHai="68" who="1" fromWho="3" sc="398,0,128,80,241,0,233,-80" /><INIT seed="7,0,0,5,2,45" ten="398,208,241,153" oya="3" hai0="125,69,9,78,33,12,73,49,105,114,127,14,44" hai1="23,28,134,122,116,0,132,24,40,38,34,6,10" hai2="57,1,37,118,21,133,111,42,81,13,80,129,16" hai3="11,48,130,83,52,126,109,19,110,128,121,86,27"/><W119/><G121/><T98/><D33/><U20/><E122/><V115/><F111/><N who="3" m="42507" /><G119/><T79/><D69/><U15/><E40/><V112/><F118/><W103/><G103/><N who="0" m="62711" /><D14/><U99/><E99/><V51/><F133/><N who="1" m="51305" /><E38/><V3/><F129/><N who="3" m="49771" /><G126/><N who="0" m="48139" /><D73/><U64/><E64/><V39/><F39/><W7/><G27/><T29/><D29/><U35/><E116/><V60/><F37/><W58/><G19/><AGARI ba="0,0" hai="0,6,10,15,19,20,23,24,28,34,35" m="51305" machi="19" ten="30,3900,0" yaku="20,1,34,2" doraHai="45" who="1" fromWho="3" sc="398,0,208,39,241,0,153,-39" owari="398,50.0,247,5.0,241,-16.0,114,-39.0" /></mjloggm>