<mjloggm ver="2.3"><GO type="169" lobby="0"/><UN n0="%E8%8D%92%E6%9C%A8%E6%AF%94%E5%A5%88" n1="%E3%81%8B%E3%81%A5%E3%81%8D%EF%BC%B8%EF%BC%A9" n2="%7A%6B%75%72%74" n3="%E9%98%BF%E9%83%A8%E5%AF%9B%EF%BC%A0%E9%B3%B3%E5%8D%93" dan="17,16,16,16" rate="2175.50,2079.66,2162.34,2041.21" sx="F,M,M,F"/><TAIKYOKU oya="0"/><INIT seed="0,0,0,4,4,55" ten="250,250,250,250" oya="0" hai0="85,79,63,130,38,15,127,52,68,104,31,107,66" hai1="116,97,118,59,69,39,105,110,24,88,98,21,50" hai2="101,109,43,7,129,3,56,71,42,60,74,86,13" hai3="9,53,18,120,19,6,100,111,26,25,80,87,29"/><T108/><D38/><U44/><E110/><V0/><F74/><W32/><G111/><T61/><D127/><U27/><E69/><V2/><F71/><W45/><G120/><T37/><D37/><U23/><E39/><V125/><F109/><W134/><G134/><T57/><D130/><U35/><E35/><V89/><F129/><W1/><G100/><T133/><D133/><U124/><E124/><V73/><F73/><W30/><G53/><T78/><D31/><U72/><E72/><V48/><F101/><W41/><G45/><T77/><D108/><U5/><E5/><V12/><F125/><W46/><G46/><T75/><D75/><U40/><E105/><V49/><F42/><W135/><G41/><T126/><D126/><U94/><E98/><V91/><F91/><W36/><G36/><T4/><REACH who="0" step="1"/><D85/><REACH who="0" ten="240,250,250,250" step="2"/><U102/><E118/><V10/><F43/><W115/><G135/><T34/><D34/><U33/><E33/><V123/><F123/><W8/><G30/><T54/><D54/><U117/><E117/><V114/><F114/><W92/><G115/><T16/><D16/><N who="1" m="12327" /><E116/><V95/><REACH who="2" step="1"/><F13/><REACH who="2" ten="240,250,240,250" step="2"/><W90/><G1/><T14/><D14/><U47/><E40/><V96/><F96/><W121/><G121/><T103/><D103/><U112/><E112/><V113/><F113/><W83/><G87/><T82/><D82/><U17/><E102/><V64/><AGARI ba="0,2" hai="0,2,3,7,10,12,48,49,56,60,64,86,89,95" machi="64" ten="30,4000,0" yaku="1,1,0,1,52,1,53,0" doraHai="55" doraHaiUra="67" who="2" fromWho="2" sc="240,-20,250,-10,240,60,250,-10" /><INIT seed="1,0,0,4,5,14" ten="220,240,300,240" oya="1" hai0="134,125,95,115,56,37,65,34,117,121,120,68,83" hai1="109,122,97,9,61,80,11,90,55,51,72,36,60" hai2="59,103,108,130,127,47,58,75,2,102,40,71,77" hai3="46,25,22,45,81,124,50,87,84,13,94,0,129"/><U86/><E122/><V85/><F71/><W23/><G0/><T104/><RYUUKYOKU type="yao9" ba="0,0" sc="220,0,240,0,300,0,240,0" hai0="34,37,56,65,68,83,95,104,115,117,120,121,125,134" /><INIT seed="1,1,0,1,5,30" ten="220,240,300,240" oya="1" hai0="58,1,8,33,23,86,2,129,50,106,42,21,131" hai1="14,82,6,87,59,52,20,105,0,117,7,85,97" hai2="75,126,65,91,25,79,34,15,39,92,121,127,69" hai3="41,133,120,63,62,56,84,73,64,51,107,102,101"/><U67/><E117/><V135/><F121/><W125/><G73/><T53/><D106/><U80/><E0/><V100/><F39/><W48/><G120/><T94/><D42/><U114/><E67/><V16/><F100/><W47/><G125/><T77/><D33/><U3/><E3/><V27/><F135/><W17/><G133/><T66/><D66/><U124/><E124/><N who="2" m="47659" /><F79/><W26/><G107/><T18/><D8/><U119/><E119/><V43/><F43/><W93/><G62/><T113/><D113/><U72/><E72/><V9/><F75/><W78/><G51/><T115/><D115/><U40/><E40/><V109/><F109/><W35/><G35/><T99/><D77/><U108/><E108/><V10/><F10/><W132/><G132/><T76/><D76/><U37/><E37/><V4/><F4/><W98/><G102/><T29/><D29/><U95/><E105/><V96/><F34/><W49/><G49/><T32/><D32/><U90/><E114/><V57/><F69/><W134/><G134/><T11/><D11/><U81/><E7/><V83/><F83/><N who="1" m="21249" /><U116/><DORA hai="89" /><E116/><V110/><F110/><W55/><G78/><T12/><D23/><U13/><E6/><V44/><F44/><W24/><G47/><T74/><D74/><U88/><E90/><V45/><F45/><N who="3" m="28047" /><G41/><T46/><D46/><U68/><E68/><V19/><F19/><W123/><G123/><T61/><D1/><U5/><E5/><V103/><F103/><W70/><G70/><T36/><D2/><U111/><E111/><V128/><F128/><RYUUKYOKU ba="1,0" sc="220,-10,240,-10,300,30,240,-10" hai2="9,15,16,25,27,57,65,91,92,96" /><INIT seed="2,2,0,2,1,101" ten="210,230,330,230" oya="2" hai0="96,122,67,46,12,69,134,63,53,108,2,20,113" hai1="36,91,80,18,28,48,110,13,27,71,133,83,59" hai2="47,22,61,135,121,38,35,114,84,95,9,42,65" hai3="87,40,118,86,116,15,52,89,68,45,51,81,37"/><V127/><F35/><W4/><G68/><T49/><D113/><U109/><E71/><V58/><F114/><W39/><G87/><T79/><D122/><U66/><E36/><V75/><F121/><W23/><G39/><T29/><D2/><U105/><E105/><V64/><F75/><W50/><G37/><T119/><D108/><N who="1" m="41579" /><E133/><V30/><F135/><W44/><REACH who="3" step="1"/><G23/><REACH who="3" ten="210,230,330,220" step="2"/><T103/><D134/><U93/><E80/><V129/><F84/><W125/><G125/><T123/><D123/><U76/><E83/><V132/><F127/><W92/><G92/><T88/><D20/><U115/><E115/><V70/><F95/><W112/><G112/><T26/><D69/><U111/><E111/><V94/><F94/><W5/><G5/><T100/><D96/><U99/><E93/><V19/><F132/><W14/><G14/><T98/><D12/><U60/><E13/><V73/><F70/><W74/><G74/><T56/><D98/><U7/><E7/><V34/><F73/><W0/><G0/><T124/><D124/><U31/><E99/><V57/><F38/><W90/><G90/><T107/><D88/><U16/><E91/><V106/><F22/><W32/><G32/><T117/><D79/><U97/><E76/><V102/><F34/><W62/><G62/><T82/><D82/><U130/><E97/><V126/><F61/><W1/><G1/><T21/><D100/><U41/><E60/><V128/><F126/><W77/><G77/><T85/><D85/><U17/><E27/><V120/><F102/><W3/><G3/><T54/><D67/><RYUUKYOKU ba="2,1" sc="210,15,230,-15,330,-15,220,15" hai0="21,26,29,46,49,53,54,56,63,103,107,117,119" hai3="4,15,40,44,45,50,51,52,81,86,89,116,118" /><INIT seed="3,3,1,0,4,46" ten="225,215,315,235" oya="3" hai0="36,42,3,66,50,113,85,61,21,22,101,40,35" hai1="4,120,59,97,19,83,92,26,81,115,44,72,5" hai2="100,90,20,15,71,31,17,18,131,99,6,7,125" hai3="52,29,94,117,0,8,124,96,73,63,16,53,111"/><W109/><G117/><T127/><D35/><U123/><E115/><V64/><F131/><W118/><G118/><T28/><D3/><U79/><E83/><V38/><F38/><W51/><G73/><T93/><D36/><U39/><E59/><V104/><F125/><W126/><G29/><T130/><D130/><U87/><E72/><V33/><F90/><N who="3" m="55383" /><G63/><T78/><D127/><N who="3" m="48681" /><G53/><T129/><D129/><U107/><E107/><V114/><F114/><W30/><G30/><T132/><D132/><U13/><E123/><V23/><F31/><W135/><G135/><T14/><D113/><U89/><E120/><V1/><F33/><W110/><G0/><T25/><D14/><U106/><E26/><V95/><F1/><W37/><G37/><T34/><D40/><U54/><E106/><V9/><F104/><W98/><G98/><T57/><D78/><U102/><E79/><V27/><F64/><W122/><G122/><T70/><D70/><U112/><E112/><V24/><F71/><W12/><G110/><T91/><D34/><U128/><E128/><V82/><F82/><W2/><G2/><T133/><D133/><U10/><E39/><V84/><F84/><W121/><G121/><T55/><D42/><U58/><E58/><AGARI ba="3,1" hai="8,12,16,51,52,58,109,111" m="48681,55383" machi="58" ten="30,11600,0" yaku="18,1,52,1,54,2" doraHai="46" who="3" fromWho="1" sc="225,0,215,-125,315,0,235,135" /><INIT seed="3,4,0,4,4,15" ten="225,90,315,370" oya="3" hai0="38,130,42,4,25,135,56,20,81,64,58,73,92" hai1="0,48,14,100,101,67,54,113,5,57,93,91,105" hai2="94,126,50,99,52,122,1,131,116,127,87,96,97" hai3="35,31,78,34,66,71,41,79,95,53,83,13,132"/><W17/><G132/><T60/><D130/><U134/><E0/><V68/><F116/><W16/><G41/><T6/><D135/><U128/><E113/><V121/><F68/><W115/><G66/><T26/><D38/><U108/><E108/><V36/><F36/><W82/><G71/><T104/><D42/><U124/><E124/><N who="2" m="47659" /><F1/><W123/><G115/><T39/><D39/><U90/><E128/><V2/><F2/><W7/><G123/><N who="2" m="47113" /><F87/><W103/><G35/><T65/><D104/><U22/><E134/><V11/><F11/><N who="3" m="4351" /><G31/><T9/><D73/><U84/><E105/><V63/><F63/><W45/><G34/><T112/><D112/><U59/><E5/><V43/><F43/><W86/><G45/><T40/><D40/><U85/><E59/><N who="2" m="33175" /><F131/><W69/><G69/><T125/><D125/><U110/><E67/><V61/><F61/><W27/><G53/><T120/><D120/><U18/><REACH who="1" step="1"/><E110/><REACH who="1" ten="225,80,315,370" step="2"/><V106/><F106/><W76/><G76/><T8/><D64/><U75/><E75/><V98/><F98/><N who="3" m="59871" /><G79/><T30/><D65/><U70/><E70/><V23/><F23/><N who="3" m="13799" /><G83/><AGARI ba="4,1" hai="14,18,22,48,54,57,83,84,85,90,91,93,100,101" machi="83" ten="30,12000,2" yaku="1,1,7,1,25,2,8,1,52,1,53,0" doraHai="15" doraHaiUra="114" who="1" fromWho="3" sc="225,0,80,142,315,0,370,-132" /><INIT seed="4,0,0,1,2,36" ten="225,222,315,238" oya="0" hai0="104,63,90,107,62,93,31,129,130,91,121,41,18" hai1="49,57,2,80,1,30,83,125,99,55,94,13,37" hai2="72,26,16,135,23,45,95,108,58,14,76,46,88" hai3="32,111,65,119,66,8,53,50,124,5,27,123,112"/><T122/><D31/><U96/><E37/><V87/><F108/><W15/><G111/><T116/><D18/><U81/><E125/><V100/><F135/><W0/><G119/><T97/><D116/><U98/><E30/><V134/><F134/><W9/><G124/><T133/><D133/><U86/><E2/><V40/><F100/><W59/><G112/><T25/><D25/><U101/><E1/><V61/><F72/><W128/><G128/><N who="0" m="49259" /><D41/><U68/><E68/><V33/><F76/><W43/><G27/><T114/><D114/><U75/><E75/><V22/><F33/><W82/><G32/><T117/><D117/><U11/><REACH who="1" step="1"/><E86/><REACH who="1" ten="225,212,315,238" step="2"/><V21/><F26/><W67/><G123/><T131/><D131/><U47/><E47/><V69/><F69/><W60/><G0/><T127/><D127/><U4/><AGARI ba="0,1" hai="4,11,13,49,55,57,80,81,83,94,96,98,99,101" machi="4" ten="30,4000,0" yaku="1,1,0,1,8,1,53,0" doraHai="36" doraHaiUra="113" who="1" fromWho="1" sc="225,-20,212,50,315,-10,238,-10" /><INIT seed="5,0,0,2,0,10" ten="205,262,305,228" oya="1" hai0="93,78,121,14,101,53,23,12,120,11,82,84,88" hai1="47,106,73,1,57,126,69,2,115,4,83,87,15" hai2="129,105,51,29,61,103,119,80,22,9,26,114,20" hai3="125,55,34,17,54,19,123,96,33,75,56,32,116"/><U16/><E69/><V95/><F119/><W52/><G123/><N who="0" m="47179" /><D101/><U36/><E106/><V3/><F129/><W30/><G116/><T7/><D53/><U108/><E108/><V127/><F127/><W40/><G125/><T45/><D45/><U64/><E126/><V18/><F105/><W132/><G132/><T46/><D46/><U85/><E4/><V63/><F114/><W109/><G109/><T27/><D27/><U28/><E28/><V21/><F80/><W77/><G40/><T35/><D35/><U43/><E115/><V117/><F117/><W100/><G30/><T31/><D31/><U0/><E73/><V131/><F131/><W107/><REACH who="3" step="1"/><G56/><REACH who="3" ten="205,262,305,218" step="2"/><T104/><D104/><U37/><E37/><V113/><F113/><W48/><G48/><T8/><D23/><U13/><E36/><V122/><F122/><W60/><G60/><T58/><D58/><U79/><E57/><V135/><F51/><W72/><G72/><N who="0" m="43335" /><D8/><U67/><E43/><V6/><F21/><W94/><G94/><T66/><D66/><U50/><E67/><V134/><F134/><W68/><G68/><T110/><D110/><U89/><E64/><V74/><F135/><W90/><G90/><T92/><D92/><U42/><REACH who="1" step="1"/><E16/><REACH who="1" ten="205,252,305,218" step="2"/><V99/><F74/><W112/><G112/><T49/><D49/><U86/><E86/><V41/><F41/><W81/><AGARI ba="0,2" hai="17,19,32,33,34,52,54,55,75,77,81,96,100,107" machi="81" ten="40,5200,0" yaku="1,1,0,1,54,1,53,0" doraHai="10" doraHaiUra="133" who="3" fromWho="3" sc="205,-13,252,-26,305,-13,218,72" /><INIT seed="6,0,0,2,4,83" ten="192,226,292,290" oya="2" hai0="102,56,18,33,109,62,46,100,90,128,40,103,9" hai1="88,117,58,125,52,12,17,8,133,57,107,21,79" hai2="71,126,3,5,130,87,86,78,66,89,135,70,96" hai3="36,7,94,132,0,72,85,129,55,14,74,61,118"/><V35/><F35/><W22/><G36/><T63/><D33/><U20/><E107/><V32/><F32/><W25/><G0/><T99/><D109/><U47/><E117/><V11/><F130/><W68/><G118/><T93/><D128/><U131/><E79/><V59/><F135/><W43/><G129/><T51/><D9/><U48/><E131/><V24/><F24/><W16/><G43/><T19/><REACH who="0" step="1"/><D62/><REACH who="0" ten="182,226,292,290" step="2"/><U80/><E133/><V106/><F11/><W65/><G132/><T28/><D28/><U37/><E125/><V124/><F124/><W15/><G61/><T121/><D121/><U92/><E37/><V60/><F126/><W73/><G22/><N who="1" m="8810" /><E80/><V82/><F82/><W29/><G29/><T30/><D30/><U112/><E112/><V75/><F60/><W111/><G111/><T23/><D23/><U95/><E95/><V64/><F106/><W39/><G94/><T10/><D10/><U134/><E134/><V97/><F71/><W27/><G27/><T119/><D119/><U98/><AGARI ba="0,1" hai="8,12,17,47,48,52,57,58,88,92,98" m="8810" machi="98" ten="30,4000,0" yaku="8,1,54,2" doraHai="83" who="1" fromWho="1" sc="182,-10,226,50,292,-20,290,-10" /><INIT seed="7,0,0,4,2,58" ten="172,276,272,280" oya="3" hai0="124,71,26,117,0,129,123,9,6,130,122,55,98" hai1="97,101,108,19,94,131,125,42,65,76,95,120,8" hai2="23,56,92,78,121,109,62,118,127,35,133,89,100" hai3="59,29,22,10,39,69,119,110,44,13,31,32,7"/><W34/><G69/><T30/><D71/><U128/><E108/><V126/><F109/><W91/><G110/><T111/><D98/><U20/><E42/><V107/><F35/><W64/><G119/><T11/><D55/><U105/><E8/><V112/><F118/><W45/><G39/><T51/><D51/><U75/><E65/><V104/><F112/><W84/><G34/><T74/><D74/><U27/><E125/><V17/><F78/><W61/><G32/><N who="0" m="20567" /><D117/><U135/><E135/><V88/><F133/><W66/><G66/><T116/><D116/><U77/><E120/><N who="0" m="46121" /><D111/><U38/><E38/><V16/><F100/><W82/><G22/><T103/><D103/><U86/><E95/><V14/><F17/><W83/><G82/><T50/><D50/><U102/><E102/><V3/><F3/><W115/><G115/><T5/><D124/><N who="2" m="47658" /><F121/><W28/><AGARI ba="0,0" hai="7,10,13,28,29,31,44,45,59,61,64,83,84,91" machi="28" ten="30,6000,0" yaku="0,1,8,1,52,1" doraHai="58" who="3" fromWho="3" sc="172,-20,276,-20,272,-20,280,60" owari="152,-35.0,256,6.0,252,-15.0,340,44.0" /></mjloggm>