<mjloggm ver="2.3"><GO type="185" lobby="0"/><UN n0="%61%6E%64%6F%35%35" n1="%74%6F%6D%69%31%30%32%39" n2="%65%6C%75%6C%75" n3="" dan="16,16,16,0" rate="2168.09,2089.69,2259.41,1500.00" sx="M,M,M,C"/><TAIKYOKU oya="0"/><INIT seed="0,0,0,3,4,94" ten="350,350,350,0" oya="0" hai0="79,127,134,99,105,45,108,51,87,66,114,2,103" hai1="3,91,61,42,49,120,89,109,85,128,107,135,117" hai2="1,32,124,96,60,68,46,86,73,47,48,43,126" hai3=""/><T44/><D2/><U36/><N who="1" m="30752" /><U56/><E36/><V81/><F1/><T118/><D114/><U115/><E117/><V131/><F32/><T82/><D118/><U95/><E107/><V83/><F131/><T71/><D134/><U110/><E128/><V80/><F73/><T133/><D133/><U70/><E70/><V123/><N who="2" m="31520" /><V53/><F86/><T54/><D127/><N who="2" m="48682" /><F96/><T0/><D0/><U106/><E106/><V64/><F81/><T74/><D108/><U40/><E115/><V72/><F72/><T41/><D66/><U78/><E135/><V116/><F116/><T125/><D125/><U111/><E3/><V112/><F112/><T98/><D71/><U76/><E91/><V102/><F102/><T75/><REACH who="0" step="1"/><D99/><REACH who="0" ten="340,350,350,0" step="2"/><U37/><E111/><V58/><F68/><T101/><D101/><U88/><E110/><V34/><F34/><T92/><D92/><U129/><E109/><V130/><F130/><T119/><D119/><U65/><E129/><V62/><F62/><T50/><AGARI ba="0,1" hai="41,44,45,50,51,54,74,75,79,82,87,98,103,105" machi="50" ten="20,5200,0" yaku="1,1,0,1,7,1,52,1,53,0" doraHai="94" doraHaiUra="55" who="0" fromWho="0" sc="340,62,350,-26,350,-26,0,0" /><INIT seed="0,1,0,0,2,96" ten="402,324,324,0" oya="0" hai0="122,128,104,68,45,121,39,81,107,83,47,72,110" hai1="106,69,99,78,32,134,109,111,135,80,74,91,88" hai2="131,114,71,112,103,98,61,48,49,51,115,38,63" hai3=""/><T59/><N who="0" m="31008" /><T41/><N who="0" m="31264" /><T117/><D117/><U116/><E69/><V90/><F131/><T82/><D68/><U52/><E32/><V46/><F90/><N who="1" m="34345" /><E116/><V34/><F34/><T40/><D72/><U43/><E43/><V67/><F63/><T105/><D128/><U123/><N who="1" m="31520" /><U126/><E126/><V132/><F38/><T55/><D110/><N who="1" m="41995" /><E52/><V75/><F75/><T70/><D70/><U54/><E54/><V102/><F132/><N who="1" m="50729" /><E99/><V65/><F65/><T58/><REACH who="0" step="1"/><D55/><REACH who="0" ten="392,324,324,0" step="2"/><U56/><E56/><V89/><F71/><T33/><D33/><U94/><E94/><V100/><F115/><T3/><D3/><U129/><E129/><V37/><F114/><T35/><D35/><U2/><E106/><V97/><F112/><T118/><D118/><U57/><E57/><V76/><F67/><T113/><D113/><U108/><E108/><V119/><F119/><T84/><D84/><U79/><E2/><V73/><F73/><T44/><D44/><U124/><E124/><V93/><F46/><T125/><D125/><U53/><E53/><V101/><F93/><T127/><D127/><U85/><E74/><V1/><N who="2" m="25600" /><DORA hai="77" /><V50/><F1/><T62/><D62/><U64/><E64/><RYUUKYOKU ba="1,1" sc="392,10,324,10,324,-20,0,0" hai0="39,40,41,45,47,58,59,81,82,83,104,105,107" hai1="78,79,80,85" /><INIT seed="0,2,1,2,0,68" ten="402,334,304,0" oya="0" hai0="39,81,37,65,58,93,53,128,112,126,66,73,83" hai1="124,133,71,0,52,96,32,117,56,113,80,101,54" hai2="69,43,46,102,98,129,70,74,85,61,63,72,79" hai3=""/><T51/><D112/><U132/><E0/><V77/><F85/><T44/><D128/><U105/><E71/><V134/><F129/><T125/><D93/><U115/><E32/><V130/><F130/><T91/><D91/><U36/><E117/><V41/><F46/><T60/><D73/><U95/><E36/><N who="0" m="13897" /><D83/><U34/><E34/><V62/><F62/><T123/><N who="0" m="31520" /><T103/><D103/><U107/><E54/><V122/><N who="2" m="31264" /><V89/><F89/><T120/><N who="0" m="30752" /><T2/><D81/><U127/><E80/><V104/><F102/><T86/><D86/><U55/><E55/><V42/><F42/><T33/><D33/><U100/><E95/><V84/><F84/><T76/><D76/><U57/><E52/><V35/><F35/><T99/><D99/><AGARI ba="2,1" hai="56,57,96,99,100,101,105,107,113,115,124,127,132,133" machi="99" ten="25,1600,0" yaku="22,2" doraHai="68" who="1" fromWho="0" sc="402,-20,334,30,304,0,0,0" /><INIT seed="1,0,0,5,0,38" ten="382,364,304,0" oya="1" hai0="135,110,64,91,118,87,51,37,90,127,108,129,106" hai1="105,111,61,82,56,117,60,67,78,95,76,58,123" hai2="41,125,74,131,72,92,122,44,40,52,69,77,45" hai3=""/><U115/><N who="1" m="31520" /><U1/><E115/><V70/><N who="2" m="31264" /><V79/><F92/><T50/><D37/><U53/><E105/><V46/><F46/><T112/><D106/><U71/><E117/><V120/><N who="2" m="30752" /><V94/><F94/><T121/><N who="0" m="31008" /><T47/><D112/><U0/><E111/><V109/><F109/><N who="0" m="42090" /><D135/><U36/><E36/><V63/><F63/><T85/><D129/><U103/><E71/><V35/><F52/><T66/><D127/><U96/><REACH who="1" step="1"/><E76/><REACH who="1" ten="382,354,304,0" step="2"/><V59/><F125/><T54/><D118/><U124/><E124/><V114/><F114/><T107/><D107/><U101/><E101/><V126/><F126/><T93/><D50/><U113/><E113/><V57/><F131/><T98/><D91/><U73/><AGARI ba="0,1" hai="0,1,53,56,58,60,61,67,73,78,82,95,96,103" m="31520" machi="73" ten="20,12000,2" yaku="1,1,0,1,7,1,52,1,53,2" doraHai="38" doraHaiUra="32" who="1" fromWho="1" sc="382,-60,354,130,304,-60,0,0" /><INIT seed="1,1,0,1,2,133" ten="322,484,244,0" oya="1" hai0="123,69,90,44,126,71,56,70,82,77,103,84,2" hai1="48,72,55,99,110,128,97,108,134,104,76,63,60" hai2="49,33,3,36,80,129,54,35,68,65,73,127,124" hai3=""/><U107/><E134/><V62/><F36/><T59/><N who="0" m="31520" /><T102/><D2/><U1/><E1/><V95/><F3/><T83/><D126/><N who="2" m="48170" /><F129/><T66/><D44/><U39/><E39/><V93/><F80/><T53/><D66/><U131/><E76/><V88/><F73/><T100/><REACH who="0" step="1"/><D53/><REACH who="0" ten="312,484,244,0" step="2"/><U132/><E132/><V57/><F95/><T40/><D40/><U122/><N who="1" m="31264" /><U46/><E72/><AGARI ba="1,1" hai="56,59,69,70,71,72,77,82,83,84,90,100,102,103" m="31520" machi="72" ten="50,8000,1" yaku="1,1,52,1,53,3" doraHai="133" doraHaiUra="96" who="0" fromWho="1" sc="312,92,484,-82,244,0,0,0" /><INIT seed="2,0,0,5,4,117" ten="404,402,244,0" oya="2" hai0="124,83,66,0,3,79,63,42,51,87,109,65,90" hai1="36,50,118,98,37,71,108,55,1,113,69,40,110" hai2="52,80,56,119,85,46,54,61,95,111,116,127,130" hai3=""/><V93/><F130/><T77/><D109/><U73/><E73/><V89/><F111/><N who="1" m="42537" /><E98/><V129/><F129/><T49/><D124/><U34/><E34/><V43/><F54/><T102/><D102/><U104/><E104/><V58/><F58/><T47/><D65/><U114/><E1/><V41/><F41/><T33/><D33/><U133/><E133/><V57/><F57/><T96/><D79/><U35/><E118/><V94/><REACH who="2" step="1"/><F127/><REACH who="2" ten="404,402,234,0" step="2"/><T120/><N who="0" m="30752" /><T53/><D3/><U103/><E35/><V70/><F70/><N who="1" m="26633" /><E40/><V100/><F100/><T126/><D126/><U74/><E103/><V76/><F76/><T84/><D0/><U128/><E128/><V115/><F115/><N who="1" m="44041" /><E74/><V101/><F101/><T123/><D42/><U121/><N who="1" m="31008" /><U39/><E55/><V60/><F60/><T32/><D32/><U68/><E68/><V45/><F45/><T91/><D47/><U125/><E125/><V88/><F88/><T62/><D53/><U72/><E72/><V135/><F135/><T107/><D90/><U67/><E50/><AGARI ba="0,1" hai="43,46,50,52,56,61,80,85,89,93,94,95,116,119" machi="50" ten="40,3900,0" yaku="1,1,54,1,53,0" doraHai="117" doraHaiUra="92" who="2" fromWho="1" sc="404,0,402,-39,234,49,0,0" /><INIT seed="2,1,0,5,5,78" ten="404,363,283,0" oya="2" hai0="45,74,97,104,130,58,62,113,128,124,64,86,129" hai1="50,108,66,98,101,2,90,119,0,122,96,68,121" hai2="47,95,51,67,81,36,35,46,56,115,72,61,125" hai3=""/><V94/><F115/><T133/><D74/><U37/><N who="1" m="31008" /><U134/><N who="1" m="31264" /><U60/><E37/><V40/><F35/><T32/><D32/><U135/><E108/><V44/><F125/><T103/><D124/><U106/><E119/><V93/><F72/><T132/><D113/><U120/><N who="1" m="30752" /><U52/><E96/><V34/><F34/><T123/><N who="0" m="31520" /><T84/><D45/><U79/><E90/><V1/><F1/><T43/><D43/><U55/><E79/><V105/><F105/><T91/><REACH who="0" step="1"/><D86/><REACH who="0" ten="394,363,283,0" step="2"/><U77/><E0/><V111/><F111/><T76/><D76/><U42/><E2/><V117/><F117/><T69/><D69/><U48/><E77/><V73/><F73/><T82/><AGARI ba="1,1" hai="58,62,64,82,84,91,97,103,104,128,129,130,132,133" m="31520" machi="82" ten="40,9000,2" yaku="1,1,0,1,19,1,52,2,53,1" doraHai="78" doraHaiUra="59" who="0" fromWho="0" sc="394,102,363,-31,283,-61,0,0" /><INIT seed="4,0,0,5,0,81" ten="496,332,222,0" oya="0" hai0="68,91,49,80,70,71,36,41,37,114,1,66,98" hai1="108,62,121,83,58,46,105,99,39,127,111,53,97" hai2="43,63,52,34,85,87,107,132,124,86,116,47,64" hai3=""/><T93/><D1/><U95/><N who="1" m="31008" /><U118/><E118/><V126/><F116/><T54/><D114/><U42/><E127/><N who="2" m="48683" /><F132/><T0/><D0/><U104/><E83/><V50/><F107/><T125/><D125/><U131/><E131/><V123/><N who="2" m="31520" /><V102/><F102/><T84/><D66/><U134/><E134/><V76/><F34/><T101/><REACH who="0" step="1"/><D41/><REACH who="0" ten="486,332,222,0" step="2"/><U96/><E108/><V72/><F43/><T79/><D79/><U78/><E111/><V89/><F76/><T90/><D90/><U77/><E77/><V59/><F72/><T109/><D109/><U45/><E78/><V135/><F135/><T94/><D94/><AGARI ba="0,1" hai="47,50,52,59,63,64,85,86,87,89,94" m="31520,48683" machi="94" ten="30,12000,2" yaku="18,1,52,4,54,1" doraHai="81" who="2" fromWho="0" sc="486,-120,332,0,222,130,0,0" /><INIT seed="5,0,0,5,3,105" ten="366,332,352,0" oya="1" hai0="128,102,132,96,127,85,89,43,53,61,55,41,113" hai1="50,95,122,79,67,49,81,86,80,110,69,66,124" hai2="82,72,100,92,114,70,63,108,101,123,125,94,78" hai3=""/><U77/><N who="1" m="31264" /><U93/><E110/><V48/><N who="2" m="31520" /><V103/><F108/><T51/><D113/><U75/><E124/><V65/><F125/><T33/><D127/><U0/><E0/><V46/><REACH who="2" step="1"/><F114/><REACH who="2" ten="366,332,342,0" step="2"/><T121/><N who="0" m="31008" /><T117/><D117/><U59/><E69/><V52/><AGARI ba="0,1" hai="46,48,52,63,65,70,72,78,82,92,94,100,101,103" m="31520" machi="52" ten="30,6000,1" yaku="1,1,0,1,52,2,54,1,53,0" doraHai="105" doraHaiUra="87" who="2" fromWho="2" sc="366,-20,332,-40,342,70,0,0" /><INIT seed="6,0,0,3,5,40" ten="346,292,412,0" oya="2" hai0="64,51,90,116,59,63,48,120,56,65,109,70,76" hai1="134,43,99,54,34,113,95,89,85,68,73,96,57" hai2="114,77,104,84,35,58,111,3,33,36,105,97,60" hai3=""/><V93/><F3/><T133/><N who="0" m="30752" /><T44/><D109/><U124/><E113/><V74/><F36/><T129/><D116/><U88/><E124/><V106/><F74/><T131/><D76/><U78/><E68/><V107/><F114/><T92/><D51/><U67/><E67/><V41/><F41/><T2/><D2/><U117/><E34/><V47/><F47/><T130/><D133/><U37/><E134/><V98/><F111/><T62/><D70/><U80/><E117/><V53/><F107/><T100/><D100/><U126/><E126/><V42/><F42/><T94/><D90/><U112/><E112/><V103/><REACH who="2" step="1"/><F98/><REACH who="2" ten="346,292,402,0" step="2"/><T52/><AGARI ba="0,1" hai="44,48,52,56,59,62,63,64,65,92,94,129,130,131" m="30752" machi="52" ten="30,9000,2" yaku="0,1,9,1,19,1,52,2,54,1" doraHai="40" who="0" fromWho="0" sc="346,100,292,-30,402,-60,0,0" owari="446,40.0,262,-34.0,342,-6.0,0,0.0" /></mjloggm>