<mjloggm ver="2.3"><GO type="225" lobby="0"/><UN n0="%E3%81%B1%E3%83%BC%E3%81%9B%E3%82%93%E3%81%A8%E4%BE%8D" n1="%E3%81%95%E3%81%8D%E3%81%9F%E3%81%BE%E6%9E%97%E6%AA%8E" n2="%62%69%74%74%65%72%74" n3="%E5%8F%8C%E8%91%89%E3%81%BF%E3%81%8D%E3%81%AA" dan="18,16,16,16" rate="2221.02,2085.92,2096.05,2083.49" sx="M,M,M,M"/><TAIKYOKU oya="0"/><INIT seed="0,0,0,2,5,43" ten="250,250,250,250" oya="0" hai0="95,84,73,102,36,133,128,121,89,13,117,106,129" hai1="113,23,45,25,62,69,97,83,40,51,101,79,87" hai2="53,52,10,119,93,116,19,64,114,66,54,6,105" hai3="123,0,42,61,32,81,63,104,115,71,74,16,65"/><T82/><D36/><U41/><E113/><V108/><F105/><W59/><G104/><T2/><D2/><U76/><E76/><V130/><F114/><W122/><G32/><T100/><D13/><U39/><E69/><V27/><F108/><W92/><G0/><T99/><D117/><N who="2" m="45130" /><F130/><N who="0" m="50282" /><D121/><N who="3" m="46089" /><G115/><T21/><D21/><U35/><E35/><V103/><F103/><W3/><G3/><T70/><D70/><U98/><E62/><V14/><F93/><W67/><G42/><T86/><D133/><U96/><E39/><V77/><F77/><N who="3" m="44215" /><G92/><T9/><D9/><U80/><E80/><V22/><AGARI ba="0,0" hai="6,10,14,19,22,27,52,53,54,64,66" m="45130" machi="22" ten="40,2700,0" yaku="12,1,54,1" doraHai="43" who="2" fromWho="2" sc="250,-13,250,-7,250,27,250,-7" /><INIT seed="1,0,0,4,4,3" ten="237,243,277,243" oya="1" hai0="92,120,98,91,121,132,10,28,94,124,128,53,42" hai1="83,130,47,65,7,41,90,35,57,109,77,96,62" hai2="17,37,134,25,108,60,15,1,67,71,46,86,84" hai3="18,119,72,105,58,11,79,110,95,13,125,88,0"/><U33/><E130/><V9/><F108/><W135/><G110/><T36/><D128/><U99/><E109/><V22/><F1/><W38/><G38/><T100/><D132/><U61/><E61/><V103/><F134/><W16/><G135/><T107/><D124/><U45/><E45/><V48/><F103/><W31/><G119/><T133/><D133/><U27/><E7/><V23/><F23/><W111/><G105/><T115/><D107/><U52/><E65/><V93/><F93/><W113/><G113/><T59/><D28/><U69/><E69/><V73/><F73/><W56/><G31/><T24/><D24/><U75/><E27/><V6/><REACH who="2" step="1"/><F37/><REACH who="2" ten="237,243,267,243" step="2"/><W104/><G0/><T2/><D2/><U54/><E35/><V112/><F112/><W19/><G104/><T123/><D115/><U5/><E33/><V78/><F78/><W39/><G39/><T76/><D76/><U14/><E77/><V74/><F74/><W32/><G32/><T80/><D80/><U129/><E75/><V12/><F12/><W81/><G111/><T51/><D10/><N who="1" m="4431" /><E129/><V43/><AGARI ba="0,1" hai="6,9,15,17,22,25,43,46,48,60,67,71,84,86" machi="43" ten="20,5200,0" yaku="1,1,0,1,7,1,52,1,53,0" doraHai="3" doraHaiUra="131" who="2" fromWho="2" sc="237,-13,243,-26,267,62,243,-13" /><INIT seed="2,0,0,0,5,106" ten="224,217,329,230" oya="2" hai0="11,118,90,17,42,129,52,58,59,37,54,101,47" hai1="99,95,26,72,40,79,70,21,51,10,69,121,3" hai2="8,61,134,127,53,96,44,119,6,7,125,4,86" hai3="48,110,130,9,25,38,124,28,80,97,87,36,109"/><V107/><F119/><W35/><G124/><N who="2" m="47689" /><F134/><W114/><G130/><T34/><D34/><U128/><E128/><V67/><F86/><W78/><G114/><T113/><D129/><U18/><E121/><V23/><F23/><W32/><G32/><T123/><D123/><U63/><E40/><V33/><F33/><W62/><G62/><T66/><D113/><U75/><E51/><N who="2" m="28903" /><F96/><W83/><G48/><T19/><D101/><U88/><E79/><V117/><F107/><W116/><G116/><T46/><D66/><U112/><E112/><V16/><F117/><W91/><G9/><T132/><D132/><U60/><E60/><V84/><F84/><W13/><G13/><T0/><D90/><U45/><E45/><V55/><F55/><W126/><G126/><T41/><D0/><U74/><REACH who="1" step="1"/><E63/><REACH who="1" ten="224,207,329,230" step="2"/><V15/><F61/><W77/><G78/><T105/><D118/><U92/><E92/><V93/><F93/><W81/><G83/><T50/><D105/><U68/><E68/><V103/><F67/><W102/><G81/><T64/><D64/><U56/><E56/><V98/><F103/><W29/><G77/><T27/><D58/><U24/><E24/><V57/><F57/><W20/><G102/><T73/><D59/><U14/><E14/><V135/><F135/><W120/><G120/><T30/><D27/><U65/><E65/><V82/><F82/><W100/><G38/><T43/><D37/><U108/><E108/><N who="3" m="41578" /><G36/><T85/><D50/><U131/><E131/><V22/><F15/><W49/><G49/><T111/><D43/><U115/><E115/><RYUUKYOKU ba="0,1" sc="224,-10,207,30,329,-10,230,-10" hai1="3,10,18,21,26,69,70,72,74,75,88,95,99" /><INIT seed="3,1,1,3,5,121" ten="214,237,319,220" oya="3" hai0="124,7,99,30,81,133,49,102,72,40,33,83,37" hai1="34,17,26,19,76,4,105,94,65,53,52,8,46" hai2="88,135,113,119,2,75,80,6,1,104,95,55,47" hai3="123,129,128,32,64,82,127,101,44,9,58,84,111"/><W27/><G123/><T117/><D117/><U11/><E105/><V103/><F119/><W125/><G101/><T36/><D7/><U39/><E39/><V73/><F113/><W63/><G111/><T18/><D18/><U13/><E34/><V68/><F68/><W29/><G44/><N who="0" m="23559" /><D49/><N who="1" m="28727" /><E65/><V108/><F108/><W91/><REACH who="3" step="1"/><G9/><REACH who="3" ten="214,237,319,210" step="2"/><T43/><D102/><U67/><E11/><V51/><F103/><W3/><G3/><T57/><D124/><AGARI ba="1,2" hai="27,29,32,58,63,64,82,84,91,124,125,127,128,129" machi="124" ten="40,7700,0" yaku="1,1,18,1,53,1" doraHai="121" doraHaiUra="79" who="3" fromWho="0" sc="214,-80,237,0,319,0,210,100" /><INIT seed="3,2,0,4,3,88" ten="134,237,319,310" oya="3" hai0="30,36,123,85,73,46,126,114,1,94,14,16,8" hai1="83,63,11,84,115,71,105,13,101,2,80,26,89" hai2="61,66,7,91,100,68,99,64,39,96,129,10,111" hai3="23,112,117,38,28,18,19,49,41,81,102,0,93"/><W45/><G112/><T33/><D126/><U34/><E115/><V104/><F111/><W125/><G117/><T74/><D123/><U54/><E2/><V4/><F39/><W6/><G125/><T35/><D114/><U127/><E127/><V47/><F129/><W120/><G120/><T57/><D1/><U119/><E119/><V60/><F47/><W131/><G131/><T135/><D135/><U92/><E105/><V43/><F43/><W133/><G133/><T67/><D36/><U109/><E109/><V90/><F99/><N who="3" m="59759" /><G38/><T98/><D85/><U31/><E101/><V75/><F75/><W40/><G0/><T29/><D46/><U15/><E15/><V134/><F134/><W55/><G6/><T50/><D33/><U56/><E71/><V69/><F7/><AGARI ba="2,0" hai="7,11,13,26,31,34,54,56,63,80,83,84,89,92" machi="7" ten="30,2000,0" yaku="7,1,52,1" doraHai="88" who="1" fromWho="2" sc="134,0,237,26,319,-26,310,0" owari="134,-37.0,263,-14.0,293,9.0,310,42.0" /></mjloggm>