<mjloggm ver="2.3"><GO type="169" lobby="0"/><UN n0="%61%6B%69%62%61%62%61%6E" n1="%E3%83%94%E3%83%B3%E3%82%B5%E3%83%AD%E5%BA%97%E5%93%A1" n2="%E7%A5%9E%E4%BB%99%E9%85%B5%E6%AF%8D" n3="%7A%6F%6F%31%39%36%34" dan="17,18,19,16" rate="2138.79,2222.12,2287.07,2169.78" sx="M,M,M,M"/><TAIKYOKU oya="0"/><INIT seed="0,0,0,2,2,75" ten="250,250,250,250" oya="0" hai0="115,73,81,45,21,36,2,12,86,102,125,49,97" hai1="10,60,20,37,82,89,116,70,34,117,29,111,14" hai2="15,126,66,109,3,120,76,95,38,32,51,77,114" hai3="119,122,61,78,90,104,101,47,40,64,94,103,132"/><T100/><D115/><U52/><E37/><V42/><F3/><W112/><G112/><T72/><D36/><U106/><E106/><V80/><F38/><W56/><G119/><T46/><D2/><U1/><E34/><V54/><F32/><W69/><G104/><T48/><D125/><U107/><E107/><V30/><F126/><W17/><G132/><T98/><D21/><U26/><E1/><V121/><F114/><W43/><G69/><T0/><D0/><U5/><E111/><V91/><F30/><W85/><G122/><T92/><D12/><U133/><E133/><V4/><F42/><W135/><G135/><T63/><D63/><U118/><E70/><V18/><F66/><W24/><G78/><N who="2" m="30313" /><F109/><W74/><G74/><T96/><D96/><U84/><REACH who="1" step="1"/><E116/><REACH who="1" ten="250,240,250,250" step="2"/><V79/><F121/><W28/><G103/><T129/><D100/><U68/><E68/><V128/><F120/><W110/><G101/><T33/><D33/><U35/><E35/><V130/><F130/><W93/><G110/><T50/><D129/><U44/><E44/><V59/><F128/><W25/><G47/><T16/><D45/><U131/><E131/><V11/><N who="2" m="30321" /><V88/><DORA hai="8" /><F80/><W113/><G113/><T123/><D123/><U124/><E124/><V53/><F95/><W19/><G94/><T23/><D46/><U39/><E39/><V7/><F54/><W62/><G40/><T134/><D134/><U83/><E83/><V105/><F105/><W127/><G43/><T6/><D81/><U13/><E13/><V27/><F27/><N who="3" m="10315" /><G127/><T57/><D72/><RYUUKYOKU ba="0,1" sc="250,-15,240,15,250,15,250,-15" hai1="5,10,14,20,26,29,52,60,82,84,89,117,118" hai2="4,7,11,15,18,51,53,59,88,91" /><INIT seed="1,1,1,2,1,60" ten="235,255,265,235" oya="1" hai0="114,58,18,55,71,118,75,42,26,120,46,84,123" hai1="111,53,23,91,7,132,88,104,72,105,97,108,56" hai2="40,16,54,45,117,36,6,113,22,28,83,31,65" hai3="73,21,63,29,112,43,1,67,5,0,101,10,52"/><U24/><E72/><V57/><F117/><W25/><G112/><T61/><D75/><U92/><E7/><V134/><F113/><W89/><G73/><T90/><D114/><U102/><E132/><V99/><F134/><W86/><G43/><T106/><D106/><U80/><E105/><V20/><F6/><W130/><G101/><T68/><D118/><U38/><E80/><V62/><F99/><W8/><G130/><T100/><D100/><U39/><E39/><V122/><F122/><N who="0" m="46634" /><D18/><N who="1" m="12407" /><E38/><V81/><F54/><W50/><G10/><T107/><D26/><U13/><E13/><V12/><REACH who="2" step="1"/><F22/><REACH who="2" ten="235,255,255,235" step="2"/><W110/><G0/><T3/><D3/><U34/><E34/><V44/><F44/><W135/><G135/><T78/><D46/><U116/><E116/><V11/><F11/><W9/><G5/><T14/><D55/><U121/><E121/><V85/><F85/><W131/><G1/><T41/><D84/><U70/><E104/><V103/><F103/><W128/><G8/><T19/><D107/><U64/><E53/><V124/><F124/><W30/><G9/><T47/><D47/><U79/><E102/><V82/><AGARI ba="1,2" hai="12,16,20,28,31,36,40,45,57,62,65,81,82,83" machi="82" ten="30,7900,0" yaku="1,1,0,1,52,1,54,1,53,0" doraHai="60" doraHaiUra="66" who="2" fromWho="2" sc="235,-21,255,-40,255,102,235,-21" /><INIT seed="2,0,0,5,1,122" ten="214,215,357,214" oya="2" hai0="56,65,5,26,128,55,4,123,8,92,115,95,78" hai1="77,67,40,41,39,127,81,85,34,98,71,75,33" hai2="61,44,124,121,135,43,35,90,49,120,57,46,18" hai3="60,101,25,93,102,83,113,100,111,24,10,96,108"/><V126/><F35/><W50/><G113/><T11/><D123/><N who="2" m="47178" /><F90/><W132/><G132/><T45/><D115/><U84/><E127/><N who="2" m="48683" /><F18/><W88/><G50/><N who="0" m="29135" /><D78/><U133/><E133/><V68/><F135/><W119/><G119/><T23/><D56/><U74/><E67/><N who="2" m="41071" /><F46/><W47/><G47/><T19/><D8/><U13/><E33/><V103/><F103/><W36/><G10/><T91/><D11/><U82/><E34/><V105/><F105/><W28/><G83/><T37/><D95/><U48/><E82/><V114/><F57/><W9/><G9/><T76/><D76/><U69/><E81/><V72/><F72/><W52/><G24/><T15/><D26/><U116/><E77/><V31/><F31/><W129/><G25/><T51/><D92/><U94/><E94/><V97/><F97/><W17/><G17/><T109/><D91/><U66/><E98/><V12/><F12/><W125/><G28/><T62/><D15/><U3/><E13/><V73/><F73/><W21/><G21/><T104/><D23/><U110/><E75/><V53/><F114/><W130/><G125/><T54/><D19/><U131/><E74/><V16/><F16/><W134/><G134/><T20/><D20/><U80/><E80/><V58/><F58/><N who="3" m="34887" /><G36/><T42/><D37/><U27/><E39/><V112/><F112/><W99/><G96/><T63/><D104/><U59/><E27/><V7/><F7/><W38/><G38/><T117/><D4/><U2/><E59/><V89/><F89/><W29/><G29/><T14/><D5/><U79/><E79/><RYUUKYOKU ba="0,0" sc="214,-15,215,-15,357,15,214,15" hai2="43,44,49,53" hai3="88,93,99,100,101,102,108,111,129,130" /><INIT seed="2,1,0,3,3,109" ten="199,200,372,229" oya="2" hai0="100,17,21,33,96,70,122,18,40,74,24,135,129" hai1="86,117,90,99,128,39,52,56,12,85,23,7,81" hai2="106,6,101,105,115,26,77,27,4,91,133,68,31" hai3="51,98,89,2,123,63,112,121,14,67,111,104,92"/><V94/><F68/><W78/><G2/><T37/><D122/><U29/><E117/><V66/><F66/><W62/><G111/><T36/><D129/><U47/><E128/><V20/><F77/><W3/><G3/><T114/><D135/><U65/><E65/><V126/><F133/><W108/><G108/><T64/><D74/><U53/><E99/><V54/><F126/><W48/><G63/><T120/><D120/><U57/><E39/><V16/><F115/><W93/><G112/><T75/><D75/><U15/><E47/><V103/><F54/><W116/><G104/><T42/><D114/><U113/><E113/><V13/><F27/><W22/><G93/><T59/><D70/><U84/><E84/><N who="2" m="52583" /><F106/><W58/><G116/><T34/><D36/><U69/><E69/><V28/><F105/><W71/><G78/><T43/><D37/><U119/><E119/><V79/><F79/><W118/><G118/><T125/><D125/><U25/><E86/><V97/><F97/><W38/><G38/><T110/><D110/><U9/><REACH who="1" step="1"/><E15/><REACH who="1" ten="199,190,372,229" step="2"/><V19/><F13/><W124/><G124/><T76/><D64/><U83/><E83/><V45/><F45/><W61/><G123/><T30/><D59/><AGARI ba="1,1" hai="7,9,12,23,25,29,52,53,56,57,59,81,85,90" machi="59" ten="40,5200,0" yaku="1,1,8,1,54,1,53,0" doraHai="109" doraHaiUra="72" who="1" fromWho="0" sc="199,-55,190,65,372,0,229,0" /><INIT seed="3,0,0,3,3,31" ten="144,255,372,229" oya="3" hai0="83,90,6,133,89,128,35,55,49,123,51,110,37" hai1="107,120,11,100,3,61,70,108,87,65,113,10,62" hai2="23,24,43,79,13,119,5,21,27,69,60,98,30" hai3="52,73,8,94,86,16,126,95,46,80,29,125,44"/><W66/><G73/><T99/><D123/><U36/><E113/><V105/><F119/><W33/><G66/><T26/><D128/><U81/><E36/><V121/><F79/><W68/><G68/><T54/><D37/><U42/><E42/><V130/><F130/><W76/><G95/><T78/><D110/><U96/><E120/><V41/><F60/><W47/><G94/><T71/><D71/><U85/><E108/><V40/><F69/><W118/><G118/><T25/><D6/><U134/><E134/><V32/><F121/><W74/><G74/><T117/><D117/><U19/><E62/><V22/><F13/><N who="3" m="7207" /><G29/><T12/><D12/><U1/><E87/><V91/><F5/><W135/><G135/><T58/><D133/><U7/><E19/><V14/><F14/><W48/><G33/><T116/><D116/><U63/><E63/><V67/><F67/><W109/><G109/><T88/><D35/><U4/><REACH who="1" step="1"/><E85/><REACH who="1" ten="144,245,372,229" step="2"/><V106/><F43/><W103/><G103/><T124/><D124/><AGARI ba="0,1" hai="44,46,47,48,52,76,80,86,124,125,126" m="7207" machi="124" ten="30,5800,0" yaku="18,1,54,2" doraHai="31" who="3" fromWho="0" sc="144,-58,245,0,372,0,229,68" /><INIT seed="3,1,0,1,1,101" ten="86,245,372,297" oya="3" hai0="67,47,21,10,103,121,24,11,28,54,84,112,44" hai1="116,16,3,2,27,51,35,55,113,115,32,43,79" hai2="96,95,82,72,129,131,56,90,122,109,50,19,92" hai3="124,130,1,75,15,36,88,60,14,49,94,68,70"/><W48/><G36/><T81/><D121/><U76/><E43/><V34/><F34/><W132/><G1/><T40/><D112/><U12/><E116/><V102/><F122/><W120/><G75/><T52/><D67/><U110/><E110/><V111/><F19/><W8/><G120/><T61/><D103/><U7/><E2/><V38/><F38/><W93/><G132/><T13/><D10/><N who="1" m="2431" /><E32/><V58/><F50/><W114/><G114/><T57/><D54/><U133/><E76/><N who="2" m="44295" /><F58/><W85/><G130/><N who="2" m="49673" /><F56/><W83/><G124/><T59/><D59/><N who="1" m="33279" /><E79/><V107/><F95/><W9/><G60/><T126/><D126/><U77/><E77/><V127/><F127/><W89/><G83/><T125/><D125/><U117/><E16/><V63/><F63/><W22/><G22/><T87/><D81/><U62/><E62/><V31/><F31/><W98/><G85/><AGARI ba="1,0" hai="85,90,92,96,102,107,109,111" m="49673,44295" machi="85" ten="30,8000,1" yaku="24,1,19,1,34,2,52,1" doraHai="101" who="2" fromWho="3" sc="86,0,245,0,372,83,297,-83" /><INIT seed="4,0,0,2,0,55" ten="86,245,455,214" oya="0" hai0="124,114,127,125,63,96,91,47,115,134,5,130,88" hai1="71,131,14,24,89,103,37,98,101,60,73,100,69" hai2="49,53,108,82,121,41,40,25,30,132,78,7,42" hai3="105,122,32,57,97,29,2,104,28,80,62,43,135"/><T45/><D130/><U75/><E37/><V116/><F121/><W113/><G2/><T123/><D123/><U35/><E131/><V1/><F108/><W4/><G122/><T85/><D134/><U66/><E69/><V79/><F132/><W86/><G4/><T83/><D5/><U70/><E70/><V67/><F67/><W107/><G135/><T46/><D63/><U129/><E129/><V92/><F92/><AGARI ba="0,0" hai="45,46,47,83,85,88,91,92,96,114,115,124,125,127" machi="92" ten="50,4800,0" yaku="18,1,54,1" doraHai="55" who="0" fromWho="2" sc="86,48,245,0,455,-48,214,0" /><INIT seed="4,1,0,0,0,62" ten="134,245,407,214" oya="0" hai0="41,9,59,127,0,2,64,122,75,69,52,24,83" hai1="61,70,40,54,109,37,65,33,27,129,36,5,130" hai2="7,90,17,55,53,32,56,119,74,79,31,87,48" hai3="106,20,34,47,4,10,63,3,120,111,101,78,81"/><T22/><D122/><U11/><E109/><V30/><F119/><W86/><G111/><T13/><D127/><U77/><E77/><V66/><F7/><W97/><G120/><T96/><D41/><U131/><E40/><V103/><F103/><W39/><G34/><T114/><D114/><U104/><E104/><V14/><F74/><W50/><G20/><T29/><D96/><U134/><E134/><V133/><F133/><W115/><G115/><T112/><D112/><U125/><E54/><V42/><F79/><W91/><G39/><T67/><D75/><U28/><REACH who="1" step="1"/><E125/><REACH who="1" ten="134,235,407,214" step="2"/><V126/><F42/><W16/><G78/><T124/><D124/><U105/><E105/><V128/><F55/><W135/><G135/><T44/><D44/><U15/><AGARI ba="1,1" hai="5,11,15,27,28,33,36,37,61,65,70,129,130,131" machi="15" ten="30,7900,0" yaku="1,1,0,1,19,1,52,1,53,0" doraHai="62" doraHaiUra="84" who="1" fromWho="1" sc="134,-40,235,92,407,-21,214,-21" /><INIT seed="5,0,0,5,5,86" ten="94,327,386,193" oya="1" hai0="129,39,19,9,114,97,108,27,90,45,67,4,59" hai1="11,117,24,49,65,102,116,118,37,66,32,30,85" hai2="121,33,134,16,95,8,98,75,10,74,46,42,107" hai3="5,25,94,120,119,13,87,70,76,113,84,18,71"/><U47/><E37/><V54/><F121/><W105/><G120/><T99/><D108/><U96/><E11/><V92/><F33/><W48/><G105/><T41/><D114/><U50/><E85/><V80/><F107/><W130/><G130/><T0/><D129/><U79/><E79/><V1/><F54/><W128/><G128/><T126/><D126/><U100/><E50/><V36/><F134/><W77/><G25/><T83/><D99/><U110/><E110/><V6/><F75/><W88/><G5/><T81/><D19/><U62/><E96/><V20/><F10/><W93/><G119/><T122/><D27/><U29/><E29/><V38/><F38/><W23/><G113/><T22/><D22/><U101/><REACH who="1" step="1"/><E62/><REACH who="1" ten="94,317,386,193" step="2"/><V61/><F61/><W125/><G125/><T89/><D122/><U28/><E28/><V72/><F72/><W58/><G77/><T44/><D97/><U106/><E106/><V123/><F123/><W124/><G124/><T57/><D44/><U82/><E82/><V132/><F98/><W52/><G94/><T7/><D7/><U2/><E2/><V34/><F92/><W112/><G112/><T73/><D81/><AGARI ba="0,1" hai="13,18,23,48,52,58,70,71,76,81,84,87,88,93" machi="81" ten="40,8000,1" yaku="25,2,52,1,54,2" doraHai="86" who="3" fromWho="0" sc="94,-80,317,0,386,0,193,90" /><INIT seed="6,0,0,2,2,131" ten="14,317,386,283" oya="2" hai0="69,28,118,32,5,88,96,111,39,27,124,11,122" hai1="6,119,43,35,7,67,19,95,112,78,105,126,120" hai2="38,83,92,40,129,58,66,63,72,81,49,18,65" hai3="22,133,132,4,84,116,70,36,90,94,61,100,53"/><V0/><F129/><W44/><G116/><T59/><D69/><U110/><E105/><V108/><F0/><W12/><G100/><T46/><D122/><U15/><E110/><V42/><F108/><W56/><G70/><T62/><D111/><U10/><E119/><V79/><F38/><W98/><G84/><T128/><D128/><U73/><E35/><V99/><F83/><W8/><REACH who="3" step="1"/><G22/><REACH who="3" ten="14,317,386,273" step="2"/><T115/><D118/><U76/><E120/><V89/><F66/><W102/><G102/><T130/><D130/><U60/><E73/><V1/><F1/><W106/><G106/><T134/><D124/><U93/><E126/><V17/><REACH who="2" step="1"/><F40/><AGARI ba="0,1" hai="4,8,12,36,40,44,53,56,61,90,94,98,132,133" machi="40" ten="40,5200,0" yaku="1,1,52,2,53,0" doraHai="131" doraHaiUra="30" who="3" fromWho="2" sc="14,0,317,0,386,-52,273,62" /><INIT seed="7,0,0,0,4,9" ten="14,317,334,335" oya="3" hai0="121,29,90,55,20,123,14,42,79,129,128,23,67" hai1="80,116,37,21,102,89,108,82,4,96,73,88,130" hai2="28,126,125,12,51,3,38,83,84,44,71,64,85" hai3="99,86,132,25,5,17,16,10,127,8,30,24,66"/><W52/><G132/><T98/><D79/><N who="1" m="44143" /><E21/><V118/><F3/><W119/><G119/><T133/><D55/><U106/><E4/><V78/><F118/><W58/><G127/><N who="2" m="48649" /><F38/><W109/><G66/><T31/><D90/><N who="1" m="34923" /><E37/><V27/><F12/><N who="3" m="5135" /><G99/><T6/><D98/><U107/><E116/><V111/><F111/><W59/><G109/><T110/><D67/><U117/><E117/><V11/><F11/><W7/><G86/><T32/><D42/><U56/><E56/><N who="3" m="21546" /><G52/><T1/><D110/><U39/><E39/><V40/><F85/><W19/><G30/><T91/><D91/><U92/><E108/><V131/><F64/><W33/><G33/><T43/><D43/><U105/><E130/><V100/><F131/><W134/><G134/><T46/><D46/><U93/><E82/><V77/><F71/><W62/><G62/><T81/><D81/><U50/><E50/><V35/><F78/><W15/><AGARI ba="0,0" hai="7,10,15,16,17,19,24,25" m="21546,5135" machi="15" ten="30,11700,0" yaku="8,1,52,2,54,1" doraHai="9" who="3" fromWho="3" sc="14,-39,317,-39,334,-39,335,117" owari="-25,-53.0,278,-12.0,295,10.0,452,55.0" /></mjloggm>