<mjloggm ver="2.3"><GO type="169" lobby="0"/><UN n0="%E3%81%B2%E3%81%BF%E3%81%A6%E3%82%93" n1="%E3%81%9F%E3%81%8B%E3%81%A3%E3%81%A6%E3%81%83%E3%83%BC" n2="%E3%83%A9%E3%83%96%E3%83%AC%E3%83%BC" n3="%E9%AB%98%E6%A9%8B%E8%89%AF%E5%A4%AA" dan="16,18,17,16" rate="2077.40,2256.46,2265.98,2195.49" sx="M,F,M,M"/><TAIKYOKU oya="0"/><INIT seed="0,0,0,4,4,62" ten="250,250,250,250" oya="0" hai0="120,15,95,82,40,121,96,50,8,132,110,65,71" hai1="64,100,117,78,48,73,99,114,20,12,14,98,72" hai2="128,58,6,59,83,76,90,29,63,54,129,52,4" hai3="60,84,67,127,104,42,70,133,106,81,79,109,102"/><T56/><D132/><U39/><E39/><V27/><F90/><W131/><G133/><T45/><D71/><U61/><E117/><V80/><F83/><W69/><G109/><T125/><D125/><U115/><E48/><V119/><F119/><W103/><G42/><T9/><D82/><U3/><E3/><V88/><F128/><W2/><G2/><T38/><D110/><U16/><E12/><V49/><F129/><W94/><G131/><T91/><D38/><U85/><E85/><V17/><F17/><W101/><G127/><T57/><D9/><U126/><E126/><V86/><REACH who="2" step="1"/><F76/><REACH who="2" ten="250,250,240,250" step="2"/><W0/><G0/><T116/><D116/><U122/><E78/><V75/><F75/><W118/><G118/><T24/><D121/><U11/><E122/><V135/><F135/><W34/><G34/><AGARI ba="0,1" hai="4,6,27,29,34,49,52,54,58,59,63,80,86,88" machi="34" ten="30,7700,0" yaku="1,1,7,1,54,2,53,0" doraHai="62" doraHaiUra="134" who="2" fromWho="3" sc="250,0,250,0,240,87,250,-77" /><INIT seed="1,0,0,2,0,75" ten="250,250,327,173" oya="1" hai0="104,63,62,20,85,108,0,100,5,93,27,43,105" hai1="9,79,10,4,55,86,113,34,122,57,69,78,25" hai2="64,31,47,39,22,60,114,74,128,56,120,97,111" hai3="12,59,134,131,121,6,37,30,19,127,77,49,21"/><U73/><E113/><V71/><F120/><W15/><G37/><T16/><D108/><U14/><E122/><V53/><F111/><W99/><G121/><T61/><D43/><U72/><E69/><V67/><F74/><W92/><G127/><T7/><D105/><U132/><E132/><V94/><F114/><W112/><G112/><T17/><D0/><U95/><E73/><V50/><F128/><W40/><G30/><T123/><D123/><U48/><E72/><V96/><F96/><W23/><G134/><T98/><D104/><U54/><E34/><V8/><F8/><W103/><G131/><T125/><D125/><U24/><E10/><V101/><F39/><W117/><G117/><T88/><REACH who="0" step="1"/><D17/><REACH who="0" ten="240,250,327,173" step="2"/><U107/><E107/><V133/><F133/><W76/><G6/><T109/><D109/><U29/><E29/><V68/><F67/><W84/><G84/><T87/><D87/><U35/><E55/><V33/><F33/><W28/><G28/><T13/><D13/><U118/><E35/><V89/><F89/><W58/><G40/><T46/><D46/><U135/><E135/><V45/><F45/><W81/><G81/><T51/><D51/><U82/><E118/><V36/><F36/><W11/><G49/><T124/><D124/><U1/><E1/><V65/><F65/><W90/><G90/><T70/><D70/><U119/><E119/><V42/><F42/><W44/><G44/><T83/><AGARI ba="0,1" hai="5,7,16,20,27,61,62,63,83,85,88,93,98,100" machi="83" ten="30,8000,1" yaku="1,1,0,1,8,1,54,2,53,0" doraHai="75" doraHaiUra="102" who="0" fromWho="0" sc="240,90,250,-40,327,-20,173,-20" /><INIT seed="2,0,0,3,4,31" ten="330,210,307,153" oya="2" hai0="124,78,35,109,64,30,107,23,117,19,129,36,11" hai1="112,73,110,18,122,81,6,132,65,106,71,105,28" hai2="47,69,17,130,84,114,87,50,126,24,116,103,22" hai3="75,76,42,119,38,128,134,12,95,83,67,121,85"/><V66/><F116/><W62/><G119/><T135/><D117/><U55/><E112/><V29/><F114/><W0/><G0/><T41/><D107/><U99/><E110/><V79/><F126/><W100/><G121/><T7/><D64/><U93/><E122/><V52/><F130/><W25/><G128/><T46/><D129/><U10/><E132/><V56/><F69/><W59/><G134/><T86/><D135/><U8/><E28/><V44/><F103/><W91/><G38/><T39/><D109/><U94/><E94/><V2/><F2/><W48/><G42/><T4/><D36/><U96/><E96/><V9/><F66/><W33/><G12/><T16/><D35/><U49/><E18/><V1/><F1/><W58/><G100/><T13/><D4/><U82/><E65/><V32/><F9/><W20/><G48/><N who="0" m="26703" /><D124/><U102/><E71/><V72/><F72/><W63/><G63/><T27/><D39/><U15/><E10/><V101/><F101/><W70/><REACH who="3" step="1"/><G33/><REACH who="3" ten="330,210,307,143" step="2"/><T131/><D131/><U57/><E106/><V5/><F5/><W37/><G37/><T34/><D34/><U77/><E105/><V26/><F79/><W54/><G54/><T125/><D125/><U43/><E43/><V97/><F47/><W88/><G88/><T133/><D133/><U90/><E90/><V80/><F44/><W113/><G113/><T115/><D115/><U123/><E123/><V120/><F120/><W68/><G68/><T98/><D78/><U14/><E14/><V51/><F52/><W40/><G40/><T118/><D7/><RYUUKYOKU ba="0,1" sc="330,-15,210,15,307,-15,143,15" hai1="6,8,15,49,55,57,73,77,81,82,93,99,102" hai3="20,25,58,59,62,67,70,75,76,83,85,91,95" /><INIT seed="3,1,1,5,4,99" ten="315,225,292,158" oya="3" hai0="105,64,56,116,53,11,91,78,133,1,75,50,74" hai1="35,72,127,17,29,16,59,8,87,103,117,92,113" hai2="82,118,23,77,13,54,123,37,110,132,25,83,20" hai3="62,28,21,126,108,34,109,90,43,63,31,112,129"/><W5/><G112/><T107/><D116/><U121/><E72/><V27/><F37/><W2/><G34/><T61/><D133/><U84/><E121/><V44/><F132/><W96/><G43/><T73/><D91/><U88/><E113/><V67/><F67/><W15/><G2/><T12/><D1/><U58/><E117/><V101/><F110/><W69/><G126/><T100/><D100/><U130/><E127/><V52/><F13/><W14/><G129/><T6/><REACH who="0" step="1"/><D78/><REACH who="0" ten="305,225,292,158" step="2"/><U104/><E130/><V134/><F101/><W39/><G39/><T86/><D86/><U79/><E103/><V94/><F77/><W135/><G135/><T68/><AGARI ba="1,2" hai="6,11,12,50,53,56,61,64,68,73,74,75,105,107" machi="68" ten="30,4000,0" yaku="1,1,0,1,53,1" doraHai="99" doraHaiUra="65" who="0" fromWho="0" sc="305,63,225,-11,292,-11,158,-21" /><INIT seed="4,0,0,1,3,72" ten="368,214,281,137" oya="0" hai0="52,15,82,23,107,129,39,115,64,122,11,6,128" hai1="95,50,19,20,63,81,84,32,96,66,62,76,74" hai2="97,116,85,67,135,24,27,1,38,22,48,86,51" hai3="105,59,46,47,30,111,69,78,60,71,16,103,79"/><T4/><D122/><U40/><E32/><V90/><F38/><W88/><G111/><T58/><D107/><U12/><E74/><V110/><F1/><W9/><G30/><T37/><D115/><U33/><E33/><V57/><F135/><W120/><G120/><T0/><D64/><U34/><E34/><V55/><F67/><W75/><G75/><T54/><D54/><U2/><E2/><V80/><F116/><W133/><G133/><T53/><D53/><U77/><E77/><N who="3" m="29194" /><G103/><T45/><D82/><U113/><E113/><V68/><F68/><W10/><G105/><T65/><D65/><U49/><E40/><V101/><F51/><N who="1" m="19465" /><E66/><V125/><F125/><W83/><G69/><T123/><D123/><U25/><E25/><V14/><F86/><N who="3" m="50271" /><G71/><T61/><D45/><N who="3" m="16905" /><G16/><T92/><D37/><U132/><E132/><V118/><F110/><W99/><G99/><T94/><D39/><U13/><E13/><V5/><F118/><W18/><G18/><T42/><D0/><U36/><E36/><V31/><F31/><W28/><G28/><T3/><D42/><U104/><E104/><V108/><F108/><W17/><G17/><T112/><D112/><U70/><E70/><V106/><F27/><W100/><G100/><AGARI ba="0,0" hai="12,19,20,62,63,76,81,84,95,96,100" m="19465" machi="100" ten="30,2000,0" yaku="8,1,52,1" doraHai="72" who="1" fromWho="3" sc="368,0,214,20,281,0,137,-20" /><INIT seed="5,0,0,0,1,87" ten="368,234,281,117" oya="1" hai0="37,129,118,113,86,104,117,85,100,131,99,98,36" hai1="115,119,108,24,6,7,3,52,132,12,103,2,42" hai2="123,110,4,68,28,134,20,66,70,22,93,133,59" hai3="23,122,31,126,57,95,54,65,105,63,27,0,25"/><U111/><E42/><V50/><F123/><W71/><G105/><T32/><D32/><U72/><E72/><V48/><F93/><W120/><G0/><N who="1" m="42" /><E103/><V73/><F4/><N who="1" m="1577" /><E52/><N who="2" m="32135" /><F28/><W80/><G126/><T88/><D113/><U45/><E45/><V114/><F110/><N who="1" m="42025" /><E119/><N who="0" m="45577" /><D37/><U62/><E62/><V81/><F50/><W49/><G80/><N who="0" m="49191" /><D36/><U38/><E38/><V19/><F114/><W97/><REACH who="3" step="1"/><G27/><REACH who="3" ten="368,234,281,107" step="2"/><T94/><D86/><U55/><E115/><V53/><F73/><W64/><G64/><T39/><D39/><U47/><E24/><V14/><F81/><W109/><G109/><T34/><D34/><U5/><E12/><V102/><F66/><W135/><G135/><T16/><D104/><U61/><E132/><V82/><F82/><W77/><G77/><T18/><D99/><U41/><E41/><V10/><F14/><W11/><G11/><T67/><D67/><U89/><E55/><V58/><F53/><W13/><G13/><T75/><D75/><U9/><E9/><V21/><F10/><W74/><G74/><T84/><D84/><U40/><E40/><V30/><F134/><W69/><G69/><T116/><D116/><U121/><E121/><V91/><F70/><W8/><G8/><T51/><D51/><U15/><E15/><V79/><F68/><W44/><G44/><T125/><D125/><U78/><E47/><V130/><F79/><W92/><G92/><T43/><D43/><U17/><E78/><V127/><F127/><W101/><AGARI ba="0,1" hai="23,25,31,49,54,57,63,65,71,95,97,101,120,122" machi="101" ten="20,2700,0" yaku="1,1,0,1,7,1,53,0" doraHai="87" doraHaiUra="106" who="3" fromWho="3" sc="368,-7,234,-13,281,-7,107,37" /><INIT seed="6,0,0,5,4,13" ten="361,221,274,144" oya="2" hai0="45,42,101,16,62,5,126,56,86,11,85,134,38" hai1="21,76,25,34,83,39,125,79,69,55,99,19,102" hai2="0,14,24,110,129,20,63,48,8,74,73,127,118" hai3="92,77,90,35,15,67,9,75,65,87,119,123,50"/><V84/><F118/><W26/><G119/><T107/><D134/><U2/><E125/><V122/><F122/><W23/><G35/><T115/><D115/><U131/><E131/><V70/><F129/><W112/><G123/><T31/><D31/><U4/><E69/><V10/><F110/><W60/><G60/><T124/><D107/><U97/><E39/><V80/><F10/><W106/><G106/><T71/><D101/><U33/><E2/><V54/><F63/><W133/><G133/><T98/><D98/><U1/><E79/><V117/><F70/><W37/><G37/><T68/><D68/><U95/><E99/><V72/><F127/><N who="0" m="48682" /><D16/><U46/><E4/><V51/><F0/><W41/><G77/><T53/><D71/><U7/><E7/><V18/><F117/><W100/><G75/><T61/><D62/><U109/><E1/><AGARI ba="0,0" hai="1,5,11,38,42,45,53,56,61,85,86" m="48682" machi="1" ten="30,1000,0" yaku="18,1" doraHai="13" who="0" fromWho="1" sc="361,10,221,-10,274,0,144,0" /><INIT seed="7,0,0,2,2,121" ten="371,211,274,144" oya="3" hai0="103,25,60,113,63,112,134,101,34,88,106,46,8" hai1="32,6,87,59,95,126,98,132,12,110,79,0,116" hai2="54,41,9,86,99,97,20,23,73,42,68,104,100" hai3="28,1,77,114,82,135,80,35,125,48,65,18,81"/><W105/><G105/><T3/><D46/><U37/><E110/><V22/><F73/><W108/><G125/><T117/><D117/><U53/><E32/><V123/><F68/><W72/><G1/><T40/><D40/><U115/><E37/><V13/><F123/><W38/><G38/><T107/><D8/><N who="1" m="4119" /><E0/><V83/><F54/><W94/><G114/><T93/><D3/><U85/><E126/><V47/><F47/><W61/><G135/><T10/><D10/><U16/><E115/><N who="0" m="44105" /><D25/><U56/><E132/><V43/><F100/><N who="0" m="38474" /><D34/><U74/><E74/><V92/><F92/><W11/><G108/><T17/><D17/><U111/><E111/><V19/><F104/><N who="0" m="39978" /><D134/><U45/><E116/><V58/><F58/><N who="1" m="22057" /><E16/><V2/><F2/><W15/><G48/><T131/><D131/><U120/><E120/><V130/><F130/><W124/><G124/><T102/><D102/><N who="1" m="60767" /><E79/><AGARI ba="0,0" hai="9,13,19,20,22,23,41,42,43,79,83,86,97,99" machi="79" ten="40,1300,0" yaku="8,1" doraHai="121" who="2" fromWho="1" sc="371,0,211,-13,274,13,144,0" owari="371,47.0,198,-20.0,287,9.0,144,-36.0" /></mjloggm>