<mjloggm ver="2.3"><GO type="169" lobby="0"/><UN n0="%63%68%6F%62%6F" n1="%30%30%73%61%69" n2="%E6%A1%9C%E5%B0%8F%E8%B7%AF%E6%89%8D%E8%8F%AF" n3="%E3%81%88%E3%81%84%E3%81%BF" dan="16,18,16,16" rate="2060.82,2206.84,2067.02,2121.02" sx="M,M,M,F"/><TAIKYOKU oya="0"/><INIT seed="0,0,0,4,2,19" ten="250,250,250,250" oya="0" hai0="117,135,8,53,27,130,129,47,124,78,133,90,97" hai1="79,111,82,83,62,0,46,32,26,33,120,70,51" hai2="5,59,71,20,1,69,21,65,85,76,28,13,35" hai3="77,48,73,40,89,29,15,9,115,22,6,74,2"/><T116/><D8/><U123/><E0/><V16/><F35/><W122/><G115/><T101/><D47/><U87/><E111/><V92/><F1/><W66/><G122/><T118/><D53/><U114/><E114/><V96/><F5/><W131/><G131/><N who="0" m="50187" /><D27/><U132/><E132/><N who="0" m="50761" /><D78/><U126/><E26/><N who="2" m="16463" /><F69/><W55/><G77/><T4/><D4/><U39/><E46/><V107/><F107/><W125/><G40/><T54/><D54/><U105/><E105/><V103/><F71/><W80/><G66/><T100/><D124/><U3/><E79/><V109/><F109/><W63/><G125/><T23/><D23/><U81/><E126/><V108/><F108/><W37/><G22/><T84/><D97/><U72/><E33/><V56/><F65/><W104/><G6/><T58/><D58/><U11/><E32/><V91/><F91/><W106/><G2/><T43/><D43/><U49/><E3/><V102/><F102/><W88/><G89/><T61/><D61/><U36/><E62/><V10/><F10/><W68/><G88/><T134/><N who="0" m="50769" /><T121/><DORA hai="31" /><D121/><U113/><E70/><V45/><F45/><W93/><G63/><T98/><D98/><U94/><E123/><V24/><F24/><W99/><G9/><T52/><D52/><U119/><E120/><V112/><F112/><W57/><G55/><T34/><D34/><U42/><E113/><V7/><F7/><W127/><G68/><T44/><D44/><U14/><E11/><V67/><F67/><W25/><G127/><T110/><D110/><U50/><E42/><RYUUKYOKU ba="0,0" sc="250,15,250,-15,250,15,250,-15" hai0="84,90,100,101,116,117,118" hai2="13,16,20,56,59,76,85,92,96,103" /><INIT seed="0,1,0,1,3,131" ten="265,235,265,235" oya="0" hai0="6,122,86,22,34,87,128,101,9,115,31,100,26" hai1="119,112,64,1,109,59,15,123,11,73,44,67,126" hai2="55,93,134,10,107,51,24,92,133,12,99,32,62" hai3="49,50,0,57,76,74,78,113,46,8,33,80,3"/><T103/><D122/><U13/><E119/><V83/><F62/><W75/><G113/><T14/><D128/><U120/><E73/><V47/><F83/><W48/><G33/><T68/><D115/><U91/><E112/><V98/><F32/><W129/><G129/><T124/><D124/><U132/><E1/><V7/><F24/><W95/><G46/><T77/><D68/><U85/><E126/><V127/><F127/><W29/><G29/><T53/><D53/><U52/><E109/><V89/><REACH who="2" step="1"/><F107/><REACH who="2" ten="265,235,255,235" step="2"/><W2/><G80/><T118/><D118/><U79/><E123/><V61/><F61/><W82/><G82/><T96/><D77/><U106/><E106/><V130/><F130/><W135/><G78/><T125/><D125/><U117/><E120/><V69/><F69/><W90/><G76/><T45/><D34/><U111/><E117/><V60/><F60/><W36/><G75/><T40/><REACH who="0" step="1"/><D96/><REACH who="0" ten="255,235,255,235" step="2"/><U105/><E79/><V30/><F30/><W35/><G74/><T21/><D21/><U70/><E70/><V108/><F108/><W72/><G72/><T66/><D66/><U110/><E111/><V88/><AGARI ba="1,2" hai="7,10,12,47,51,55,88,89,92,93,98,99,133,134" machi="88" ten="30,12000,2" yaku="1,1,0,1,9,1,52,2,54,1,53,1" doraHai="131" doraHaiUra="42" who="2" fromWho="2" sc="255,-61,235,-31,255,143,235,-31" /><INIT seed="1,0,0,3,4,110" ten="194,204,398,204" oya="1" hai0="107,74,91,122,7,30,119,71,111,31,51,46,52" hai1="121,133,64,14,28,76,103,41,27,22,89,60,13" hai2="84,21,125,95,78,105,82,48,99,24,38,112,42" hai3="120,114,20,131,26,70,25,93,8,127,16,1,87"/><U65/><E121/><V18/><F125/><W29/><G70/><T56/><D119/><U33/><E133/><V102/><F38/><W35/><G120/><T104/><D122/><U130/><E130/><V75/><F112/><W72/><G72/><T68/><D71/><U6/><E76/><V40/><REACH who="2" step="1"/><F48/><REACH who="2" ten="194,204,388,204" step="2"/><W73/><G114/><T67/><D51/><U10/><E33/><V108/><F108/><W11/><G127/><T80/><D111/><U134/><E134/><V9/><F9/><W83/><G11/><T109/><D109/><U53/><E41/><V97/><F97/><W66/><G131/><T50/><D50/><U81/><E103/><V47/><F47/><W85/><G8/><T123/><D46/><U86/><REACH who="1" step="1"/><E13/><REACH who="1" ten="194,194,388,204" step="2"/><V92/><F92/><W116/><G93/><T77/><D123/><U36/><E36/><V3/><F3/><W126/><G1/><T32/><D107/><U19/><E19/><V79/><F79/><W113/><G126/><T129/><D104/><U43/><E43/><V58/><F58/><AGARI ba="0,2" hai="6,10,14,22,27,28,53,58,60,64,65,81,86,89" machi="58" ten="40,3900,0" yaku="1,1,8,1,53,0" doraHai="110" doraHaiUra="34" who="1" fromWho="2" sc="194,0,194,59,388,-39,204,0" /><INIT seed="1,1,0,1,1,15" ten="194,253,349,204" oya="1" hai0="3,77,46,128,132,51,130,99,22,49,41,43,107" hai1="32,108,98,6,63,38,11,58,10,86,56,71,1" hai2="109,9,129,127,0,69,97,116,57,119,50,125,37" hai3="126,14,64,16,121,4,82,30,23,17,110,103,24"/><U106/><E38/><V48/><F97/><W94/><G121/><T81/><D3/><U105/><E108/><V40/><F0/><W21/><G110/><T18/><D132/><U45/><E45/><N who="2" m="23695" /><F9/><N who="3" m="4391" /><G126/><N who="2" m="48137" /><F109/><W102/><G64/><T120/><D120/><U76/><E11/><V66/><F129/><W112/><G112/><T70/><D70/><U67/><E32/><V59/><F69/><W60/><G60/><T92/><D107/><U20/><E20/><V84/><F84/><W75/><G75/><T13/><D49/><N who="2" m="19050" /><F66/><W118/><G118/><AGARI ba="1,0" hai="57,59,116,118,119" m="19050,48137,23695" machi="118" ten="30,3900,0" yaku="18,1,34,2" doraHai="15" who="2" fromWho="3" sc="194,0,253,0,349,42,204,-42" /><INIT seed="2,0,0,5,5,98" ten="194,253,391,162" oya="2" hai0="71,35,43,5,110,17,128,52,87,78,74,57,34" hai1="95,135,97,51,79,127,114,2,61,133,55,37,111" hai2="40,77,96,126,130,124,16,23,14,102,12,132,80" hai3="54,3,33,42,123,120,81,115,56,47,29,60,41"/><V90/><F130/><W22/><G3/><T76/><D71/><U92/><E114/><V101/><F132/><N who="1" m="50761" /><E37/><V88/><F40/><W50/><G33/><T91/><D74/><U7/><E111/><V39/><F39/><W19/><G115/><T49/><D110/><U106/><E127/><N who="2" m="48683" /><F14/><W112/><G112/><T107/><D5/><U73/><E79/><V28/><F28/><W108/><G108/><T125/><D128/><U109/><E73/><N who="2" m="43055" /><F102/><W118/><G29/><T84/><D84/><U32/><E32/><V66/><F66/><W58/><G41/><T6/><D6/><U63/><E109/><V53/><F53/><W11/><G120/><T121/><D35/><U113/><E113/><V20/><F20/><W116/><G123/><T103/><D34/><U13/><E13/><V69/><F69/><W129/><G129/><T70/><D70/><U75/><E75/><V18/><F18/><W64/><G22/><T0/><D0/><U38/><E38/><V119/><F119/><W9/><G19/><T93/><D121/><U83/><E7/><V131/><F131/><W24/><G118/><T31/><D31/><U26/><E26/><V100/><F100/><W85/><G24/><T105/><D17/><U67/><E2/><V65/><F65/><W15/><G15/><T36/><D125/><U72/><E67/><V86/><F86/><W134/><G134/><T94/><D36/><U27/><E27/><V59/><F59/><W122/><G116/><T89/><D43/><U117/><E117/><V99/><F99/><W10/><G122/><T68/><D68/><RYUUKYOKU ba="0,0" sc="194,-10,253,-10,391,30,162,-10" hai2="12,16,23,88,90,96,101" /><INIT seed="2,1,0,0,3,31" ten="184,243,421,152" oya="2" hai0="46,39,94,41,79,6,58,84,120,44,135,7,75" hai1="113,73,112,40,104,22,107,121,0,80,88,131,37" hai2="35,68,70,82,56,86,36,115,93,60,130,99,92" hai3="110,2,71,89,51,87,34,14,13,30,29,119,128"/><V20/><F115/><W53/><G119/><T83/><D120/><U126/><E0/><V1/><F1/><W45/><G110/><T65/><D135/><U105/><E40/><V33/><F36/><W55/><G2/><T64/><D46/><U11/><E11/><V109/><F130/><W100/><G71/><T74/><D74/><U57/><E22/><V101/><F109/><W69/><G69/><T125/><D125/><U42/><E57/><V97/><F20/><W52/><G128/><T85/><D75/><U103/><E42/><V91/><F70/><W16/><G100/><T5/><D58/><U67/><E67/><V123/><F123/><W4/><G4/><T77/><REACH who="0" step="1"/><D94/><REACH who="0" ten="174,243,421,152" step="2"/><U76/><E121/><V21/><F68/><W72/><G72/><T117/><D117/><U96/><E131/><V118/><F118/><W26/><G30/><T28/><D28/><U63/><E126/><V19/><F56/><W54/><REACH who="3" step="1"/><G16/><REACH who="3" ten="174,243,421,142" step="2"/><T10/><D10/><U111/><E111/><V49/><F19/><W61/><G61/><T15/><D15/><U132/><E63/><V134/><F60/><W108/><G108/><T27/><D27/><U59/><E113/><V127/><F127/><W17/><G17/><T25/><D25/><U66/><E112/><V78/><F134/><W12/><G12/><T81/><AGARI ba="1,2" hai="5,6,7,39,41,44,64,65,77,79,81,83,84,85" machi="81" ten="30,4000,0" yaku="1,1,0,1,9,1,53,0" doraHai="31" doraHaiUra="23" who="0" fromWho="0" sc="174,63,243,-11,421,-21,142,-11" /><INIT seed="3,0,0,5,2,110" ten="237,232,400,131" oya="3" hai0="13,40,123,30,93,55,116,125,97,96,38,43,29" hai1="33,2,66,52,62,25,3,113,80,8,90,92,22" hai2="16,100,59,86,133,24,99,6,117,85,77,105,5" hai3="7,127,112,23,134,94,54,91,106,78,98,36,120"/><W42/><G120/><T82/><D116/><U34/><E80/><V12/><F117/><W122/><G122/><T4/><D123/><U129/><E129/><V75/><F133/><W9/><G134/><T128/><D128/><U44/><E113/><V21/><F75/><W31/><G127/><T11/><D38/><U27/><E66/><V108/><F108/><W87/><G112/><T84/><D55/><U119/><E119/><V72/><F72/><W56/><G42/><N who="0" m="15915" /><D125/><U68/><E68/><V79/><F59/><W63/><G36/><T103/><D96/><U126/><E126/><V121/><F121/><W18/><G31/><T114/><D114/><U104/><E104/><V0/><F0/><W115/><G115/><T58/><D58/><U57/><E44/><V26/><F86/><W83/><G106/><T20/><D20/><U41/><E41/><V32/><F85/><W53/><G53/><T135/><D135/><U46/><E46/><V95/><F105/><W71/><G71/><T10/><D10/><U64/><E64/><V45/><F45/><W109/><G109/><T60/><D60/><U132/><E132/><V107/><F107/><W88/><G9/><T67/><D67/><U28/><E8/><V39/><F39/><W124/><G124/><T74/><D74/><U47/><E47/><V118/><F118/><W61/><G61/><T131/><D131/><U14/><E14/><V102/><F32/><N who="1" m="12393" /><E27/><N who="2" m="10283" /><F102/><N who="3" m="60759" /><G7/><AGARI ba="0,0" hai="5,6,7,12,16,21,77,79,95,99,100" m="10283" machi="7" ten="30,2000,0" yaku="8,1,54,1" doraHai="110" who="2" fromWho="3" sc="237,0,232,0,400,20,131,-20" /><INIT seed="4,0,0,1,5,83" ten="237,232,420,111" oya="0" hai0="75,102,10,125,91,123,85,93,134,23,65,118,69" hai1="24,63,57,16,27,49,122,39,32,17,9,114,5" hai2="33,62,111,68,38,29,3,109,13,77,51,22,112" hai3="18,115,35,37,73,132,129,81,104,84,59,64,99"/><T25/><D118/><U72/><E122/><V98/><F38/><W4/><G37/><T79/><D123/><U8/><E39/><V19/><F112/><W108/><G35/><T21/><D125/><U34/><E72/><V106/><F77/><W103/><G108/><T11/><D134/><U117/><E117/><V53/><F3/><W89/><G115/><T97/><D69/><U78/><E78/><V88/><F29/><W12/><G129/><T71/><D71/><U30/><E49/><V74/><F74/><W20/><G132/><T66/><D23/><N who="1" m="13415" /><E57/><V46/><F33/><N who="1" m="12905" /><E63/><V120/><F120/><W1/><G73/><T58/><D79/><U124/><E114/><V100/><F68/><W110/><G110/><T0/><D0/><N who="1" m="39" /><E124/><V45/><F62/><W131/><G59/><T95/><D75/><U44/><E44/><V86/><F46/><W101/><G101/><T107/><D107/><U60/><E60/><V50/><F51/><W61/><G61/><N who="0" m="38071" /><D66/><U128/><E128/><V133/><F133/><W55/><G64/><T48/><D48/><U26/><E30/><AGARI ba="0,0" hai="10,11,21,25,30,85,91,93,95,97,102" m="38071" machi="30" ten="30,5800,0" yaku="25,1,8,1,52,1" doraHai="83" who="0" fromWho="1" sc="237,58,232,-58,420,0,111,0" /><INIT seed="4,1,0,0,2,131" ten="295,174,420,111" oya="0" hai0="1,0,70,113,130,24,45,129,92,44,128,3,81" hai1="116,125,36,88,25,62,38,9,35,33,40,68,112" hai2="134,69,54,51,26,82,23,77,20,47,101,12,96" hai3="123,39,115,121,132,64,18,108,8,98,22,27,2"/><T56/><D70/><U55/><E116/><V21/><F69/><W63/><G39/><T6/><D6/><U79/><E79/><V84/><F12/><W87/><G108/><T46/><D113/><U60/><E125/><V48/><F48/><W91/><G98/><T66/><D92/><U117/><E117/><V75/><F75/><W120/><G115/><T29/><D81/><U58/><E112/><V111/><F111/><W41/><G41/><T122/><D122/><U16/><E35/><V97/><F97/><W103/><G103/><T93/><D93/><U100/><E100/><V85/><F85/><W42/><G42/><T89/><D89/><U31/><E40/><V119/><F119/><W80/><G8/><T34/><D56/><U73/><E73/><V135/><REACH who="2" step="1"/><F26/><REACH who="2" ten="295,174,410,111" step="2"/><W11/><G2/><T105/><D105/><AGARI ba="1,1" hai="20,21,23,47,51,54,77,82,84,96,101,105,134,135" machi="105" ten="40,8000,1" yaku="1,1,2,1,52,2,53,0" doraHai="131" doraHaiUra="133" who="2" fromWho="0" sc="295,-83,174,0,410,93,111,0" /><INIT seed="5,0,0,1,3,80" ten="212,174,503,111" oya="1" hai0="39,5,66,69,15,13,49,48,46,83,103,25,33" hai1="54,59,53,79,45,105,74,58,22,108,126,36,133" hai2="130,87,118,113,23,6,63,28,42,78,0,32,84" hai3="85,100,61,107,131,38,115,98,123,109,50,106,11"/><U95/><E105/><V102/><F118/><W124/><G109/><T75/><D39/><U70/><E108/><V44/><F32/><W122/><G38/><T67/><D48/><U104/><E104/><V86/><F102/><W8/><G115/><T120/><D120/><U125/><E70/><V92/><F113/><W135/><G135/><T114/><D103/><U40/><E22/><V1/><F78/><W35/><G35/><T52/><D69/><U64/><E95/><V60/><F92/><W20/><G20/><T110/><D110/><U51/><E133/><V77/><F77/><W37/><G37/><T91/><D13/><U10/><E10/><V2/><F6/><W90/><G107/><T128/><D128/><U56/><E79/><V99/><F99/><W7/><G11/><N who="0" m="4591" /><D33/><U72/><E64/><V117/><F117/><W73/><G73/><T89/><D75/><U119/><E119/><V101/><F101/><W132/><G50/><T18/><D114/><U68/><E68/><V24/><REACH who="2" step="1"/><F130/><REACH who="2" ten="212,174,493,111" step="2"/><W112/><G131/><T116/><D116/><U88/><E74/><V111/><F111/><W94/><G112/><T129/><D129/><U97/><E72/><V26/><F26/><W81/><G132/><T41/><D89/><U12/><E88/><V34/><F34/><W43/><G106/><T47/><D91/><U96/><E97/><V65/><F65/><W14/><G100/><T29/><D67/><U82/><E96/><V71/><F71/><W16/><G98/><T9/><D66/><U121/><E82/><V17/><F17/><W57/><G81/><RYUUKYOKU ba="0,1" sc="212,-10,174,-10,493,30,111,-10" hai2="0,1,2,23,24,28,42,44,60,63,84,86,87" /><INIT seed="6,1,1,1,1,58" ten="202,164,523,101" oya="2" hai0="19,24,42,102,82,25,135,122,68,44,134,108,83" hai1="72,88,80,3,0,119,100,28,70,57,93,23,38" hai2="111,29,76,74,59,109,95,50,84,34,36,48,37" hai3="11,114,5,91,85,52,43,10,53,116,131,33,65"/><V6/><F74/><W46/><G116/><T39/><D108/><N who="2" m="41546" /><F6/><W124/><G33/><T113/><D122/><U27/><E70/><V94/><F29/><W97/><G131/><T99/><D113/><U115/><E119/><V18/><F34/><W120/><G120/><T110/><D110/><U77/><E115/><V125/><F125/><W55/><G114/><T90/><D68/><U2/><E38/><V104/><F104/><W60/><G97/><T31/><D19/><U35/><E35/><V1/><F1/><W118/><G124/><T16/><D16/><U92/><E100/><V45/><F18/><W17/><G17/><T40/><D40/><U7/><E93/><N who="2" m="35339" /><F59/><W8/><G118/><T130/><D130/><U41/><E57/><V132/><F50/><W126/><G126/><T12/><D12/><U47/><E7/><V128/><F132/><N who="0" m="50730" /><D25/><U89/><REACH who="1" step="1"/><E92/><REACH who="1" ten="202,154,523,101" step="2"/><V75/><F128/><W73/><G5/><T133/><D133/><U103/><E103/><V30/><F37/><W79/><G65/><T64/><D102/><U51/><AGARI ba="1,2" hai="0,2,3,23,27,28,41,47,51,72,77,80,88,89" machi="51" ten="30,7900,0" yaku="1,1,0,1,54,1,53,1" doraHai="58" doraHaiUra="21" who="1" fromWho="1" sc="202,-21,154,102,523,-40,101,-21" /><INIT seed="7,0,0,2,4,0" ten="181,256,483,80" oya="3" hai0="92,76,115,43,63,44,74,80,23,31,81,125,71" hai1="15,38,65,37,18,9,89,45,12,54,116,84,114" hai2="135,62,82,90,59,100,32,72,47,53,41,46,127" hai3="101,93,2,25,68,4,67,55,28,97,60,30,124"/><W78/><G124/><T77/><D125/><U24/><E114/><V118/><F32/><W85/><G55/><T95/><D115/><U16/><E24/><V123/><F118/><W20/><G78/><T109/><D109/><U108/><E108/><V34/><F34/><W29/><REACH who="3" step="1"/><G85/><REACH who="3" ten="181,256,483,70" step="2"/><T26/><D77/><U111/><E111/><V3/><F127/><W102/><G102/><T19/><D76/><U8/><E116/><V35/><F100/><W49/><G49/><T98/><D74/><U88/><E65/><V119/><F53/><W13/><G13/><T99/><D98/><U133/><E54/><V120/><F119/><W130/><G130/><T17/><D99/><U61/><E84/><V66/><F72/><W70/><G70/><T64/><D81/><U129/><E129/><V91/><F66/><W11/><AGARI ba="0,1" hai="2,4,11,20,25,28,29,30,60,67,68,93,97,101" machi="11" ten="30,6000,0" yaku="1,1,0,1,52,1,53,0" doraHai="0" doraHaiUra="105" who="3" fromWho="3" sc="181,-20,256,-20,483,-20,70,70" /><INIT seed="7,1,0,3,5,11" ten="161,236,463,140" oya="3" hai0="121,127,48,43,52,98,126,130,97,101,75,17,92" hai1="120,24,87,64,51,67,4,2,95,6,20,104,111" hai2="122,100,27,8,82,37,35,109,62,12,33,116,50" hai3="69,59,21,1,58,132,91,65,70,80,41,123,96"/><W81/><G123/><T119/><D121/><U73/><E120/><V54/><F122/><RYUUKYOKU type="kaze4" ba="1,0" sc="161,0,236,0,463,0,140,0" /><INIT seed="7,2,0,4,4,51" ten="161,236,463,140" oya="3" hai0="70,93,100,17,111,131,7,55,44,33,58,42,90" hai1="29,128,16,41,25,45,28,123,119,2,26,121,69" hai2="72,50,52,108,110,92,85,38,11,27,24,66,71" hai3="68,134,22,117,48,13,61,98,127,63,80,54,76"/><W113/><G117/><T125/><D111/><U9/><E69/><V84/><F72/><W83/><G113/><T105/><D70/><U124/><E119/><V86/><F38/><W109/><G134/><T135/><D33/><U0/><E128/><V20/><F11/><W53/><G127/><T4/><D105/><U95/><E95/><V88/><F71/><W114/><G114/><T31/><D131/><U106/><E106/><V43/><F66/><W6/><G109/><T49/><D125/><U35/><E124/><V65/><F65/><W129/><G129/><T10/><D31/><U103/><E103/><V23/><F43/><W12/><G68/><T118/><D100/><U30/><E45/><N who="2" m="27727" /><F110/><W19/><G98/><T73/><D73/><U104/><E41/><V82/><F108/><W115/><G115/><T87/><D135/><U74/><E74/><V18/><F92/><W97/><G97/><T130/><D118/><U56/><E56/><V59/><F59/><N who="3" m="35055" /><G63/><T89/><D89/><U60/><E60/><V46/><F46/><N who="3" m="27927" /><G76/><T47/><D47/><U133/><E133/><V102/><F102/><W37/><G37/><T40/><D40/><U3/><E104/><V116/><F116/><W132/><G132/><T91/><D91/><U126/><E126/><V67/><F67/><W1/><G1/><T75/><D75/><U34/><E34/><V107/><F107/><W64/><G64/><T99/><D130/><U32/><E32/><V36/><F36/><W122/><G122/><N who="1" m="46602" /><E35/><V77/><F77/><W94/><G94/><T21/><D93/><U8/><E0/><RYUUKYOKU ba="2,0" sc="161,-15,236,-15,463,15,140,15" hai2="18,20,23,24,27,82,84,85,86,88" hai3="6,12,13,19,22,80,83" /><INIT seed="7,3,0,5,0,39" ten="146,221,478,155" oya="3" hai0="83,96,79,38,103,106,21,135,17,122,63,128,71" hai1="13,4,86,40,50,26,19,87,126,123,24,72,133" hai2="116,34,9,117,78,127,54,51,31,124,101,42,16" hai3="32,23,91,62,109,35,0,12,110,53,121,43,98"/><W44/><G121/><T22/><D122/><U120/><E72/><V61/><F78/><W7/><G0/><T65/><D135/><U36/><E36/><V15/><F101/><W77/><G77/><T45/><D128/><U14/><E126/><N who="2" m="48171" /><F34/><W111/><G53/><T119/><D119/><U130/><E130/><V52/><F31/><W33/><G62/><T29/><D29/><U82/><E133/><V46/><F61/><W1/><G1/><T5/><D5/><U10/><E120/><V11/><F11/><N who="3" m="4223" /><G23/><T80/><D22/><N who="1" m="11631" /><E123/><V73/><F73/><W37/><G98/><T57/><D71/><U107/><E107/><V64/><F64/><W115/><G91/><T60/><D60/><U132/><E132/><V90/><F90/><W95/><G95/><T93/><D106/><U49/><E82/><V66/><F66/><W84/><G84/><T74/><D80/><U125/><E125/><V97/><F97/><W113/><AGARI ba="3,0" hai="32,33,35,37,43,44,109,110,111,113,115" m="4223" machi="113" ten="50,4800,0" yaku="10,1,52,1" doraHai="39" who="3" fromWho="3" sc="146,-19,221,-19,478,-19,155,57" /><INIT seed="7,4,0,2,5,82" ten="127,202,459,212" oya="3" hai0="87,130,129,81,123,120,134,34,16,10,105,104,46" hai1="102,20,127,28,25,113,118,126,40,51,44,36,97" hai2="52,35,63,43,66,5,78,101,115,53,80,71,100" hai3="9,3,2,108,90,109,47,42,89,111,33,85,27"/><W49/><G9/><T14/><D134/><U107/><E113/><V61/><F35/><W110/><G110/><T122/><D34/><U31/><E118/><V68/><F115/><W13/><G13/><T92/><D92/><U112/><E112/><V23/><F43/><W39/><G39/><T124/><D124/><N who="1" m="47659" /><E31/><V73/><F5/><W72/><G72/><T132/><D132/><U21/><E20/><V95/><F23/><W22/><G90/><T116/><D116/><U48/><AGARI ba="4,0" hai="21,25,28,36,40,44,48,51,97,102,107" m="47659" machi="48" ten="30,1100,0" yaku="18,1" doraHai="82" who="1" fromWho="1" sc="127,-7,202,23,459,-7,212,-9" owari="120,-38.0,225,3.0,452,55.0,203,-20.0" /></mjloggm>