<mjloggm ver="2.3"><GO type="169" lobby="0"/><UN n0="%E3%81%9B%E3%81%A9%E3%81%AA%E3%82%8A%E3%81%82%E3%82%93" n1="%67%2D%65%6E%6B%69" n2="%E7%B3%B8%E5%94%84" n3="%E4%BE%8D" dan="16,17,17,18" rate="2111.17,2211.31,2180.13,2255.94" sx="M,M,M,M"/><TAIKYOKU oya="0"/><INIT seed="0,0,0,4,5,34" ten="250,250,250,250" oya="0" hai0="17,40,42,131,101,134,118,107,69,64,24,85,53" hai1="121,80,89,87,123,65,97,129,61,86,133,8,28" hai2="72,83,105,14,36,114,102,52,106,38,68,2,32" hai3="74,67,112,130,75,99,33,58,95,47,77,13,135"/><T119/><D107/><N who="2" m="40970" /><F52/><W26/><G112/><T51/><D101/><U41/><E133/><V35/><F14/><W12/><G130/><T19/><D85/><U62/><E129/><V122/><F102/><W9/><G135/><T66/><D131/><U37/><E97/><V1/><F122/><W59/><G47/><T108/><D134/><U78/><E41/><V22/><F22/><W30/><G13/><T46/><D24/><U120/><E37/><N who="2" m="14443" /><F114/><W82/><G75/><T111/><D17/><U104/><E104/><V100/><F100/><W117/><G67/><N who="0" m="25643" /><D19/><U90/><E78/><N who="2" m="44487" /><F68/><W116/><G58/><T113/><D69/><U125/><E120/><V57/><F57/><W94/><G59/><N who="0" m="33215" /><D113/><U31/><E80/><V27/><F27/><W96/><G96/><T23/><D23/><U103/><E103/><V76/><F76/><W126/><G99/><T81/><D81/><U18/><E18/><V70/><F70/><W3/><G95/><T84/><D84/><U39/><E87/><V56/><F56/><W93/><G94/><T0/><D42/><U50/><E86/><V48/><F48/><W132/><G93/><T11/><D40/><U115/><E123/><V92/><F92/><W73/><G132/><T10/><D46/><U124/><E121/><V25/><F25/><W16/><G74/><T79/><D79/><U45/><E115/><V7/><F7/><W128/><G128/><T98/><D98/><U49/><E45/><V91/><F91/><W71/><G71/><T63/><D63/><U6/><E62/><V127/><F127/><W15/><G126/><RYUUKYOKU ba="0,0" sc="250,-10,250,-10,250,30,250,-10" hai2="1,2,32,35" /><INIT seed="1,1,0,1,1,124" ten="240,240,280,240" oya="1" hai0="32,43,24,57,69,52,61,90,46,118,131,12,62" hai1="50,87,96,51,97,36,95,59,8,20,56,25,19" hai2="10,1,68,2,39,49,41,30,74,111,108,35,33" hai3="53,38,11,31,128,55,13,40,135,107,119,45,94"/><U23/><E36/><V98/><F74/><W27/><G107/><T4/><D131/><U112/><E112/><V15/><F68/><W123/><G123/><T21/><D118/><U48/><E8/><V63/><F63/><W78/><G135/><T54/><D32/><U18/><E87/><V86/><F86/><W9/><G119/><T29/><D90/><U14/><REACH who="1" step="1"/><E97/><REACH who="1" ten="240,230,280,240" step="2"/><V109/><F98/><W105/><G9/><T130/><D130/><U113/><E113/><V67/><F39/><W71/><G128/><T17/><D4/><U92/><E92/><V3/><F67/><W115/><G94/><T58/><D69/><U117/><E117/><V34/><F49/><W72/><G115/><T121/><D121/><U28/><E28/><V129/><F41/><W101/><G71/><T70/><D70/><U75/><E75/><V93/><F129/><W85/><G85/><T44/><D43/><U42/><E42/><V83/><F93/><W76/><G72/><T6/><D6/><U0/><E0/><V122/><F122/><W126/><G40/><T80/><D80/><U104/><E104/><V47/><F83/><W84/><G105/><T77/><D77/><U134/><E134/><V116/><F116/><W7/><G78/><T66/><D66/><U37/><E37/><V81/><F81/><W133/><G76/><T91/><D91/><AGARI ba="1,1" hai="14,18,19,20,23,25,48,50,51,56,59,91,95,96" machi="91" ten="40,7700,0" yaku="1,1,8,1,53,1" doraHai="124" doraHaiUra="22" who="1" fromWho="0" sc="240,-80,230,90,280,0,240,0" /><INIT seed="1,2,0,2,4,87" ten="160,320,280,240" oya="1" hai0="21,34,27,82,104,54,116,64,7,129,76,77,38" hai1="62,102,134,30,11,46,99,60,49,24,9,44,14" hai2="71,96,97,94,84,6,86,85,121,70,110,33,133" hai3="28,80,16,113,93,119,56,42,45,52,43,131,100"/><U2/><E134/><V114/><F121/><W89/><G113/><T5/><D34/><U50/><E2/><V26/><F114/><W66/><G131/><T123/><D116/><U83/><E83/><V126/><F133/><W125/><G125/><T15/><D129/><U130/><E130/><V135/><F135/><W37/><G119/><T75/><D104/><U107/><E9/><V61/><F126/><W101/><G28/><T31/><D38/><U13/><E49/><V35/><F110/><W103/><G80/><T128/><D128/><U120/><E14/><V117/><F117/><W90/><G93/><T58/><D77/><U67/><E50/><V108/><F108/><W51/><G43/><T18/><D64/><U17/><E62/><V57/><F6/><W63/><REACH who="3" step="1"/><G16/><REACH who="3" ten="160,320,280,230" step="2"/><T65/><D123/><U69/><REACH who="1" step="1"/><E120/><REACH who="1" ten="160,310,280,230" step="2"/><V47/><F26/><W29/><G29/><T79/><D82/><U0/><E0/><V25/><F25/><W95/><G95/><T23/><D27/><U8/><E8/><V109/><F94/><W72/><G72/><T127/><D75/><U98/><E98/><V81/><F96/><W12/><G12/><T88/><D31/><U115/><E115/><V59/><F97/><W40/><G40/><T22/><D15/><U1/><E1/><V41/><F81/><W20/><G20/><AGARI ba="2,2" hai="11,13,17,20,24,30,44,46,60,67,69,99,102,107" machi="20" ten="30,2900,0" yaku="1,1,7,1,53,0" doraHai="87" doraHaiUra="68" who="1" fromWho="3" sc="160,0,310,55,280,0,230,-35" /><INIT seed="1,3,0,3,0,52" ten="160,365,280,195" oya="1" hai0="2,86,105,9,71,59,115,112,38,130,6,92,126" hai1="64,79,34,100,74,121,0,20,25,39,50,89,55" hai2="107,66,49,108,29,47,65,43,46,97,24,22,133" hai3="77,70,11,120,37,128,35,117,31,95,134,51,132"/><U101/><E39/><V15/><F108/><W63/><G120/><T93/><D71/><U122/><E34/><V85/><F133/><N who="3" m="51307" /><G37/><T131/><D105/><U13/><E0/><V106/><F85/><W21/><G128/><N who="0" m="49195" /><D38/><U113/><E113/><N who="0" m="43593" /><D86/><U83/><E13/><V48/><F15/><W98/><G77/><T4/><D126/><U41/><E89/><V61/><F97/><W129/><G51/><T26/><D26/><U102/><E64/><V68/><REACH who="2" step="1"/><F66/><REACH who="2" ten="160,365,270,195" step="2"/><W72/><G98/><T32/><D4/><U44/><REACH who="1" step="1"/><E41/><AGARI ba="3,1" hai="22,24,29,41,43,46,47,48,49,61,65,68,106,107" machi="41" ten="30,8000,1" yaku="1,1,2,1,7,1,9,1,53,1" doraHai="52" doraHaiUra="19" who="2" fromWho="1" sc="160,0,365,-89,270,99,195,0" /><INIT seed="2,0,0,3,1,1" ten="160,276,369,195" oya="2" hai0="5,68,3,121,39,133,54,76,125,12,36,117,52" hai1="74,11,9,127,28,70,32,114,66,86,134,126,95" hai2="97,100,4,64,92,80,90,123,34,89,84,72,38" hai3="112,48,83,62,47,87,91,63,49,51,109,56,85"/><V33/><F123/><W81/><G109/><T60/><D3/><U103/><E74/><V61/><F38/><W59/><G112/><T57/><D76/><U71/><E32/><V42/><F42/><W122/><G122/><T130/><D121/><U55/><E28/><V26/><F72/><W46/><G49/><T43/><D12/><U78/><E55/><V75/><F75/><W31/><G31/><T73/><D5/><U35/><E35/><V101/><F4/><W44/><G44/><N who="0" m="23655" /><D73/><U108/><E66/><V120/><F120/><W119/><REACH who="3" step="1"/><G91/><REACH who="3" ten="160,276,369,185" step="2"/><T107/><D39/><U118/><E108/><V128/><F128/><W129/><G129/><T131/><D130/><U98/><E114/><V37/><F37/><W20/><G20/><T16/><D131/><U94/><E11/><V53/><F89/><W45/><G45/><T79/><D60/><U30/><E9/><V104/><F100/><W8/><G8/><T17/><D117/><AGARI ba="0,1" hai="46,47,48,51,56,59,62,63,81,83,85,87,117,119" machi="117" ten="25,3200,0" yaku="1,1,22,2,53,0" doraHai="1" doraHaiUra="2" who="3" fromWho="0" sc="160,-32,276,0,369,0,185,42" /><INIT seed="3,0,0,3,2,87" ten="128,276,369,227" oya="3" hai0="59,32,19,8,101,44,94,52,131,9,66,63,111" hai1="38,107,26,124,79,127,18,13,91,41,110,2,97" hai2="104,35,96,57,73,129,40,29,117,49,5,122,80" hai3="128,130,113,33,54,25,88,135,28,93,45,82,90"/><W30/><G113/><T120/><D111/><U0/><E79/><V3/><F117/><W24/><G135/><T50/><D131/><N who="3" m="50217" /><G82/><T7/><D32/><U67/><E26/><V74/><F57/><W106/><G106/><T27/><D120/><U75/><E75/><V95/><F49/><N who="3" m="28975" /><G93/><T62/><D7/><U42/><E67/><V78/><F40/><N who="1" m="15465" /><E110/><V105/><F73/><W76/><G76/><T114/><D114/><U12/><E38/><V84/><F129/><W53/><G53/><T81/><D63/><U16/><E107/><V115/><F122/><W20/><AGARI ba="0,0" hai="20,24,25,28,30,33,88,90" m="28975,50217" machi="20" ten="30,11700,0" yaku="19,1,52,2,54,1" doraHai="87" who="3" fromWho="3" sc="128,-39,276,-39,369,-39,227,117" /><INIT seed="3,1,0,4,4,14" ten="89,237,330,344" oya="3" hai0="49,71,10,111,102,28,67,126,109,4,44,66,11" hai1="103,131,15,105,119,46,40,56,3,51,45,93,100" hai2="55,124,128,6,88,12,16,117,60,94,82,76,104" hai3="86,91,18,83,35,61,38,24,115,87,110,81,8"/><W68/><G115/><T118/><D102/><U108/><E3/><V89/><F117/><W133/><G38/><T98/><D98/><U120/><E120/><V114/><F114/><W42/><G42/><T127/><D28/><U74/><E74/><V48/><F128/><W63/><G133/><T130/><D4/><U70/><E70/><V72/><F124/><N who="0" m="47658" /><D11/><U2/><E2/><V97/><F6/><W122/><G122/><T85/><D85/><U96/><E108/><N who="0" m="41545" /><D10/><U53/><E131/><V19/><F60/><N who="3" m="23115" /><G68/><T57/><D130/><U54/><E119/><V52/><F104/><W0/><G35/><T27/><D27/><U135/><E135/><V75/><F72/><W77/><G0/><T37/><D118/><U32/><E32/><V121/><F121/><W99/><G110/><T58/><D71/><U92/><E15/><V13/><F89/><N who="3" m="51407" /><G8/><T5/><D37/><U34/><E34/><V41/><F13/><W106/><G106/><T36/><D36/><U29/><E105/><V107/><F107/><W26/><G18/><N who="2" m="6697" /><F75/><W47/><G99/><T69/><D5/><U17/><E96/><V79/><F12/><W73/><G73/><T23/><D23/><U31/><E17/><V30/><F30/><W64/><G91/><T1/><D1/><U25/><E29/><V7/><F7/><W78/><G24/><T59/><D69/><U101/><E25/><V39/><F39/><W84/><G26/><T123/><D123/><U65/><E31/><V95/><F82/><N who="3" m="47183" /><G64/><T125/><N who="0" m="47666" /><T50/><DORA hai="20" /><D50/><U134/><E134/><V21/><F21/><RYUUKYOKU ba="1,0" sc="89,15,237,-15,330,-15,344,15" hai0="44,49,57,58,59,66,67" hai3="47,78,83,87" /><INIT seed="3,2,0,2,3,24" ten="104,222,315,359" oya="3" hai0="76,113,1,117,100,74,45,90,25,82,16,86,58" hai1="114,6,109,57,10,40,22,134,54,29,20,50,125" hai2="23,71,67,64,122,51,59,103,132,70,41,123,69" hai3="44,72,60,42,94,52,75,4,17,33,84,65,81"/><W18/><G33/><T95/><D117/><U98/><E109/><V104/><F103/><W62/><G4/><T119/><D119/><U56/><E114/><V92/><F92/><W127/><G127/><T12/><D1/><U135/><E125/><V101/><F101/><W48/><G94/><T0/><D0/><U7/><E40/><V49/><F104/><W108/><G108/><T87/><D100/><U110/><E110/><V39/><F23/><W126/><G126/><T93/><D45/><U89/><E50/><N who="2" m="18955" /><F132/><W15/><G42/><T3/><D3/><U128/><E54/><V32/><F32/><W9/><G17/><T43/><D25/><U77/><E77/><V105/><F105/><W11/><G11/><T99/><D43/><U19/><E19/><V38/><F59/><W133/><G133/><T28/><D58/><U61/><E10/><V129/><F129/><W34/><G34/><T112/><D74/><U107/><E107/><V68/><N who="2" m="17408" /><DORA hai="30" /><V116/><F116/><W13/><G13/><T2/><D2/><U73/><E73/><V78/><F78/><W118/><G118/><T111/><D111/><U88/><E128/><V21/><F21/><W121/><G75/><T130/><D130/><U53/><E98/><V31/><F31/><W79/><G72/><T91/><REACH who="0" step="1"/><D28/><REACH who="0" ten="94,222,315,359" step="2"/><U66/><E135/><V131/><F131/><W85/><G85/><T47/><BYE who="3" /><D47/><UN n3="%E4%BE%8D" /><U115/><E134/><V5/><F41/><W83/><G44/><T106/><D106/><U27/><E29/><V97/><F39/><W35/><G35/><T55/><D55/><RYUUKYOKU ba="2,1" sc="94,30,222,-10,315,-10,359,-10" hai0="12,16,76,82,86,87,90,91,93,95,99,112,113" /><INIT seed="4,3,1,4,2,47" ten="124,212,305,349" oya="0" hai0="34,65,76,61,36,16,99,41,92,26,118,55,122" hai1="85,116,90,56,103,53,24,113,112,74,32,39,59" hai2="73,5,30,20,12,28,132,62,43,86,97,50,7" hai3="10,42,57,127,44,130,126,40,82,17,1,119,4"/><T22/><D118/><U96/><E39/><V27/><F73/><W13/><G119/><T38/><D122/><U123/><E74/><V77/><F132/><W0/><G130/><T29/><D76/><U83/><E116/><V95/><F62/><W91/><G57/><T9/><D55/><U133/><E123/><V23/><F30/><W18/><G91/><T134/><D41/><U128/><E32/><V2/><F2/><N who="3" m="1131" /><G82/><T68/><D9/><U125/><E24/><V66/><F66/><W111/><G42/><T107/><D134/><U63/><E133/><V46/><F23/><W21/><G44/><T124/><D124/><N who="3" m="47657" /><G40/><T72/><D72/><U31/><E31/><V110/><F110/><W11/><G111/><T115/><D115/><N who="1" m="44107" /><E125/><V100/><F12/><N who="3" m="5191" /><G21/><T88/><REACH who="0" step="1"/><D107/><REACH who="0" ten="114,212,305,349" step="2"/><N who="1" m="63975" /><E59/><V64/><F64/><W117/><G117/><T131/><D131/><AGARI ba="3,2" hai="53,56,63,83,85,90,128,131" m="63975,44107" machi="131" ten="30,2000,0" yaku="15,1,11,1" doraHai="47" who="1" fromWho="0" sc="114,-29,212,49,305,0,349,0" /><INIT seed="5,0,0,0,2,109" ten="85,261,305,349" oya="1" hai0="122,33,27,130,13,108,9,48,86,68,113,123,7" hai1="71,35,52,22,18,72,115,81,116,75,31,64,67" hai2="34,21,60,50,110,80,124,73,105,56,25,69,97" hai3="125,8,120,100,29,53,83,133,88,126,58,0,12"/><U24/><E116/><V17/><F110/><W104/><G120/><N who="0" m="46123" /><D48/><U131/><E71/><V90/><F124/><N who="3" m="47723" /><G0/><T94/><D68/><U42/><E42/><V95/><F34/><W76/><G29/><N who="0" m="19647" /><D94/><U74/><E131/><V1/><F1/><W117/><G133/><T39/><D86/><U49/><E115/><V43/><F69/><W26/><G26/><T62/><D62/><U89/><E89/><V16/><F105/><W132/><G132/><T4/><D39/><U10/><E10/><V92/><F95/><W87/><G100/><T70/><D70/><U23/><E35/><V3/><F3/><W61/><G104/><T77/><D77/><U78/><E67/><V28/><F73/><W5/><G117/><T38/><D38/><U66/><E66/><V99/><F80/><W101/><G101/><T11/><D108/><U32/><E32/><V119/><F99/><W30/><G30/><T114/><D130/><U36/><E64/><N who="2" m="38919" /><F119/><W55/><G55/><T127/><D127/><U37/><E36/><V82/><F82/><W106/><G106/><T45/><D45/><AGARI ba="0,0" hai="16,17,21,25,28,43,45,50,90,92,97" m="38919" machi="45" ten="30,2000,0" yaku="8,1,54,1" doraHai="109" who="2" fromWho="0" sc="85,-20,261,0,305,20,349,0" /><INIT seed="6,0,0,4,3,122" ten="65,261,325,349" oya="2" hai0="121,100,63,112,65,127,34,44,96,46,25,114,1" hai1="31,95,103,83,123,49,85,133,43,125,93,72,107" hai2="11,110,52,62,77,36,118,26,124,50,135,8,14" hai3="42,80,3,22,89,39,12,9,78,92,28,55,16"/><V102/><F118/><W58/><G39/><T130/><D1/><U32/><E43/><V86/><F36/><W27/><G42/><T134/><D121/><U94/><E49/><V104/><F135/><W6/><G80/><T51/><D134/><U115/><E31/><V67/><F124/><W40/><G78/><T54/><D127/><U33/><E123/><V113/><F113/><W99/><G40/><T76/><D76/><N who="1" m="44423" /><E32/><V70/><F102/><W97/><G97/><T23/><D130/><U126/><E33/><V79/><F104/><W87/><G99/><T10/><D10/><U7/><E7/><V128/><F128/><W74/><G74/><T48/><D48/><U106/><E133/><V98/><F98/><W4/><G3/><T82/><D82/><U21/><E21/><V91/><F26/><W5/><G28/><T38/><D46/><U18/><E18/><V68/><F70/><W69/><G69/><T90/><D38/><U15/><E15/><V75/><F75/><W59/><G59/><N who="0" m="37119" /><D34/><U13/><E13/><V24/><F24/><W117/><G117/><T108/><D114/><U131/><E131/><V0/><F0/><W61/><AGARI ba="0,0" hai="4,5,6,9,12,16,22,27,55,58,61,87,89,92" machi="61" ten="20,5200,0" yaku="0,1,7,1,8,1,54,1" doraHai="122" who="3" fromWho="3" sc="65,-13,261,-13,325,-26,349,52" /><INIT seed="7,0,0,4,1,103" ten="52,248,299,401" oya="3" hai0="44,31,88,128,38,92,116,66,99,47,94,51,62" hai1="90,14,86,40,17,133,58,9,127,96,134,81,122" hai2="12,120,50,24,82,79,74,64,48,35,106,28,3" hai3="33,130,69,68,91,98,34,5,43,84,121,89,18"/><W70/><G43/><T93/><D31/><U49/><E122/><V73/><F3/><W56/><G18/><T87/><D116/><U22/><E127/><V135/><F135/><W46/><G46/><T110/><D110/><U7/><E133/><V77/><F64/><W4/><G56/><T42/><D128/><U39/><E39/><V97/><F120/><W55/><G55/><T36/><D99/><U57/><E134/><V54/><F12/><W10/><G98/><T2/><D2/><U78/><E40/><V6/><F6/><W101/><G101/><T129/><D129/><U25/><REACH who="1" step="1"/><E49/><REACH who="1" ten="52,238,299,401" step="2"/><V53/><F50/><W107/><G121/><T52/><REACH who="0" step="1"/><D36/><REACH who="0" ten="42,238,299,401" step="2"/><U124/><E124/><V15/><F97/><W13/><G130/><T30/><D30/><U61/><E61/><V100/><F28/><W27/><G69/><T119/><D119/><U125/><E125/><V45/><F35/><W65/><G68/><T109/><D109/><U23/><E23/><V63/><F63/><W71/><G70/><T131/><D131/><U16/><E16/><V32/><F32/><W95/><G71/><T104/><D104/><U118/><E118/><V113/><F106/><W41/><G107/><T75/><D75/><U83/><E83/><V126/><F82/><W0/><G34/><T59/><AGARI ba="0,2" hai="38,42,44,47,51,52,59,62,66,87,88,92,93,94" machi="59" ten="20,8000,1" yaku="1,1,0,1,7,1,54,2,53,0" doraHai="103" doraHaiUra="108" who="0" fromWho="0" sc="42,100,238,-20,299,-20,401,-40" owari="142,-36.0,218,-18.0,279,8.0,361,46.0" /></mjloggm>