<mjloggm ver="2.3"><GO type="169" lobby="0"/><UN n0="%E3%81%9F%E3%81%BE%E5%AD%90" n1="%E7%A5%9E%E4%BB%99%E9%85%B5%E6%AF%8D" n2="%E6%99%82%E9%9B%A8%E8%92%BC%E7%87%95%E6%B5%81" n3="%E8%B1%9A%E3%81%AE%E7%8E%8B" dan="17,19,16,16" rate="2149.09,2278.70,2091.20,2163.25" sx="M,M,M,M"/><TAIKYOKU oya="0"/><INIT seed="0,0,0,4,5,76" ten="250,250,250,250" oya="0" hai0="5,63,93,28,2,38,46,41,122,113,129,128,69" hai1="115,55,36,7,75,12,64,66,126,127,1,35,120" hai2="121,114,19,56,44,6,9,22,13,52,105,54,15" hai3="79,132,11,86,130,29,91,103,3,71,125,118,47"/><T53/><D113/><U10/><E120/><V104/><F121/><W16/><G71/><T8/><D122/><U97/><E115/><V31/><F114/><W83/><G118/><T25/><D93/><U49/><E36/><V102/><F102/><W26/><G132/><T117/><D117/><U42/><E42/><V61/><F31/><W24/><G125/><N who="1" m="47626" /><E35/><V30/><F30/><W109/><G109/><T73/><D73/><U92/><E1/><V124/><REACH who="2" step="1"/><F124/><REACH who="2" ten="250,250,240,250" step="2"/><W134/><G29/><T40/><D28/><U4/><E75/><V80/><F80/><W74/><G83/><T45/><D128/><U89/><E4/><V27/><F27/><W17/><G26/><T82/><D25/><U21/><E21/><V60/><F60/><W87/><G24/><T68/><D129/><U111/><E111/><V85/><F85/><W59/><G87/><T78/><D63/><U108/><E108/><V98/><F98/><W39/><G86/><T37/><REACH who="0" step="1"/><D53/><REACH who="0" ten="240,250,240,250" step="2"/><U106/><E106/><V119/><F119/><W18/><G130/><T51/><D51/><AGARI ba="0,2" hai="6,9,13,15,19,22,44,51,52,54,56,61,104,105" machi="51" ten="40,2600,0" yaku="1,1,54,1,53,0" doraHai="76" doraHaiUra="107" who="2" fromWho="0" sc="240,-26,250,0,240,46,250,0" /><INIT seed="1,0,0,2,4,121" ten="214,250,286,250" oya="1" hai0="68,94,30,31,84,46,49,79,43,63,39,87,56" hai1="133,132,51,1,122,83,104,60,103,127,15,102,23" hai2="45,24,54,37,19,131,67,134,120,115,11,135,107" hai3="124,109,66,81,69,93,91,105,13,85,101,17,8"/><U32/><E1/><V116/><F120/><W126/><G69/><T58/><D79/><U29/><E122/><V44/><F116/><W14/><G66/><T41/><D41/><U112/><E112/><V3/><F107/><W22/><G105/><T16/><D68/><U4/><E127/><N who="3" m="48682" /><G101/><T21/><D39/><U9/><E32/><V71/><F115/><W50/><G50/><T96/><D31/><U35/><E35/><V59/><F131/><W97/><G109/><T36/><D30/><U7/><E51/><V74/><F74/><W111/><G111/><T110/><D110/><U57/><E104/><V28/><F67/><W77/><G14/><T73/><D73/><U26/><E83/><V72/><F72/><W64/><G64/><N who="0" m="39015" /><D58/><U53/><E103/><V100/><F71/><W106/><G106/><T125/><D36/><U92/><E102/><V55/><F100/><W89/><G77/><T38/><D38/><U98/><E98/><V65/><F28/><W34/><G34/><T70/><D70/><U108/><E108/><V117/><F37/><W99/><G99/><T119/><D119/><U90/><E90/><V52/><F3/><W2/><G2/><T76/><D76/><U82/><E82/><V10/><F117/><W0/><G0/><T123/><D123/><U88/><E88/><V129/><F44/><W27/><G27/><N who="0" m="14759" /><D125/><U5/><REACH who="1" step="1"/><E92/><REACH who="1" ten="214,240,286,250" step="2"/><V62/><F45/><W6/><G93/><T18/><D94/><U20/><E20/><N who="2" m="13343" /><F129/><W75/><G97/><T48/><D96/><U61/><E61/><V118/><F118/><W40/><G81/><RYUUKYOKU ba="0,1" sc="214,-15,240,15,286,15,250,-15" hai1="4,5,7,9,15,23,26,29,53,57,60,132,133" hai2="10,11,52,54,55,59,62,65,134,135" /><INIT seed="1,1,1,4,3,69" ten="199,255,301,235" oya="1" hai0="131,129,21,30,53,87,35,103,39,1,77,47,66" hai1="81,111,44,63,85,9,38,49,104,32,59,41,120" hai2="28,126,117,112,109,105,94,89,79,62,83,12,22" hai3="6,29,15,25,64,23,127,118,122,92,84,34,55"/><U90/><E120/><V80/><F117/><W24/><G127/><T98/><D35/><U61/><E32/><V70/><F105/><W31/><G122/><T121/><D1/><U56/><E104/><V71/><F126/><W26/><G118/><T88/><D121/><U60/><E111/><V108/><F112/><W42/><G64/><T67/><D77/><U3/><REACH who="1" step="1"/><E49/><REACH who="1" ten="199,245,301,235" step="2"/><V2/><F109/><W116/><G34/><T101/><D30/><U95/><E95/><V58/><F28/><W107/><G107/><T82/><D129/><U52/><E52/><V119/><F119/><W65/><G116/><T57/><D131/><U123/><E123/><V91/><F108/><W72/><G55/><T54/><D54/><U0/><E0/><V73/><F2/><W13/><G92/><T115/><D53/><U93/><E93/><V37/><F94/><W5/><G31/><T86/><D101/><U40/><E40/><V133/><F83/><W46/><G29/><T17/><D103/><U48/><E48/><V75/><F80/><W68/><G42/><T99/><D82/><U16/><E16/><V33/><F33/><W128/><G128/><T8/><D17/><U50/><E50/><V114/><F114/><W4/><G4/><AGARI ba="1,2" hai="3,4,9,38,41,44,56,59,60,61,63,81,85,90" machi="4" ten="40,3900,0" yaku="1,1,52,1,53,0" doraHai="69" doraHaiUra="124" who="1" fromWho="3" sc="199,0,245,62,301,0,235,-42" /><INIT seed="1,2,0,2,4,54" ten="199,307,301,193" oya="1" hai0="17,64,126,81,98,102,59,43,41,76,133,123,109" hai1="124,93,72,4,28,86,95,30,57,128,116,100,111" hai2="56,31,112,84,19,113,58,60,99,13,79,115,55" hai3="129,73,119,92,85,7,14,61,97,10,47,82,114"/><U83/><E72/><V2/><F2/><W40/><G73/><T5/><D109/><U63/><E116/><V105/><F31/><N who="1" m="11817" /><E128/><V48/><F99/><W12/><G129/><T74/><D133/><U34/><E34/><V80/><F105/><W90/><G114/><T15/><D126/><U121/><E121/><V91/><F79/><W45/><G119/><T50/><D5/><U3/><E3/><V18/><REACH who="2" step="1"/><F13/><REACH who="2" ten="199,307,291,193" step="2"/><W107/><G107/><T32/><D15/><U70/><E124/><V9/><F9/><W69/><G14/><T125/><D125/><U122/><E122/><V94/><F94/><W134/><G134/><T68/><D123/><U66/><E95/><V65/><AGARI ba="2,1" hai="18,19,48,55,56,58,60,65,80,84,91,112,113,115" machi="65" ten="30,8000,1" yaku="1,1,0,1,11,1,52,2,53,0" doraHai="54" doraHaiUra="24" who="2" fromWho="2" sc="199,-22,307,-42,291,96,193,-22" /><INIT seed="2,0,0,4,4,86" ten="177,265,387,171" oya="2" hai0="96,27,55,44,100,41,7,28,23,70,72,135,39" hai1="95,14,10,18,75,57,90,103,1,69,3,68,49" hai2="56,132,93,66,42,128,115,134,21,62,79,74,80" hai3="33,88,122,45,37,67,111,106,112,48,58,8,114"/><V38/><F115/><N who="3" m="44075" /><G106/><T120/><D120/><U127/><E75/><V43/><F128/><W51/><G33/><T54/><D135/><N who="2" m="51754" /><F38/><W13/><G122/><T109/><D109/><U22/><E127/><V16/><F93/><W82/><G111/><T6/><D70/><U52/><E103/><V5/><F5/><N who="3" m="3215" /><G67/><T61/><D72/><U76/><E76/><V59/><F56/><W126/><G58/><T91/><D61/><U40/><E40/><V133/><N who="2" m="51762" /><V94/><DORA hai="2" /><F94/><W63/><G63/><T46/><D91/><U0/><REACH who="1" step="1"/><E10/><REACH who="1" ten="177,255,387,171" step="2"/><V85/><F74/><W113/><G126/><T123/><D123/><U9/><E9/><V131/><F131/><W99/><G113/><T102/><D102/><U4/><E4/><V35/><F35/><W73/><G73/><T107/><REACH who="0" step="1"/><D55/><REACH who="0" ten="167,255,387,171" step="2"/><U116/><E116/><V19/><F43/><N who="3" m="22767" /><G99/><AGARI ba="0,2" hai="0,1,3,14,18,22,49,52,57,68,69,90,95,99" machi="99" ten="40,5200,0" yaku="1,1,52,1,54,1,53,0" doraHai="86,2" doraHaiUra="119,121" who="1" fromWho="3" sc="167,0,255,72,387,0,171,-52" /><INIT seed="3,0,0,2,0,14" ten="167,327,387,119" oya="3" hai0="15,8,9,78,26,122,50,27,131,91,81,121,109" hai1="128,126,134,75,111,63,86,5,39,6,2,79,113" hai2="33,114,30,37,55,36,117,118,3,45,41,87,68" hai3="67,106,100,44,61,48,73,19,112,107,46,76,13"/><W93/><G112/><T83/><D109/><U58/><E86/><V115/><F3/><W51/><G93/><T7/><D131/><U84/><E84/><V94/><F30/><W65/><G76/><T130/><D130/><U77/><E58/><V4/><F4/><W69/><G73/><T96/><D50/><U23/><E23/><V17/><F33/><W12/><G100/><T59/><D59/><U105/><E63/><V0/><F0/><W92/><G92/><T31/><D96/><U56/><E56/><V124/><F68/><W21/><G67/><T16/><D91/><U120/><E6/><V52/><F87/><W35/><G35/><T18/><D15/><U72/><E5/><V32/><F17/><W116/><G13/><T129/><D7/><U11/><E11/><V89/><F32/><W49/><REACH who="3" step="1"/><G116/><REACH who="3" ten="167,327,387,109" step="2"/><T64/><D129/><U88/><E79/><V74/><F74/><W10/><G10/><T60/><D78/><U53/><E77/><V125/><F94/><W99/><G99/><T104/><D64/><U102/><E102/><V82/><F89/><W71/><G71/><T38/><D9/><U110/><E113/><V90/><F90/><W20/><G20/><T70/><D8/><U123/><E75/><V57/><F114/><W54/><G54/><T103/><D70/><U80/><E53/><V108/><F115/><W25/><G25/><T29/><D103/><U40/><E72/><V22/><F22/><W119/><G119/><T28/><D27/><U34/><E34/><V133/><F118/><W24/><G24/><T62/><D26/><RYUUKYOKU ba="0,1" sc="167,-10,327,-10,387,-10,109,30" hai3="12,19,21,44,46,48,49,51,61,65,69,106,107" /><INIT seed="3,1,1,3,1,4" ten="157,317,377,139" oya="3" hai0="105,108,23,75,52,3,82,27,85,109,93,113,63" hai1="77,130,37,107,33,65,7,45,12,117,58,88,32" hai2="56,36,47,95,89,21,66,59,79,92,62,61,81" hai3="118,69,49,101,34,78,1,70,114,104,30,54,0"/><W41/><G118/><T19/><D105/><U38/><E117/><V6/><F6/><W111/><G114/><T80/><D113/><U64/><E107/><V125/><F125/><W8/><G41/><T55/><D3/><U97/><E77/><V35/><F35/><W9/><G78/><N who="0" m="44127" /><D93/><U83/><E33/><V120/><F120/><W73/><G73/><T31/><D63/><U126/><E32/><V122/><F122/><W129/><G0/><T72/><D31/><U87/><E126/><V25/><F47/><W28/><G1/><T124/><D72/><U133/><E133/><V15/><F36/><W16/><G129/><T11/><D11/><N who="1" m="4223" /><E38/><V86/><F15/><W51/><G111/><N who="0" m="42571" /><D124/><U68/><E37/><V106/><F106/><W71/><G104/><T67/><D67/><U102/><E68/><V57/><F79/><AGARI ba="1,1" hai="19,23,27,52,55,79,82,85" m="42571,44127" machi="79" ten="30,2000,0" yaku="14,1,54,1" doraHai="4" who="0" fromWho="2" sc="157,33,317,0,377,-23,139,0" /><INIT seed="4,0,0,3,5,4" ten="190,317,354,139" oya="0" hai0="115,17,7,106,129,59,91,52,53,96,36,33,121" hai1="76,14,132,31,117,47,25,44,54,68,87,102,100" hai2="89,29,15,38,22,131,41,133,120,28,58,65,110" hai3="118,26,11,23,104,20,27,88,49,124,48,86,119"/><T123/><D33/><U37/><E117/><V77/><F110/><W72/><G72/><T125/><D36/><U46/><E68/><V128/><F120/><W30/><G104/><T79/><D115/><U19/><E132/><V83/><F133/><W32/><G124/><T111/><D125/><U8/><E37/><V85/><F65/><W43/><G119/><T39/><D39/><U57/><E87/><V98/><F58/><W61/><G118/><T108/><D79/><U116/><E76/><V35/><F35/><W99/><G99/><T1/><D17/><U51/><REACH who="1" step="1"/><E116/><REACH who="1" ten="190,307,354,139" step="2"/><V45/><F77/><W122/><G122/><T97/><D123/><U82/><E82/><V105/><F85/><W66/><G43/><T67/><D121/><U80/><E80/><V10/><F83/><W6/><G86/><T75/><D111/><U3/><E3/><V94/><F41/><W42/><G42/><T135/><D108/><U0/><E0/><V109/><F38/><W130/><G130/><T18/><D129/><U127/><E127/><V81/><F81/><W73/><G73/><T113/><D75/><U114/><E114/><V134/><F134/><W74/><G74/><T107/><D1/><U64/><E64/><V16/><F109/><W78/><G78/><T9/><D67/><U12/><E12/><V21/><F128/><W71/><G27/><T13/><D135/><U103/><E103/><V55/><F89/><W60/><G88/><T56/><D91/><U63/><E63/><V101/><F101/><W90/><G90/><T112/><D113/><U70/><E70/><RYUUKYOKU ba="0,1" sc="190,-10,307,30,354,-10,139,-10" hai1="8,14,19,25,31,44,46,47,51,54,57,100,102" /><INIT seed="5,1,1,2,1,1" ten="180,337,344,129" oya="1" hai0="15,10,89,74,4,95,30,98,75,45,101,16,114" hai1="121,28,22,72,29,8,123,128,104,21,17,116,52" hai2="127,54,35,69,38,118,34,0,55,80,67,14,112" hai3="135,2,108,131,71,87,100,134,20,57,11,64,105"/><U44/><E116/><V47/><F118/><W43/><G108/><T99/><D114/><U125/><E72/><V46/><F0/><W111/><G111/><T103/><D30/><U51/><E104/><V122/><F122/><W32/><G57/><T109/><D109/><U110/><E110/><V129/><F112/><W120/><G20/><T126/><D126/><U81/><E125/><V13/><F129/><W92/><G43/><T78/><D78/><U59/><E128/><V62/><F127/><W94/><G131/><T124/><D124/><U113/><E113/><V106/><F80/><W7/><G32/><T96/><D45/><U39/><E8/><V107/><F67/><W5/><G120/><T88/><D103/><U130/><E130/><V19/><F62/><N who="3" m="40343" /><G87/><T90/><D75/><U77/><E39/><V85/><F85/><W84/><G84/><T18/><D74/><U73/><E59/><V48/><F69/><W93/><G11/><T68/><D68/><U6/><E22/><V50/><F19/><AGARI ba="1,1" hai="4,10,15,16,18,19,88,89,90,95,96,98,99,101" machi="19" ten="40,8000,1" yaku="8,1,52,1,54,2" doraHai="1" who="0" fromWho="2" sc="180,93,337,0,344,-83,129,0" /><INIT seed="6,0,0,0,1,13" ten="273,337,261,129" oya="2" hai0="80,32,66,44,97,103,47,29,129,11,85,5,31" hai1="26,115,23,24,55,25,114,122,63,51,34,75,67" hai2="111,91,92,30,109,84,10,93,126,58,46,7,82" hai3="61,60,124,43,133,134,22,78,102,38,74,131,12"/><V72/><F126/><W54/><G102/><T99/><D129/><U49/><E75/><V81/><F46/><N who="3" m="23927" /><G78/><T89/><D66/><U95/><E34/><V41/><F41/><W107/><G107/><T4/><D4/><U1/><E1/><V128/><F128/><W71/><G74/><T39/><D97/><U35/><E35/><V18/><F30/><W70/><G131/><T135/><D135/><N who="3" m="51721" /><G124/><T127/><D127/><U79/><E79/><V20/><F58/><N who="3" m="34903" /><G61/><T68/><D31/><U132/><E95/><V59/><F59/><W36/><G36/><T6/><D39/><U120/><E132/><V100/><F81/><W118/><G118/><T50/><D5/><U98/><E98/><V3/><F72/><W15/><G15/><T108/><D99/><U16/><E26/><N who="2" m="14615" /><F100/><W117/><G117/><T42/><D103/><U86/><E25/><V87/><F87/><W105/><G105/><T83/><D29/><U101/><E86/><V56/><F56/><W94/><G94/><T48/><D32/><U37/><E101/><V116/><F116/><W88/><G88/><T110/><D80/><U33/><E37/><V104/><F104/><W76/><G76/><T21/><D83/><U73/><E73/><V19/><F19/><AGARI ba="0,0" hai="12,19,22,70,71" m="34903,51721,23927" machi="19" ten="30,2000,0" yaku="20,1,52,1" doraHai="13" who="3" fromWho="2" sc="273,0,337,0,261,-20,129,20" /><INIT seed="7,0,0,1,4,57" ten="273,337,241,149" oya="3" hai0="48,110,62,39,59,30,18,5,13,12,132,119,8" hai1="41,61,38,9,91,10,131,113,4,80,121,23,94" hai2="107,116,90,47,0,1,123,25,102,104,32,77,70" hai3="68,111,83,86,78,50,117,98,120,33,82,43,122"/><W27/><G117/><T40/><D110/><U114/><E121/><V63/><F116/><W99/><G111/><T54/><D119/><U67/><E131/><V16/><F123/><W45/><G68/><T14/><D132/><U125/><E125/><V135/><F135/><W93/><G83/><T129/><D39/><U75/><E23/><V66/><F77/><W49/><G99/><T71/><D129/><U126/><E126/><V89/><F47/><W79/><G79/><T87/><D30/><U133/><E133/><V65/><F65/><W35/><G35/><T19/><D71/><N who="1" m="42479" /><E41/><V22/><F32/><W3/><G3/><T109/><D109/><U15/><E10/><V134/><F134/><W29/><REACH who="3" step="1"/><G50/><REACH who="3" ten="273,337,241,139" step="2"/><T112/><D48/><U106/><E80/><V108/><F108/><W26/><G26/><T52/><D13/><U72/><E15/><V124/><F124/><W105/><G105/><T101/><D14/><N who="1" m="5415" /><E106/><V58/><F107/><W76/><G76/><T130/><D112/><N who="1" m="43115" /><E38/><V74/><F70/><W20/><G20/><T56/><D87/><AGARI ba="0,1" hai="72,75,87,91,94" m="43115,5415,42479" machi="87" ten="30,2000,0" yaku="15,1,52,1" doraHai="57" who="1" fromWho="0" sc="273,-20,337,30,241,0,139,0" owari="253,5.0,367,47.0,241,-16.0,139,-36.0" /></mjloggm>