<mjloggm ver="2.3"><GO type="169" lobby="0"/><UN n0="%4D%4C%5A%4E%55%2D%53%4B" n1="%E8%8D%92%E6%9C%A8%E6%AF%94%E5%A5%88" n2="%E3%83%90%E3%82%AD" n3="%E3%83%89%E3%83%A9%E3%82%B4%E3%83%B3%48%49%44%45" dan="16,17,17,16" rate="2134.21,2154.73,2207.18,2106.82" sx="F,F,M,M"/><TAIKYOKU oya="0"/><INIT seed="0,0,0,2,4,48" ten="250,250,250,250" oya="0" hai0="42,26,56,49,68,107,75,67,14,126,80,36,83" hai1="118,59,105,70,20,17,53,99,122,106,55,30,13" hai2="6,72,43,76,82,2,86,96,5,27,15,109,35" hai3="38,23,21,90,28,40,95,116,54,110,124,57,85"/><T62/><D107/><U98/><E122/><V22/><F2/><W121/><G116/><T131/><D75/><U18/><E70/><V129/><F35/><W25/><G110/><T29/><D131/><U111/><E118/><V47/><F109/><W115/><G115/><T130/><D130/><U127/><E30/><V78/><F129/><W19/><G121/><T91/><D14/><U81/><E127/><V58/><F58/><W10/><G124/><T77/><D77/><U119/><E119/><V16/><F96/><W66/><G66/><T93/><D36/><U97/><E59/><V132/><F132/><W61/><G10/><T46/><D68/><U79/><E111/><V34/><F34/><W117/><G117/><T87/><REACH who="0" step="1"/><D126/><REACH who="0" ten="240,250,250,250" step="2"/><U11/><E106/><V7/><F72/><W135/><G135/><T39/><D39/><U108/><E105/><V103/><F76/><W101/><G101/><T63/><D63/><U84/><E108/><V65/><F103/><W92/><G38/><T45/><D45/><U123/><E123/><V71/><F71/><W52/><G40/><T73/><D73/><U94/><E94/><V125/><F125/><W24/><REACH who="3" step="1"/><G95/><REACH who="3" ten="240,250,250,240" step="2"/><T100/><D100/><U0/><REACH who="1" step="1"/><E0/><REACH who="1" ten="240,240,250,240" step="2"/><V74/><F43/><W50/><G50/><T12/><D12/><AGARI ba="0,3" hai="11,12,13,17,18,20,53,55,79,81,84,97,98,99" machi="12" ten="40,8000,1" yaku="1,1,2,1,8,1,52,2,53,0" doraHai="48" doraHaiUra="112" who="1" fromWho="0" sc="240,-80,240,110,250,0,240,0" /><INIT seed="1,0,0,0,5,106" ten="160,350,250,240" oya="1" hai0="20,89,95,11,37,4,75,9,102,41,56,132,28" hai1="25,100,1,99,61,79,118,88,6,117,74,22,13" hai2="10,15,58,29,123,67,19,133,105,26,31,128,52" hai3="98,39,122,2,114,24,21,53,71,0,45,127,78"/><U35/><E61/><V130/><F123/><W131/><G122/><T3/><D132/><U119/><E1/><V94/><F105/><W97/><G114/><T38/><D11/><U116/><E35/><V82/><F67/><W91/><G127/><T36/><D102/><U76/><N who="1" m="29696" /><DORA hai="64" /><U49/><E49/><V111/><F111/><W72/><G131/><N who="2" m="50217" /><F133/><W110/><G110/><T113/><D56/><U65/><E65/><V66/><F66/><W50/><G71/><T85/><D113/><U44/><E44/><V23/><F94/><W55/><G98/><T32/><D32/><U120/><E120/><V8/><F82/><W54/><G39/><T104/><D104/><U129/><E129/><V69/><F69/><W83/><G91/><T134/><D134/><U124/><E124/><V5/><F8/><W30/><REACH who="3" step="1"/><G97/><REACH who="3" ten="160,350,250,230" step="2"/><T51/><D36/><U87/><E99/><V43/><F43/><AGARI ba="0,1" hai="0,2,21,24,30,43,45,50,53,54,55,72,78,83" machi="43" ten="40,5200,0" yaku="1,1,2,1,52,1,53,0" doraHai="106,64" doraHaiUra="60,70" who="3" fromWho="2" sc="160,0,350,0,250,-52,230,62" /><INIT seed="2,0,0,2,0,17" ten="160,350,198,292" oya="2" hai0="117,40,21,108,3,29,55,34,94,84,25,57,72" hai1="37,8,24,78,77,95,105,66,96,35,11,124,41" hai2="93,132,68,81,76,85,127,38,89,102,104,56,114" hai3="101,121,113,20,74,116,18,100,48,28,98,61,97"/><V6/><F68/><W126/><G116/><T5/><D108/><U14/><E105/><V4/><F114/><W63/><G121/><T62/><D72/><U123/><E124/><V67/><F38/><W86/><G126/><T103/><D117/><U7/><E66/><V83/><F127/><W119/><G119/><T122/><D122/><U87/><E37/><V51/><F132/><W16/><G74/><T33/><D40/><U71/><E41/><V112/><F112/><W60/><G113/><T79/><D3/><U39/><E71/><V36/><F36/><W58/><G86/><T106/><D5/><U44/><E44/><V129/><F83/><W92/><G28/><T69/><D69/><U82/><E39/><V118/><F129/><W135/><G135/><T26/><D106/><U1/><E35/><V54/><F67/><W47/><G58/><T91/><D103/><N who="3" m="39497" /><G92/><T2/><D2/><U45/><E45/><V73/><REACH who="2" step="1"/><F118/><REACH who="2" ten="160,350,188,292" step="2"/><W13/><G18/><T111/><D111/><U52/><E123/><V30/><F30/><W53/><AGARI ba="0,1" hai="13,16,20,47,48,53,60,61,63,97,98" m="39497" machi="53" ten="30,4000,0" yaku="8,1,52,1,54,1" doraHai="17" who="3" fromWho="3" sc="160,-10,350,-10,188,-20,292,50" /><INIT seed="3,0,0,0,2,88" ten="150,340,168,342" oya="3" hai0="65,84,30,11,125,109,94,50,17,49,26,131,73" hai1="36,81,29,128,35,23,95,92,42,119,45,103,100" hai2="105,72,37,89,27,74,135,85,44,34,5,107,108" hai3="91,110,24,98,0,38,67,102,101,60,18,121,66"/><W127/><G121/><T21/><D73/><U104/><E35/><V57/><F108/><W120/><G120/><T13/><D109/><U64/><E104/><V40/><F135/><W9/><G110/><T52/><D125/><U59/><E128/><V33/><F5/><W62/><G127/><T19/><D131/><U78/><E119/><V51/><F74/><W4/><G38/><T112/><D65/><U63/><E29/><V16/><F72/><W106/><G102/><T48/><D112/><U76/><E23/><V69/><F69/><W68/><G91/><N who="0" m="53607" /><D19/><U93/><REACH who="1" step="1"/><E76/><REACH who="1" ten="150,330,168,342" step="2"/><V114/><F34/><W56/><G24/><T90/><D90/><U71/><E71/><V134/><F33/><W43/><G43/><T80/><D80/><U31/><E31/><V83/><F114/><W133/><G133/><T47/><AGARI ba="0,1" hai="11,13,17,21,26,30,47,48,49,50,52" m="53607" machi="47" ten="30,4000,0" yaku="8,1,52,1,54,1" doraHai="88" who="0" fromWho="0" sc="150,50,330,-10,168,-10,342,-20" /><INIT seed="4,0,0,3,2,95" ten="200,320,158,322" oya="0" hai0="105,108,8,76,53,39,27,90,88,110,130,79,134" hai1="113,38,29,129,7,26,42,28,117,34,114,106,59" hai2="104,73,85,60,75,33,2,40,61,63,0,23,135" hai3="12,74,69,77,87,97,31,101,89,78,4,22,68"/><T46/><D105/><U127/><E106/><V21/><F33/><W109/><G109/><N who="0" m="42091" /><D130/><U94/><E129/><V36/><F104/><W50/><G74/><T51/><D134/><U48/><E117/><V118/><F135/><W55/><G69/><T72/><D72/><N who="2" m="27722" /><F85/><W5/><G68/><T10/><D27/><U47/><E127/><V122/><F40/><W91/><G101/><T49/><D39/><U107/><E107/><V58/><F58/><N who="3" m="33143" /><G31/><T66/><D66/><U132/><E132/><V54/><F54/><W93/><G5/><T43/><D8/><U70/><E7/><V35/><F35/><W71/><G71/><T99/><D10/><U13/><E70/><V44/><F36/><W64/><G64/><T52/><D43/><U57/><E29/><V82/><F118/><W15/><G4/><T62/><D62/><U32/><E32/><V126/><F126/><W102/><G102/><T111/><D90/><U120/><E38/><V92/><F63/><W16/><G12/><T115/><D115/><N who="1" m="44043" /><E13/><V119/><F119/><W128/><G128/><T45/><D111/><U96/><E120/><V9/><F122/><W80/><AGARI ba="0,0" hai="15,16,22,77,78,80,87,89,91,93,97" m="33143" machi="80" ten="30,4000,0" yaku="8,1,52,1,54,1" doraHai="95" who="3" fromWho="3" sc="200,-20,320,-10,158,-10,322,40" /><INIT seed="5,0,0,0,4,9" ten="180,310,148,362" oya="1" hai0="23,51,14,115,98,74,34,64,6,86,109,106,99" hai1="113,17,107,49,5,42,16,56,55,125,22,57,63" hai2="15,43,12,41,38,70,1,111,101,40,121,33,120" hai3="8,131,54,78,112,72,28,124,24,47,66,126,7"/><U110/><E107/><V103/><F33/><N who="3" m="20615" /><G66/><T90/><D74/><U19/><E113/><V77/><F1/><N who="3" m="111" /><G54/><T44/><D34/><U45/><E125/><N who="3" m="48234" /><G47/><T114/><D64/><N who="1" m="39015" /><E5/><V82/><F111/><W18/><G112/><N who="0" m="43051" /><D106/><U13/><E110/><V104/><F38/><W132/><G78/><T95/><D6/><U91/><E91/><V61/><F61/><AGARI ba="0,0" hai="13,16,17,19,22,42,45,49,55,57,61" m="39015" machi="61" ten="30,5800,0" yaku="8,1,52,1,54,1" doraHai="9" who="1" fromWho="2" sc="180,0,310,58,148,-58,362,0" /><INIT seed="5,1,0,0,0,35" ten="180,368,90,362" oya="1" hai0="121,111,9,55,33,75,39,11,43,8,99,135,116" hai1="86,93,98,38,15,103,70,46,88,130,123,114,66" hai2="110,115,126,71,129,23,57,12,97,113,109,60,51" hai3="28,104,0,24,95,47,117,1,30,56,65,83,18"/><U45/><E123/><V122/><F23/><W80/><G104/><T85/><D75/><U58/><E70/><V127/><F12/><W67/><G18/><T29/><D111/><N who="2" m="42506" /><F97/><W63/><G47/><T53/><D99/><U73/><E73/><V49/><F122/><W41/><G41/><T61/><D29/><U128/><E114/><N who="2" m="43531" /><F71/><W4/><G4/><T84/><D33/><U17/><E66/><N who="2" m="39183" /><F129/><N who="1" m="49769" /><E38/><V91/><F91/><W32/><G117/><T125/><D116/><U14/><E58/><V107/><F107/><W119/><G119/><T44/><D39/><U48/><E17/><V21/><F21/><W81/><G67/><T133/><D121/><U118/><E118/><V37/><F37/><W7/><G7/><T22/><D22/><U3/><E3/><V19/><F19/><W40/><G40/><T134/><D43/><N who="1" m="24639" /><E46/><V124/><AGARI ba="1,0" hai="49,51,124,126,127" m="39183,43531,42506" machi="124" ten="40,8000,1" yaku="18,1,15,1,11,1,34,2" doraHai="35" who="2" fromWho="2" sc="180,-21,368,-41,90,83,362,-21" /><INIT seed="6,0,0,0,0,71" ten="159,327,173,341" oya="2" hai0="57,102,120,69,125,76,42,37,30,66,36,17,22" hai1="101,55,121,96,11,129,126,0,45,132,79,87,130" hai2="73,104,81,33,58,117,14,48,53,112,4,134,105" hai3="131,44,43,115,54,41,89,92,110,67,135,68,5"/><V65/><F117/><W113/><G110/><T3/><D120/><U123/><E0/><V40/><F33/><W15/><G135/><T99/><D3/><U83/><E11/><V10/><F134/><W52/><G131/><N who="1" m="50186" /><E132/><V47/><F65/><W128/><G128/><T93/><D69/><U39/><E55/><N who="3" m="21034" /><G67/><T72/><D42/><N who="3" m="15881" /><G68/><T118/><D17/><U78/><E45/><V88/><F112/><N who="3" m="43083" /><G44/><T119/><D125/><U75/><E126/><V26/><F26/><W97/><G15/><T24/><D119/><U80/><E39/><V84/><REACH who="2" step="1"/><F73/><REACH who="2" ten="159,327,163,341" step="2"/><W28/><G28/><T100/><D118/><U127/><E127/><V86/><F86/><W90/><G5/><T82/><D100/><AGARI ba="0,1" hai="89,90,92,97,100" m="43083,15881,21034" machi="100" ten="30,3900,0" yaku="15,1,11,1,54,1" doraHai="71" who="3" fromWho="0" sc="159,-39,327,0,163,0,341,49" /><INIT seed="7,0,0,4,3,46" ten="120,327,163,390" oya="3" hai0="34,14,24,130,1,94,41,76,75,39,47,5,72" hai1="12,43,16,71,49,117,23,113,129,80,13,74,102" hai2="26,37,124,133,109,64,62,78,15,87,77,61,31" hai3="65,22,30,66,103,73,53,45,101,8,6,126,119"/><W98/><G119/><T99/><D130/><U134/><E71/><V83/><F109/><W121/><G121/><T132/><D132/><U33/><E134/><V97/><F133/><W85/><G73/><T35/><D14/><U110/><E129/><V82/><F37/><W48/><G126/><T50/><D24/><U58/><E33/><V131/><F124/><W115/><G115/><T69/><D69/><U111/><E113/><V104/><F131/><W25/><G85/><T32/><D76/><U54/><E117/><V86/><F15/><W96/><G96/><T118/><D118/><U51/><E102/><V10/><F10/><W56/><G45/><T127/><D127/><U20/><E74/><V57/><F62/><W108/><G103/><T18/><D18/><U120/><E120/><V95/><F104/><W70/><G70/><T100/><REACH who="0" step="1"/><D39/><REACH who="0" ten="110,327,163,390" step="2"/><U81/><E16/><V68/><F68/><W19/><G108/><T40/><D40/><U116/><E116/><V89/><F31/><W55/><G19/><T28/><D28/><U44/><E111/><V107/><F107/><W17/><G17/><T27/><D27/><AGARI ba="0,1" hai="26,27,57,61,64,77,78,82,83,86,87,89,95,97" machi="27" ten="40,2600,0" yaku="9,1,8,1" doraHai="46" who="2" fromWho="0" sc="110,-26,327,0,163,36,390,0" owari="84,-42.0,327,13.0,199,-20.0,390,49.0" /></mjloggm>