<mjloggm ver="2.3"><GO type="225" lobby="0"/><UN n0="%E5%85%88%E7%89%A9%E3%81%AF%74%72%61%73%68" n1="%E5%8B%95%E7%89%A9%E5%9C%92%E3%81%AE%E3%81%8F%E3%82%8D" n2="%E3%81%B8%E3%82%80%E3%81%B8%E3%82%80%EF%BC%92%E5%8F%B7" n3="%E3%83%AD%E3%83%83%E3%83%86%E9%9B%80%E7%90%83" dan="17,16,16,18" rate="2224.68,2143.77,2114.24,2189.57" sx="M,M,M,F"/><TAIKYOKU oya="0"/><INIT seed="0,0,0,0,3,87" ten="250,250,250,250" oya="0" hai0="120,50,31,65,12,90,48,20,103,7,69,26,115" hai1="80,128,8,10,27,68,49,118,46,38,82,132,53" hai2="98,3,16,105,25,122,96,30,126,18,119,111,83" hai3="79,67,77,54,95,94,22,5,41,135,81,61,14"/><T52/><D115/><U60/><E118/><V130/><F122/><W86/><G135/><T63/><D120/><U4/><E132/><V102/><F119/><W108/><G108/><T36/><D36/><U24/><E128/><V133/><F130/><W32/><G32/><T37/><D37/><U23/><E38/><V101/><F133/><W99/><G41/><T29/><D103/><U89/><E27/><V35/><F111/><W91/><G54/><T70/><D70/><U71/><E10/><V34/><F126/><W39/><G39/><T75/><D75/><U55/><E55/><V51/><F3/><W104/><G104/><T64/><D64/><U125/><E125/><V56/><F83/><W124/><G95/><T131/><D131/><U106/><E106/><V57/><F35/><W88/><G124/><T84/><D31/><U116/><E116/><V85/><F85/><W28/><G5/><T73/><D73/><U97/><E60/><V74/><F74/><W109/><G109/><T100/><D100/><U92/><E71/><V76/><F76/><W129/><G129/><T45/><D50/><U19/><REACH who="1" step="1"/><E68/><REACH who="1" ten="250,240,250,250" step="2"/><V40/><F51/><W112/><G112/><T62/><D69/><U33/><E33/><V127/><F127/><W0/><G0/><AGARI ba="0,1" hai="0,4,8,19,23,24,46,49,53,80,82,89,92,97" machi="0" ten="30,3900,0" yaku="1,1,7,1,52,1,53,0" doraHai="87" doraHaiUra="113" who="1" fromWho="3" sc="250,0,240,49,250,0,250,-39" /><INIT seed="1,0,0,0,2,26" ten="250,289,250,211" oya="1" hai0="62,13,125,21,122,32,91,0,102,100,120,101,19" hai1="24,81,49,60,53,83,12,10,35,43,110,33,52" hai2="71,11,14,72,76,79,106,127,121,130,66,69,126" hai3="115,45,111,132,114,7,16,63,128,67,40,39,78"/><U109/><E43/><V90/><F121/><N who="0" m="46698" /><D0/><U85/><E60/><V134/><F134/><W5/><G132/><T55/><D125/><N who="2" m="47626" /><F130/><W73/><G128/><T103/><D32/><U51/><E51/><V99/><F72/><W87/><G73/><T74/><D74/><U107/><E107/><V28/><F28/><W118/><G111/><N who="1" m="42506" /><E83/><V70/><F66/><W36/><G36/><T104/><D91/><N who="1" m="51631" /><E24/><V20/><F20/><W131/><G131/><T65/><D55/><N who="1" m="21067" /><E49/><V27/><F27/><W59/><G40/><T116/><D104/><U86/><E86/><V112/><F112/><W108/><G87/><T50/><D50/><U113/><E113/><V105/><F105/><W123/><G108/><T133/><D133/><U6/><AGARI ba="0,0" hai="6,10,12,33,35" m="21067,51631,42506" machi="6" ten="30,6000,0" yaku="14,1,10,1,54,1" doraHai="26" who="1" fromWho="1" sc="250,-20,289,60,250,-20,211,-20" /><INIT seed="1,1,0,3,5,71" ten="230,349,230,191" oya="1" hai0="82,4,100,47,13,121,94,39,123,112,6,124,119" hai1="102,16,97,0,3,9,74,122,111,72,105,68,132" hai2="96,11,41,84,64,92,1,26,30,99,79,35,87" hai3="19,43,106,42,56,57,104,7,10,29,85,70,15"/><U31/><E122/><N who="0" m="46601" /><D119/><U88/><E132/><V2/><F64/><W46/><G70/><T135/><D112/><U130/><E130/><V54/><F41/><W58/><G29/><T116/><D116/><U52/><E68/><V83/><F54/><W61/><G61/><T93/><D135/><U75/><E111/><V24/><F24/><W65/><G65/><T37/><D124/><U78/><E31/><V8/><F8/><W63/><G63/><T80/><D47/><U89/><E78/><V103/><F87/><W66/><G66/><T12/><D94/><U40/><E40/><V118/><F118/><W62/><G62/><T120/><D120/><U22/><E52/><V91/><REACH who="2" step="1"/><F11/><REACH who="2" ten="230,349,220,191" step="2"/><W28/><G43/><T49/><D13/><U53/><E53/><V113/><F113/><W114/><G114/><T33/><D12/><U38/><E9/><V18/><F18/><W51/><G19/><T126/><D126/><U50/><E3/><V128/><F128/><W134/><G134/><T133/><D133/><U115/><E0/><V101/><F101/><W76/><REACH who="3" step="1"/><G28/><REACH who="3" ten="230,349,220,181" step="2"/><T81/><D6/><U117/><E115/><V27/><F27/><W36/><G36/><T25/><D4/><U44/><E38/><V73/><F73/><W20/><G20/><T60/><D60/><U21/><E117/><V23/><F23/><W5/><G5/><T131/><D131/><U55/><REACH who="1" step="1"/><E22/><REACH who="1" ten="230,339,220,181" step="2"/><V32/><F32/><W125/><G125/><T67/><D33/><U98/><E98/><V77/><F77/><W129/><G129/><T95/><D39/><U59/><E59/><RYUUKYOKU ba="1,3" sc="230,-30,339,10,220,10,181,10" hai1="16,21,44,50,55,72,74,75,88,89,97,102,105" hai2="1,2,26,30,35,79,83,84,91,92,96,99,103" hai3="7,10,15,42,46,51,56,57,58,76,85,104,106" /><INIT seed="1,2,3,4,4,110" ten="200,349,230,191" oya="1" hai0="41,11,28,52,4,57,34,126,12,120,17,76,100" hai1="20,114,2,70,85,124,51,94,55,49,77,125,122" hai2="118,38,115,43,123,88,87,16,48,69,53,10,54" hai3="40,15,105,22,71,82,84,116,61,65,129,79,134"/><U21/><E122/><V19/><F118/><W109/><G105/><T106/><D120/><U45/><E2/><V113/><F69/><W102/><G109/><T112/><D112/><N who="2" m="43082" /><F123/><W0/><G0/><T86/><D41/><U1/><E114/><V108/><F108/><W24/><G102/><T3/><D126/><U23/><E1/><V99/><F99/><W130/><G134/><T67/><D67/><U80/><E70/><V25/><F25/><W58/><G116/><T68/><D68/><U44/><REACH who="1" step="1"/><E94/><REACH who="1" ten="200,339,230,191" step="2"/><N who="2" m="54559" /><F38/><W29/><G71/><T33/><D3/><U60/><E60/><V5/><F43/><AGARI ba="2,4" hai="20,21,23,43,44,45,49,51,55,77,80,85,124,125" machi="43" ten="40,2000,0" yaku="1,1,53,0" doraHai="110" doraHaiUra="90" who="1" fromWho="2" sc="200,0,339,66,230,-26,191,0" /><INIT seed="1,3,0,2,1,26" ten="200,405,204,191" oya="1" hai0="112,43,76,46,40,22,91,123,60,126,8,36,48" hai1="33,98,34,85,100,23,101,39,14,105,132,121,120" hai2="9,110,27,54,73,65,84,117,20,64,107,130,30" hai3="18,57,115,59,50,90,125,10,53,12,44,81,92"/><U108/><E132/><V111/><F117/><W116/><G125/><T87/><D112/><U134/><E39/><V88/><F73/><W61/><G115/><T31/><D126/><U55/><E134/><V63/><F107/><W21/><G116/><T80/><D123/><U135/><E135/><V68/><F130/><W41/><G81/><T119/><D119/><U7/><E101/><V11/><F64/><W56/><REACH who="3" step="1"/><G10/><REACH who="3" ten="200,405,204,181" step="2"/><T2/><D8/><U5/><E120/><V17/><F11/><W67/><G67/><T13/><D2/><U19/><E121/><V118/><F118/><W1/><G1/><T127/><D127/><U29/><E108/><V74/><F74/><W95/><G95/><T97/><D80/><U77/><E105/><V72/><F72/><W106/><G106/><T113/><D113/><U129/><E129/><V3/><F3/><W89/><G89/><T32/><D91/><U78/><E78/><V99/><F9/><W42/><G42/><T4/><D40/><U71/><E77/><V114/><F114/><W6/><G6/><T133/><D4/><U62/><E5/><V25/><F54/><W79/><G79/><T75/><D133/><U16/><E7/><V104/><F104/><W38/><G38/><T83/><D36/><U37/><E55/><V96/><F111/><W109/><G109/><T93/><D75/><U28/><E37/><V102/><F110/><W69/><G69/><T128/><D128/><U45/><E71/><V47/><F68/><W15/><G15/><T24/><D13/><U70/><E14/><V103/><F65/><RYUUKYOKU ba="3,1" sc="200,-10,405,-10,204,-10,181,30" hai3="12,18,21,41,44,50,53,56,57,59,61,90,92" /><INIT seed="2,4,1,3,0,113" ten="190,395,194,211" oya="2" hai0="76,53,1,5,91,55,64,110,124,46,29,65,2" hai1="35,41,112,98,42,50,130,52,105,99,116,111,73" hai2="75,123,13,33,47,17,9,66,103,14,20,19,133" hai3="30,23,122,10,16,32,80,108,62,7,57,115,92"/><V3/><F123/><W34/><G122/><T94/><D76/><U125/><E112/><V68/><F133/><W78/><G115/><T85/><D110/><U81/><E116/><V96/><F33/><W44/><G30/><T58/><D124/><U8/><E35/><V31/><F75/><W128/><G128/><T131/><D131/><U126/><E111/><V134/><F134/><W90/><G44/><T39/><D29/><U4/><E130/><V27/><F3/><W72/><G108/><T0/><D5/><U71/><E71/><V74/><F74/><W135/><G135/><T87/><D87/><U101/><E99/><V104/><F47/><W21/><G21/><T15/><D15/><U86/><E73/><V89/><F89/><W48/><G48/><T56/><D56/><U93/><E105/><V22/><REACH who="2" step="1"/><F68/><REACH who="2" ten="190,395,184,211" step="2"/><W70/><G70/><T40/><REACH who="0" step="1"/><D55/><REACH who="0" ten="180,395,184,211" step="2"/><U54/><E126/><V97/><F97/><W117/><G72/><T26/><D26/><U119/><E125/><V121/><F121/><W37/><G78/><T100/><D100/><U45/><E54/><V38/><F38/><W18/><G37/><T79/><D79/><U88/><REACH who="1" step="1"/><E119/><REACH who="1" ten="180,385,184,211" step="2"/><V106/><F106/><W43/><G117/><T69/><D69/><U120/><E120/><V11/><F11/><W114/><G10/><T84/><D84/><U25/><E25/><V6/><F6/><W107/><G7/><T102/><D102/><U132/><E132/><V61/><F61/><AGARI ba="4,4" hai="0,1,2,39,40,46,53,58,61,64,65,85,91,94" machi="61" ten="40,1300,0" yaku="1,1,53,0" doraHai="113" doraHaiUra="28" who="0" fromWho="2" sc="180,65,385,0,184,-25,211,0" /><INIT seed="3,0,0,1,1,23" ten="245,385,159,211" oya="3" hai0="100,93,8,127,16,76,95,113,91,77,25,41,39" hai1="73,115,60,120,110,4,9,10,5,133,97,42,24" hai2="66,59,62,79,20,74,27,63,3,49,118,29,124" hai3="55,53,106,69,52,40,48,21,1,81,82,50,26"/><W37/><G106/><T67/><D127/><U123/><E110/><V56/><F118/><W28/><G69/><T104/><D67/><U116/><E73/><V88/><F124/><W11/><G37/><T33/><D95/><U130/><E133/><V71/><F3/><W47/><REACH who="3" step="1"/><G50/><REACH who="3" ten="245,385,159,201" step="2"/><T2/><D39/><U101/><E120/><V36/><F36/><W80/><G80/><T38/><D38/><U13/><E123/><V99/><F49/><W121/><G121/><T122/><D104/><U132/><E132/><V75/><F79/><W31/><G31/><T54/><D76/><U86/><E116/><V111/><F111/><W58/><G58/><T109/><D77/><U103/><E115/><V90/><F71/><W84/><G84/><T7/><D113/><U105/><E86/><V14/><F14/><W96/><G96/><T114/><D114/><U22/><E13/><V19/><F99/><W129/><G129/><T83/><D109/><U34/><E97/><V65/><F29/><W30/><G30/><T107/><D122/><U61/><E130/><V51/><F51/><W135/><G135/><T70/><D70/><U72/><E72/><AGARI ba="0,1" hai="19,20,27,56,59,62,63,65,66,72,74,75,88,90" machi="72" ten="40,5200,0" yaku="9,1,52,1,54,1" doraHai="23" who="2" fromWho="1" sc="245,0,385,-52,159,62,201,0" owari="245,5.0,333,43.0,221,-18.0,201,-30.0" /></mjloggm>