<mjloggm ver="2.3"><GO type="169" lobby="0"/><UN n0="%E3%82%82%E3%82%8A%E3%82%82%E3%82%8A%E3%81%8A%E3%81%AB%E3%81%8E%E3%82%8A" n1="%E3%83%A4%E3%83%8A%E3%83%AA%E3%83%B3%E3%82%B9%E3%82%AD%E3%83%BC" n2="%6B%6F%74%61%6B%6F%74%61" n3="%E3%81%82%E3%81%9F%E3%81%8B%E3%81%AA" dan="16,17,16,17" rate="2138.35,2129.28,2095.55,2158.31" sx="M,M,M,M"/><TAIKYOKU oya="0"/><INIT seed="0,0,0,4,3,47" ten="250,250,250,250" oya="0" hai0="40,100,103,93,66,2,123,118,39,37,20,61,31" hai1="59,62,45,44,125,15,114,113,54,1,108,7,80" hai2="73,60,129,14,51,132,130,67,74,58,75,53,9" hai3="98,135,92,21,27,17,16,78,36,43,79,32,99"/><T11/><D123/><U87/><E1/><V116/><F132/><W8/><G135/><T4/><D118/><U12/><E108/><V88/><F116/><W19/><G32/><T72/><D72/><U0/><E0/><V25/><F25/><W122/><G122/><T86/><D40/><U83/><E125/><V52/><F88/><N who="3" m="55559" /><G36/><T65/><D65/><U126/><E126/><V115/><F115/><N who="1" m="44041" /><E83/><V63/><F53/><W71/><G71/><T81/><D103/><U56/><E56/><V26/><F26/><W96/><G43/><T85/><D100/><U102/><E102/><V49/><F63/><W89/><G8/><T128/><D128/><N who="2" m="49258" /><F67/><W13/><G13/><N who="1" m="5194" /><E7/><AGARI ba="0,0" hai="7,9,14,49,51,52,58,60,73,74,75" m="49258" machi="7" ten="40,8000,1" yaku="19,1,52,2,54,1" doraHai="47" who="2" fromWho="1" sc="250,0,250,-80,250,80,250,0" /><INIT seed="1,0,0,5,0,31" ten="250,170,330,250" oya="1" hai0="135,42,47,121,83,96,69,25,101,11,23,45,33" hai1="32,8,49,103,28,58,132,71,10,86,128,82,22" hai2="112,123,129,20,61,74,73,13,15,63,44,97,120" hai3="110,84,39,64,126,89,134,122,90,94,104,7,12"/><U92/><E71/><V38/><F20/><W29/><G122/><T19/><D121/><U114/><E114/><V3/><F97/><W127/><G110/><T105/><D135/><U59/><E132/><V21/><F21/><W37/><G104/><T108/><D108/><U68/><E68/><V60/><F44/><W106/><G106/><T1/><D69/><U46/><E32/><V43/><F43/><W111/><G111/><T41/><D83/><U17/><E28/><V0/><F38/><W76/><G76/><T100/><D100/><U5/><E128/><V62/><F62/><W67/><G29/><T51/><D1/><U113/><E113/><V6/><F63/><W36/><G90/><T27/><D11/><N who="1" m="4139" /><E5/><V118/><F112/><W124/><G134/><T116/><D116/><U18/><E92/><V57/><F6/><W52/><G12/><T117/><D117/><U35/><E35/><V87/><F129/><W55/><REACH who="3" step="1"/><G7/><REACH who="3" ten="250,170,330,240" step="2"/><T56/><D27/><N who="1" m="14799" /><E103/><V26/><F120/><W95/><G95/><T109/><D109/><U98/><E18/><V78/><F123/><W79/><G79/><T53/><D105/><U77/><E98/><V9/><F0/><W80/><G80/><T4/><D4/><U50/><E50/><V16/><F3/><W125/><N who="3" m="31744" /><DORA hai="133" /><W48/><G48/><N who="0" m="26679" /><D101/><U88/><E77/><V40/><F78/><W75/><G75/><T66/><D96/><U93/><E82/><V30/><F74/><W85/><G85/><T91/><D19/><U24/><E24/><V70/><F16/><W81/><G81/><T14/><D25/><RYUUKYOKU ba="0,1" sc="250,-15,170,15,330,-15,240,15" hai1="46,49,58,59,86,88,93" hai3="36,37,39,52,55,64,67,84,89,94" /><INIT seed="1,1,1,3,5,108" ten="235,185,315,255" oya="1" hai0="126,58,102,15,73,20,54,94,133,90,14,9,35" hai1="37,111,92,88,114,96,32,1,44,56,87,23,130" hai2="36,81,79,127,98,41,22,70,104,125,66,45,64" hai3="19,60,4,29,83,86,42,112,30,85,0,100,48"/><U132/><E32/><V69/><F22/><W12/><G0/><T67/><D35/><U89/><E1/><V21/><F21/><W16/><G112/><T134/><D73/><U128/><E23/><V34/><F34/><W63/><G100/><T57/><D126/><N who="2" m="48138" /><F98/><W91/><G4/><T105/><D105/><U110/><E56/><V52/><F104/><W3/><G3/><T55/><D102/><U46/><E132/><N who="0" m="50793" /><D67/><N who="2" m="25642" /><F81/><N who="3" m="49583" /><G48/><N who="0" m="30919" /><D20/><U95/><E114/><V118/><F79/><N who="3" m="46463" /><G42/><T76/><D76/><U120/><E120/><V18/><F18/><N who="3" m="6699" /><G12/><T2/><D2/><U24/><E24/><V93/><F93/><W53/><G53/><T68/><D9/><U17/><E17/><V117/><F52/><W71/><G71/><AGARI ba="1,1" hai="36,41,45,69,70,71,117,118" m="25642,48138" machi="71" ten="30,3900,0" yaku="18,1,34,2" doraHai="108" who="2" fromWho="3" sc="235,0,185,0,315,52,255,-42" /><INIT seed="2,0,0,0,1,99" ten="235,185,367,213" oya="2" hai0="88,72,28,89,64,33,9,127,53,100,123,107,50" hai1="17,81,131,59,31,19,71,15,36,102,22,10,74" hai2="121,54,103,110,8,41,134,5,108,119,129,21,13" hai3="46,95,20,30,27,84,78,93,23,18,92,97,109"/><V98/><F119/><W3/><G109/><N who="2" m="42089" /><F121/><W80/><G3/><T77/><D123/><U96/><E71/><V122/><F122/><W62/><G46/><T25/><D127/><U128/><E36/><V116/><F116/><W26/><REACH who="3" step="1"/><G62/><REACH who="3" ten="235,185,367,203" step="2"/><T73/><D73/><U45/><E45/><V113/><F134/><W48/><G48/><T76/><D72/><U32/><E74/><V58/><F129/><W124/><G124/><T52/><D50/><U49/><E49/><N who="2" m="31055" /><F113/><W90/><AGARI ba="0,1" hai="18,20,23,26,27,30,78,80,84,90,92,93,95,97" machi="90" ten="20,5200,0" yaku="1,1,0,1,7,1,8,1,53,0" doraHai="99" doraHaiUra="65" who="3" fromWho="3" sc="235,-13,185,-13,367,-26,203,62" /><INIT seed="3,0,0,5,4,8" ten="222,172,341,265" oya="3" hai0="66,123,13,78,112,47,36,24,134,10,103,5,37" hai1="56,107,89,71,59,1,57,85,14,17,124,69,15" hai2="96,16,132,70,93,114,42,83,60,122,4,91,34" hai3="41,20,100,3,101,126,106,109,54,9,31,84,129"/><W25/><G126/><T68/><D123/><U49/><E1/><V128/><F114/><W6/><G129/><T75/><D112/><U0/><E0/><V108/><F34/><W62/><G106/><T40/><D134/><U135/><E107/><V79/><F108/><W26/><G109/><T21/><D103/><U12/><E124/><V7/><F132/><W52/><G41/><T73/><D37/><U53/><E135/><V22/><F42/><W133/><G133/><T105/><D105/><U82/><REACH who="1" step="1"/><E17/><REACH who="1" ten="222,162,341,265" step="2"/><V95/><F16/><W119/><G119/><T117/><D117/><U30/><E30/><V131/><F131/><W110/><G110/><T64/><D68/><AGARI ba="0,1" hai="12,14,15,49,53,56,57,59,68,69,71,82,85,89" machi="68" ten="40,8000,1" yaku="1,1,52,3,53,0" doraHai="8" doraHaiUra="88" who="1" fromWho="0" sc="222,-80,162,90,341,0,265,0" /><INIT seed="4,0,0,2,1,3" ten="142,252,341,265" oya="0" hai0="58,51,49,127,43,100,108,112,115,12,126,98,5" hai1="124,121,89,60,15,67,18,23,71,26,109,131,74" hai2="62,97,14,90,64,41,4,133,34,135,21,16,78" hai3="95,93,110,53,134,57,85,107,24,88,128,116,87"/><T117/><D117/><U40/><E109/><V104/><F34/><W125/><G110/><T44/><D108/><U77/><E121/><V45/><F78/><W10/><G116/><T36/><D98/><U96/><E40/><V81/><F81/><W130/><G107/><T106/><D100/><U33/><E124/><N who="0" m="47657" /><D106/><U39/><E39/><V72/><F72/><W84/><G125/><T102/><D102/><U42/><E42/><V22/><F90/><W82/><G134/><T63/><D12/><U75/><E77/><V29/><F97/><W119/><G119/><T1/><D5/><U7/><E131/><N who="3" m="50218" /><G24/><T25/><D25/><U56/><E71/><V92/><F104/><W68/><G68/><T123/><D1/><U37/><E37/><V70/><F14/><W99/><G10/><T54/><D123/><U122/><E122/><V129/><F70/><W101/><G95/><T11/><D11/><U55/><E67/><V8/><F64/><W50/><AGARI ba="0,0" hai="50,53,57,82,84,85,87,88,93,99,101" m="50218" machi="50" ten="30,2000,0" yaku="19,1,54,1" doraHai="3" who="3" fromWho="3" sc="142,-10,252,-5,341,-5,265,20" /><INIT seed="5,0,0,4,4,132" ten="132,247,336,285" oya="1" hai0="62,73,57,11,85,65,80,47,60,68,88,8,75" hai1="106,46,61,66,67,34,39,131,103,38,111,70,90" hai2="108,121,93,104,19,94,5,33,27,74,110,53,32" hai3="55,76,95,30,31,119,84,99,105,17,0,26,44"/><U18/><E131/><V24/><F104/><W22/><G0/><T69/><D47/><U6/><E111/><V9/><F74/><W36/><G119/><T58/><D73/><U59/><E6/><V128/><F121/><W21/><G105/><T54/><D75/><U130/><E130/><V7/><F53/><W125/><G125/><T12/><REACH who="0" step="1"/><D8/><REACH who="0" ten="122,247,336,285" step="2"/><U23/><E46/><V79/><F9/><W40/><G44/><T120/><D120/><U51/><E39/><V52/><F110/><W122/><G36/><T42/><D42/><U49/><E38/><V72/><F72/><W89/><G40/><T28/><D28/><U101/><E49/><V114/><F108/><W118/><G31/><T64/><D64/><U124/><E51/><V117/><F128/><W134/><G122/><T107/><D107/><U113/><E106/><V4/><F117/><W92/><G118/><T135/><D135/><U133/><E133/><V96/><F33/><W13/><G134/><T91/><D91/><U29/><E29/><V78/><F32/><W116/><G116/><T126/><D126/><U83/><E124/><V112/><F79/><W10/><G76/><T81/><D81/><U16/><E34/><V129/><F78/><W56/><G10/><T109/><D109/><U35/><E35/><V25/><F129/><W71/><G89/><T123/><D123/><U45/><E45/><V50/><F50/><W127/><G127/><T20/><D20/><U115/><E83/><V87/><F94/><W14/><G95/><T2/><D2/><U97/><E90/><V102/><F93/><RYUUKYOKU ba="0,1" sc="122,30,247,-10,336,-10,285,-10" hai0="11,12,54,57,58,60,62,65,68,69,80,85,88" /><INIT seed="6,1,1,2,5,99" ten="152,237,326,275" oya="2" hai0="112,110,50,26,61,22,38,90,49,6,29,79,2" hai1="91,102,60,31,36,92,68,119,103,35,24,1,20" hai2="27,122,57,15,66,54,70,19,28,48,116,100,25" hai3="67,11,18,47,76,131,12,44,130,117,134,41,59"/><V4/><F122/><W3/><G117/><T32/><D110/><U53/><E1/><V13/><F116/><W101/><G134/><T84/><D38/><U56/><E119/><V123/><F123/><W33/><G33/><T52/><D112/><U77/><E36/><V105/><F4/><W113/><G113/><T108/><D108/><U55/><E68/><V96/><F19/><W88/><G76/><T17/><D79/><U106/><E106/><V132/><F27/><W89/><G101/><N who="1" m="38410" /><E35/><N who="2" m="20879" /><F132/><W126/><G18/><T98/><D98/><N who="1" m="57631" /><E77/><V69/><F69/><W86/><G3/><T107/><D107/><U114/><E114/><V104/><F104/><W95/><G89/><T34/><D34/><U21/><E20/><V74/><F74/><W51/><G88/><T73/><D73/><U127/><E127/><V133/><F133/><W87/><G126/><T124/><D124/><U40/><E40/><V8/><F70/><W111/><G41/><T97/><D97/><U118/><E118/><V129/><F96/><W43/><G43/><T62/><D6/><U42/><E42/><V85/><F105/><W115/><G115/><T94/><D2/><U82/><E82/><V75/><F75/><W23/><G23/><T10/><D32/><U128/><E128/><V5/><F129/><W135/><G111/><T9/><D17/><U109/><E109/><V80/><F100/><W93/><G131/><T120/><D120/><U64/><AGARI ba="1,1" hai="21,24,31,53,55,56,60,64" m="57631,38410" machi="64" ten="30,7900,0" yaku="8,1,52,3" doraHai="99" who="1" fromWho="1" sc="152,-21,237,92,326,-40,275,-21" /><INIT seed="7,0,0,0,2,32" ten="131,329,286,254" oya="3" hai0="17,70,122,11,56,8,67,123,51,82,39,44,18" hai1="38,68,103,2,112,24,98,81,76,35,85,58,127" hai2="64,110,131,106,5,101,50,52,69,22,134,20,118" hai3="94,3,46,128,93,83,28,135,29,21,12,33,30"/><W115/><G115/><T79/><D17/><U0/><E38/><V65/><F110/><W119/><G119/><T114/><D18/><U121/><E121/><V53/><F53/><W80/><G33/><T6/><D11/><U113/><E68/><V61/><F65/><W31/><G135/><T41/><D114/><N who="1" m="44139" /><E127/><V48/><F48/><W15/><G128/><T116/><D116/><U55/><E24/><V124/><F124/><W63/><G3/><T25/><D25/><U96/><E35/><V77/><F77/><W49/><G63/><T23/><D23/><U9/><E9/><V78/><F78/><W72/><G72/><T107/><D107/><N who="1" m="63975" /><E98/><V133/><F131/><W62/><G62/><AGARI ba="0,0" hai="0,2,55,58,62,76,81,85" m="63975,44139" machi="62" ten="30,3900,0" yaku="15,1,52,2" doraHai="32" who="1" fromWho="3" sc="131,0,329,39,286,0,254,-39" owari="131,-37.0,368,46.0,286,9.0,215,-18.0" /></mjloggm>