<mjloggm ver="2.3"><GO type="225" lobby="0"/><UN n0="%E5%83%8D%E3%81%8D%E6%96%B9%E6%94%B9%E5%96%84" n1="%50%49%58%49" n2="%E9%B3%B3%E6%9D%B1%E3%81%AE%E3%81%86%E3%81%95%E3%81%8E%E3%81%95%E3%82%93" n3="%70%68%65%6E%6F%6D%65" dan="17,16,17,17" rate="2173.45,2208.52,2199.20,2185.53" sx="M,F,M,M"/><TAIKYOKU oya="0"/><INIT seed="0,0,0,3,4,27" ten="250,250,250,250" oya="0" hai0="103,102,19,10,23,21,61,51,110,37,131,82,122" hai1="93,119,86,84,5,128,97,1,135,55,6,105,115" hai2="15,89,76,42,116,72,32,127,94,83,98,2,67" hai3="46,11,47,96,38,70,129,100,65,126,68,20,99"/><T49/><D122/><U69/><E119/><V41/><F127/><W26/><G126/><T117/><D117/><U106/><E69/><V33/><F2/><W92/><G129/><T104/><D37/><U64/><E64/><V36/><F116/><W7/><G65/><T133/><D131/><U40/><E40/><V123/><F123/><W56/><G56/><T44/><D133/><U85/><E135/><V114/><F114/><W48/><G38/><T109/><D61/><U63/><E128/><V112/><F112/><W120/><G99/><T18/><D10/><U113/><E113/><V77/><F77/><W111/><G47/><T71/><D82/><U134/><E134/><V52/><F67/><W4/><G7/><T91/><D91/><U80/><E80/><V57/><F15/><W118/><G111/><N who="0" m="42507" /><D71/><U87/><E115/><V16/><F36/><W50/><G48/><N who="0" m="18507" /><D44/><U34/><E63/><V43/><F57/><W3/><G120/><T30/><D30/><U45/><E45/><V12/><REACH who="2" step="1"/><F52/><REACH who="2" ten="250,250,240,250" step="2"/><W60/><G118/><T22/><D104/><U75/><E106/><V81/><F81/><W54/><REACH who="3" step="1"/><G60/><REACH who="3" ten="250,250,240,240" step="2"/><T130/><D130/><U8/><E105/><V125/><F125/><W14/><G14/><T124/><D124/><U35/><E1/><V95/><F95/><W66/><G66/><T28/><D28/><AGARI ba="0,2" hai="3,4,11,20,26,28,46,50,54,68,70,92,96,100" machi="28" ten="30,3900,0" yaku="1,1,7,1,52,1,53,0" doraHai="27" doraHaiUra="78" who="3" fromWho="0" sc="250,-39,250,0,240,0,240,59" /><INIT seed="1,0,0,1,0,44" ten="211,250,240,299" oya="1" hai0="86,127,123,115,50,15,106,134,16,73,0,49,8" hai1="28,91,59,93,37,12,108,101,18,84,42,41,17" hai2="5,111,21,78,4,26,77,74,24,85,57,38,99" hai3="71,129,19,43,54,102,100,6,25,10,31,7,39"/><U88/><E108/><V117/><F117/><W40/><G129/><T29/><D115/><U32/><E101/><V89/><F38/><W34/><G71/><T94/><D73/><U130/><E130/><V33/><F74/><W36/><G19/><T13/><D106/><U79/><E79/><V97/><F33/><W69/><G69/><T58/><D0/><U119/><E119/><V76/><F111/><W98/><G54/><T11/><D127/><U27/><E37/><V120/><F120/><W53/><G53/><T64/><D123/><U51/><E18/><N who="2" m="12343" /><F57/><W72/><G72/><T113/><D29/><U131/><E131/><V133/><F26/><W55/><G55/><T14/><D134/><U80/><E59/><V135/><F135/><W124/><G124/><T87/><D113/><U75/><E75/><V103/><F103/><W107/><G102/><T3/><D3/><U9/><REACH who="1" step="1"/><E51/><REACH who="1" ten="211,240,240,299" step="2"/><N who="0" m="19465" /><D16/><U68/><E68/><V109/><F109/><W96/><G36/><T128/><D128/><U70/><E70/><V48/><F48/><W65/><G39/><T35/><D35/><U2/><E2/><V110/><F110/><W20/><G34/><T121/><D121/><U22/><E22/><V56/><F133/><W118/><G118/><T63/><D87/><AGARI ba="0,1" hai="9,12,17,27,28,32,41,42,80,84,87,88,91,93" machi="87" ten="30,5800,0" yaku="1,1,7,1,54,1,53,0" doraHai="44" doraHaiUra="1" who="1" fromWho="0" sc="211,-58,240,68,240,0,299,0" /><INIT seed="1,1,0,1,1,12" ten="153,308,240,299" oya="1" hai0="121,74,92,96,90,27,78,24,123,14,113,5,4" hai1="11,130,51,37,36,114,86,9,39,73,45,69,66" hai2="58,70,75,126,134,40,68,57,48,108,53,107,22" hai3="77,87,89,97,25,135,59,60,82,118,103,1,127"/><U91/><E73/><V15/><F107/><W122/><G122/><T79/><D113/><U33/><E33/><V18/><F108/><W94/><G127/><T98/><D74/><U56/><E114/><V41/><F126/><W16/><G135/><T95/><D14/><U120/><E130/><V129/><F134/><W72/><G1/><T26/><D26/><U80/><E69/><V35/><F129/><W132/><G118/><T2/><REACH who="0" step="1"/><D90/><REACH who="0" ten="143,308,240,299" step="2"/><U10/><E120/><V65/><F75/><W46/><G132/><T49/><D49/><U101/><E101/><V8/><F15/><W21/><G72/><T116/><D116/><U85/><E37/><V76/><F48/><W62/><G103/><T64/><D64/><U13/><E39/><V29/><F65/><W83/><G25/><T81/><D81/><U105/><E36/><V99/><F76/><W88/><G83/><T93/><D93/><U54/><E105/><V55/><F35/><W20/><G89/><T31/><D31/><U32/><E32/><V110/><F29/><W17/><G77/><T131/><D131/><U67/><E66/><V23/><F110/><W7/><G82/><T47/><D47/><U124/><E124/><V111/><F111/><W71/><G46/><T112/><D112/><U128/><E128/><V6/><F70/><W63/><G71/><T102/><D102/><U84/><E13/><V100/><F68/><W50/><G50/><T0/><AGARI ba="1,1" hai="0,2,4,5,24,27,78,79,92,95,96,98,121,123" machi="0" ten="25,6400,0" yaku="1,1,0,1,22,2,53,0" doraHai="12" doraHaiUra="109" who="0" fromWho="0" sc="143,77,308,-33,240,-17,299,-17" /><INIT seed="2,0,0,2,5,68" ten="220,275,223,282" oya="2" hai0="74,132,69,118,62,29,5,120,51,25,14,41,113" hai1="99,131,73,55,13,49,104,4,88,125,64,8,60" hai2="103,66,43,37,23,24,83,116,2,57,134,90,6" hai3="52,96,44,85,35,106,54,84,92,15,80,50,127"/><V53/><F116/><W17/><G35/><T121/><D113/><U76/><E125/><V30/><F134/><W7/><G127/><T135/><D74/><U114/><E114/><V18/><F66/><W40/><G106/><T32/><D118/><U59/><E131/><V107/><F2/><W72/><G72/><T93/><D93/><U79/><E73/><V102/><F6/><W31/><G31/><T75/><D75/><U56/><E104/><V20/><F107/><W86/><G80/><T10/><D41/><U0/><E0/><V39/><F43/><W36/><G36/><T46/><D46/><U71/><E71/><V110/><F110/><W109/><G7/><T77/><D51/><U117/><E117/><V128/><F128/><W94/><G94/><AGARI ba="0,0" hai="4,8,13,49,55,56,59,60,64,76,79,88,94,99" machi="94" ten="40,2600,0" yaku="8,1,54,1" doraHai="68" who="1" fromWho="3" sc="220,0,275,26,223,0,282,-26" /><INIT seed="3,0,0,2,2,16" ten="220,301,223,256" oya="3" hai0="108,40,71,100,127,80,70,84,36,55,95,123,82" hai1="34,124,125,102,92,14,22,69,9,116,20,49,57" hai2="18,88,23,54,133,52,104,60,120,0,75,25,26" hai3="119,97,35,33,135,42,61,129,58,79,107,96,15"/><W68/><G68/><T117/><D123/><U132/><E69/><V28/><F120/><W29/><G119/><T31/><D117/><U83/><E34/><V8/><F133/><W11/><G135/><T128/><D108/><U90/><E102/><V13/><F104/><W63/><G129/><T101/><D128/><U103/><E103/><V37/><F75/><W91/><G79/><T94/><D127/><N who="1" m="48715" /><E83/><V17/><F37/><W41/><G107/><T51/><D31/><U78/><E78/><V12/><F0/><W19/><G29/><T66/><D36/><U74/><E74/><V59/><F88/><W113/><G91/><T76/><D40/><U131/><E131/><V47/><F28/><W109/><G113/><T32/><D32/><U86/><E132/><V126/><F126/><W50/><G109/><T30/><D30/><U2/><E2/><V118/><F118/><W81/><G81/><T134/><D134/><U115/><E115/><V85/><F85/><W21/><G35/><T99/><D82/><U6/><E116/><V38/><F38/><W112/><G33/><T53/><D71/><U105/><E105/><V43/><F43/><W130/><G112/><T27/><D27/><U48/><E48/><AGARI ba="0,0" hai="8,12,13,17,18,23,25,26,47,48,52,54,59,60" machi="48" ten="40,5200,0" yaku="8,1,52,1,54,1" doraHai="16" who="2" fromWho="1" sc="220,0,301,-52,223,52,256,0" /><INIT seed="4,0,0,1,2,124" ten="220,249,275,256" oya="0" hai0="66,37,92,109,132,14,71,81,119,32,102,29,52" hai1="59,130,89,63,133,26,98,118,126,82,50,75,22" hai2="3,19,51,48,129,121,25,85,56,20,105,106,73" hai3="41,58,8,116,60,15,122,120,36,96,0,17,7"/><T23/><D119/><U45/><E118/><V125/><F73/><W128/><G116/><T97/><D37/><U49/><E126/><V131/><F121/><W16/><G128/><N who="2" m="49225" /><F125/><W62/><G60/><T28/><D132/><U123/><E75/><V38/><F38/><W46/><G96/><T35/><D109/><U39/><E98/><V115/><F115/><W11/><G17/><T99/><D81/><U21/><E89/><V86/><F3/><W65/><AGARI ba="0,0" hai="0,7,8,11,15,16,36,41,46,58,62,65,120,122" machi="65" ten="30,2000,0" yaku="0,1,54,1" doraHai="124" who="3" fromWho="3" sc="220,-10,249,-5,275,-5,256,20" /><INIT seed="5,0,0,4,5,63" ten="210,244,270,276" oya="1" hai0="26,118,10,75,38,78,16,59,96,106,69,121,15" hai1="17,30,60,114,70,113,73,120,11,23,29,80,36" hai2="20,111,64,67,57,124,133,116,123,24,46,4,74" hai3="91,48,1,77,19,71,110,61,5,72,22,126,102"/><U12/><E120/><V13/><F111/><W81/><G110/><T40/><D118/><U62/><E36/><V33/><F116/><W117/><G126/><T84/><D69/><U76/><E62/><V94/><F123/><W49/><G102/><T112/><D121/><U31/><REACH who="1" step="1"/><E11/><REACH who="1" ten="210,234,270,276" step="2"/><V35/><F124/><W86/><G61/><T18/><D112/><U105/><E105/><V54/><F67/><AGARI ba="0,1" hai="12,17,23,29,30,31,60,67,70,73,76,80,113,114" machi="67" ten="40,3900,0" yaku="1,1,52,1,53,0" doraHai="63" doraHaiUra="101" who="1" fromWho="2" sc="210,0,234,49,270,-39,276,0" /><INIT seed="5,1,0,2,3,133" ten="210,283,231,276" oya="1" hai0="53,16,2,22,128,72,92,39,93,26,6,134,131" hai1="28,4,66,75,102,9,49,38,32,30,91,13,8" hai2="100,59,71,118,35,89,132,99,21,117,3,40,63" hai3="17,34,98,46,18,12,111,120,7,25,123,76,101"/><U67/><E38/><V130/><F35/><W84/><G111/><T108/><D108/><U86/><E75/><V74/><F71/><W95/><G7/><T121/><D134/><U104/><E32/><V44/><F132/><W81/><G46/><T126/><D72/><U112/><E112/><V115/><F3/><W110/><G110/><T64/><D39/><U41/><E102/><V19/><F74/><W82/><G82/><T129/><D121/><U0/><E104/><V127/><F89/><W58/><G58/><T47/><D64/><N who="1" m="24619" /><E9/><V50/><F130/><W83/><G83/><T96/><D126/><U37/><E0/><V105/><F115/><W90/><G101/><T24/><D24/><U77/><E77/><V106/><F106/><W94/><G94/><T51/><REACH who="0" step="1"/><D96/><REACH who="0" ten="200,283,231,276" step="2"/><U103/><E37/><V125/><F118/><W10/><G120/><T79/><D79/><U11/><E103/><V15/><REACH who="2" step="1"/><F117/><REACH who="2" ten="200,283,221,276" step="2"/><W56/><G123/><T36/><D36/><U45/><E8/><AGARI ba="1,2" hai="2,6,8,16,22,26,47,51,53,92,93,128,129,131" machi="8" ten="40,5200,0" yaku="1,1,19,1,54,1,53,0" doraHai="133" doraHaiUra="113" who="0" fromWho="1" sc="200,75,283,-55,221,0,276,0" /><INIT seed="6,0,0,4,1,101" ten="275,228,221,276" oya="2" hai0="39,134,81,61,28,35,95,112,16,109,122,63,127" hai1="36,88,71,78,47,32,25,86,105,68,111,120,27" hai2="12,129,110,74,67,65,98,8,45,30,11,31,53" hai3="104,72,75,38,19,20,60,119,99,115,92,116,9"/><V70/><F129/><W126/><G38/><T17/><D109/><U103/><E111/><V131/><F131/><W51/><G104/><T80/><D122/><U85/><E120/><V40/><F110/><W37/><G37/><T13/><D39/><U58/><E78/><V3/><F74/><W5/><G126/><T108/><D108/><U21/><E85/><V29/><F3/><W96/><G60/><T66/><D112/><U77/><E77/><V128/><F128/><W100/><G115/><T41/><D41/><U34/><E58/><V33/><F33/><W125/><G125/><T69/><D134/><U76/><E76/><V55/><F98/><W23/><G20/><T18/><D127/><U79/><E79/><V52/><F70/><W56/><G99/><T0/><D0/><U123/><E123/><V106/><F106/><W49/><G72/><T14/><D95/><N who="1" m="54679" /><E27/><V43/><F8/><W62/><G75/><T26/><REACH who="0" step="1"/><D63/><REACH who="0" ten="265,228,221,276" step="2"/><U46/><E36/><V22/><F22/><W7/><G23/><T54/><D54/><N who="2" m="13826" /><V89/><DORA hai="15" /><F89/><W10/><G62/><T84/><D84/><U114/><E114/><V130/><F130/><W4/><G49/><T90/><D90/><U1/><E1/><V73/><F73/><W83/><G51/><T59/><D59/><U124/><E124/><V121/><F121/><W93/><G56/><T91/><D91/><U48/><E34/><V117/><F117/><W6/><G116/><T132/><D132/><U113/><E32/><V42/><F45/><N who="1" m="16905" /><E113/><V118/><F118/><W24/><G119/><T94/><D94/><RYUUKYOKU ba="0,1" sc="265,15,228,-15,221,15,276,-15" hai0="13,14,16,17,18,26,28,35,61,66,69,80,81" hai2="11,12,29,30,31,40,42,43,65,67" /><INIT seed="6,1,1,2,0,12" ten="280,213,236,261" oya="2" hai0="60,17,0,48,54,9,113,82,122,18,117,16,77" hai1="115,95,124,103,91,116,41,65,106,64,83,42,2" hai2="133,45,13,85,61,8,109,21,84,4,79,119,134" hai3="131,6,107,74,14,30,87,49,46,104,28,108,63"/><V80/><F119/><W68/><G74/><T36/><D122/><U29/><E116/><V78/><F109/><W75/><G75/><T90/><D117/><U43/><E115/><V50/><F61/><W93/><G108/><T127/><D36/><U25/><E2/><V110/><F110/><W132/><G131/><T23/><D113/><U40/><N who="1" m="10240" /><DORA hai="99" /><U118/><E118/><V125/><F125/><W100/><G107/><T66/><D90/><U53/><E124/><V57/><F45/><W89/><G104/><T69/><D127/><U35/><E83/><V121/><F121/><W34/><G34/><T102/><D102/><U135/><E135/><N who="2" m="51723" /><F21/><W111/><G111/><T126/><D126/><U98/><REACH who="1" step="1"/><E53/><REACH who="1" ten="280,203,236,261" step="2"/><N who="2" m="31927" /><F79/><W92/><G132/><T97/><D77/><U22/><E22/><V123/><F123/><W59/><G68/><T129/><D69/><U76/><E76/><V105/><F105/><W58/><G59/><T72/><D23/><U31/><E31/><V96/><F96/><AGARI ba="1,2" hai="25,29,35,64,65,91,95,96,98,103,106" m="10240" machi="96" ten="50,3200,0" yaku="1,1,52,1,53,0" doraHai="12,99" doraHaiUra="15,120" who="1" fromWho="2" sc="280,0,203,55,236,-35,261,0" /><INIT seed="7,0,0,2,0,64" ten="280,258,201,261" oya="3" hai0="124,48,119,45,128,125,113,83,132,111,25,7,6" hai1="87,58,91,127,108,12,41,79,100,13,103,3,134" hai2="66,115,97,14,4,98,55,135,106,130,73,32,15" hai3="89,120,95,88,44,36,105,68,50,110,92,59,30"/><W96/><G120/><T133/><D119/><U27/><E3/><V101/><F130/><W82/><G68/><T90/><D111/><U74/><E108/><V21/><F135/><N who="0" m="51786" /><D128/><U5/><E74/><V109/><F109/><W23/><G105/><T93/><D113/><U107/><E79/><V49/><F32/><W75/><G36/><T126/><D83/><U53/><E127/><V17/><F73/><W114/><G59/><T10/><D25/><U31/><E41/><V122/><F115/><W47/><G50/><T71/><D71/><U46/><E46/><V9/><F122/><W123/><G114/><T8/><D8/><U1/><E1/><V76/><F76/><W54/><G54/><N who="0" m="29967" /><D10/><U102/><E5/><V26/><F66/><W18/><G30/><T129/><D129/><U94/><E134/><V104/><F26/><W51/><G51/><T78/><D78/><U99/><E12/><V43/><F43/><W60/><G60/><T77/><D77/><U56/><E13/><V84/><F84/><AGARI ba="0,0" hai="6,7,84,90,93,124,125,126" m="29967,51786" machi="84" ten="40,2600,0" yaku="18,1,20,1" doraHai="64" who="0" fromWho="2" sc="280,26,258,0,201,-26,261,0" owari="306,40.0,258,-14.0,175,-32.0,261,6.0" /></mjloggm>