<mjloggm ver="2.3"><GO type="185" lobby="0"/><UN n0="%E3%83%84%E3%83%BC%E3%82%A2%E3%82%A6%E3%83%88" n1="%E5%B8%AB%E5%8C%A0%2F%E9%9B%80%E9%AC%BC" n2="%E3%81%97%E3%82%93%E3%81%97%E3%82%93%E3%81%97%E3%82%93" n3="" dan="16,16,17,0" rate="2201.76,2193.73,2296.10,1500.00" sx="M,M,F,C"/><TAIKYOKU oya="0"/><INIT seed="0,0,0,0,5,79" ten="350,350,350,0" oya="0" hai0="3,117,70,37,74,81,66,114,100,92,126,55,2" hai1="56,35,112,87,53,0,107,41,80,59,58,129,93" hai2="46,91,69,131,47,119,124,105,98,86,77,95,43" hai3=""/><T135/><D117/><U130/><E107/><V71/><F124/><T73/><D37/><U51/><E35/><V38/><F131/><T132/><D126/><U54/><E0/><N who="0" m="41" /><D114/><U36/><E112/><V103/><F119/><T111/><D55/><U84/><E36/><V97/><F47/><T48/><D48/><U133/><E133/><N who="0" m="51273" /><D111/><U113/><E113/><V64/><F64/><T109/><D109/><U75/><E41/><V120/><N who="2" m="30752" /><V101/><REACH who="2" step="1"/><F77/><REACH who="2" ten="350,350,340,0" step="2"/><T128/><D128/><U65/><E130/><V116/><F116/><T110/><D110/><U78/><E129/><V63/><F63/><T61/><D81/><AGARI ba="0,1" hai="38,43,46,69,71,81,86,91,95,97,98,101,103,105" m="30752" machi="81" ten="30,7700,0" yaku="1,1,7,1,52,2,53,0" doraHai="79" doraHaiUra="123" who="2" fromWho="0" sc="350,-77,350,0,340,87,0,0" /><INIT seed="1,0,0,4,0,96" ten="273,350,427,0" oya="1" hai0="91,41,78,80,50,79,92,107,98,60,133,51,34" hai1="39,86,109,33,42,113,2,128,132,1,81,116,88" hai2="135,70,122,123,59,61,130,131,126,66,73,55,72" hai3=""/><U94/><E113/><V110/><N who="2" m="31264" /><V37/><N who="2" m="31520" /><V32/><F32/><T129/><D133/><U3/><E116/><V54/><F110/><T103/><D129/><N who="2" m="49162" /><F135/><T47/><D34/><U62/><E128/><V49/><F126/><T40/><D60/><U89/><E33/><V58/><F37/><T115/><D115/><U124/><E132/><V48/><AGARI ba="0,0" hai="48,49,54,55,58,59,61,66,70,72,73" m="49162,31520,31264" machi="48" ten="30,3000,0" yaku="19,1,52,2" doraHai="96" who="2" fromWho="2" sc="273,-10,350,-20,427,30,0,0" /><INIT seed="2,0,0,5,5,74" ten="263,330,457,0" oya="2" hai0="132,98,134,61,70,127,73,67,133,91,45,57,65" hai1="32,71,90,35,80,83,126,99,76,39,34,96,121" hai2="124,92,55,33,112,131,107,72,101,0,84,125,118" hai3=""/><V51/><F118/><T88/><D73/><U129/><N who="1" m="31008" /><U82/><E126/><V113/><F0/><T62/><D127/><N who="2" m="48714" /><F33/><T69/><D98/><U3/><E3/><V48/><F72/><T128/><D128/><U58/><E71/><V95/><F131/><T43/><REACH who="0" step="1"/><D57/><REACH who="0" ten="253,330,457,0" step="2"/><U106/><E129/><V104/><F112/><T46/><D46/><U117/><E96/><V36/><F113/><T49/><AGARI ba="0,1" hai="43,45,49,61,62,65,67,69,70,88,91,132,133,134" machi="49" ten="30,6000,1" yaku="1,1,0,1,9,1,20,1,54,1,53,0" doraHai="74" doraHaiUra="114" who="0" fromWho="0" sc="253,70,330,-20,457,-40,0,0" /><INIT seed="4,0,0,4,4,50" ten="323,310,417,0" oya="0" hai0="32,129,61,79,112,135,113,85,3,80,123,36,121" hai1="111,54,1,48,102,95,93,59,66,51,122,94,43" hai2="71,49,44,92,103,109,73,118,106,39,72,42,62" hai3=""/><T124/><N who="0" m="31008" /><T76/><N who="0" m="31520" /><T67/><D3/><U77/><N who="1" m="31264" /><U126/><E111/><V110/><F92/><T98/><D32/><U41/><E1/><V96/><F118/><T78/><D36/><U86/><E126/><V40/><F40/><N who="1" m="15433" /><E66/><V131/><F131/><T108/><D129/><U47/><E102/><V82/><F49/><T0/><D0/><U65/><E77/><V99/><F99/><T60/><D108/><N who="2" m="41578" /><F82/><T100/><D124/><U83/><E83/><V115/><F115/><N who="0" m="44106" /><D135/><U70/><E70/><V63/><F63/><N who="0" m="24138" /><D67/><AGARI ba="0,0" hai="39,42,44,62,67,71,72,73,96,103,106" m="41578" machi="67" ten="30,1000,0" yaku="23,1" doraHai="50" who="2" fromWho="0" sc="323,-10,310,0,417,10,0,0" /><INIT seed="5,0,0,3,4,3" ten="313,310,427,0" oya="1" hai0="110,73,128,96,134,57,101,94,1,103,54,68,72" hai1="42,66,65,117,50,40,133,125,114,75,49,34,35" hai2="45,55,81,77,107,116,109,95,91,131,115,89,32" hai3=""/><U108/><E117/><V106/><F32/><T76/><D110/><U70/><E75/><V120/><N who="2" m="30752" /><V84/><F109/><T44/><D1/><U69/><E108/><V64/><F116/><T78/><D68/><U105/><E105/><V126/><F126/><T51/><D128/><U104/><E104/><V53/><F131/><T99/><D134/><U90/><E90/><V79/><F115/><T59/><D73/><U124/><REACH who="1" step="1"/><E133/><REACH who="1" ten="313,300,427,0" step="2"/><V119/><F106/><T121/><N who="0" m="31008" /><T87/><D72/><U123/><N who="1" m="31520" /><U61/><E61/><V83/><F107/><T132/><D132/><U58/><E58/><N who="0" m="22025" /><D87/><U135/><E135/><V43/><F84/><T36/><D36/><U63/><E63/><V48/><F119/><T97/><D103/><U111/><E111/><V56/><F91/><T88/><D101/><U67/><E67/><V118/><F64/><T41/><D78/><U74/><E74/><V33/><F56/><T127/><D76/><U113/><AGARI ba="0,1" hai="34,35,40,42,49,50,65,66,69,70,113,114,124,125" m="31520" machi="113" ten="25,12000,2" yaku="1,1,0,1,22,2,52,3,53,0" doraHai="3" doraHaiUra="82" who="1" fromWho="1" sc="313,-60,300,130,427,-60,0,0" /><INIT seed="5,1,0,3,4,69" ten="253,430,367,0" oya="1" hai0="2,129,60,71,72,45,57,92,107,52,84,58,124" hai1="42,47,56,96,123,38,118,59,113,46,1,40,125" hai2="78,134,0,87,135,109,130,75,53,131,85,80,110" hai3=""/><U3/><N who="1" m="31520" /><U86/><E118/><V100/><F0/><T51/><D107/><U48/><E113/><V94/><F53/><T122/><N who="0" m="31264" /><T62/><D72/><U37/><E96/><V91/><F87/><T35/><D35/><U132/><E86/><V104/><F109/><T74/><D74/><U116/><E48/><V97/><REACH who="2" step="1"/><F110/><REACH who="2" ten="253,430,357,0" step="2"/><T99/><D2/><U101/><E116/><V68/><F68/><T89/><D71/><U108/><E108/><V126/><F126/><T34/><D124/><U105/><E125/><V39/><F39/><T127/><D127/><U106/><E132/><AGARI ba="1,1" hai="75,78,80,85,91,94,97,100,104,130,131,132,134,135" machi="132" ten="40,12000,2" yaku="1,1,24,2,20,1,34,3,53,0" doraHai="69" doraHaiUra="43" who="2" fromWho="1" sc="253,0,430,-122,357,132,0,0" /><INIT seed="6,0,0,1,3,80" ten="253,308,489,0" oya="2" hai0="107,101,79,68,33,64,123,113,51,99,63,72,109" hai1="69,48,77,41,73,110,131,133,61,66,119,35,62" hai2="83,44,85,2,60,84,65,55,78,3,121,32,130" hai3=""/><V117/><N who="2" m="31008" /><V81/><F130/><T111/><N who="0" m="31520" /><T134/><D33/><U90/><E35/><V124/><F124/><T39/><D51/><U93/><E110/><V114/><F114/><T76/><D113/><U74/><E131/><V100/><F117/><T34/><D34/><U98/><E119/><V42/><F55/><T104/><D134/><U86/><E133/><V75/><F100/><T127/><D127/><U71/><E77/><V47/><F75/><T126/><D126/><U67/><E98/><V40/><F32/><T116/><D116/><U89/><E89/><V1/><F42/><T96/><D39/><U82/><E82/><V59/><F40/><T129/><D129/><U36/><E36/><V94/><F94/><T52/><D52/><U57/><E41/><V103/><F103/><T0/><D0/><U37/><E37/><V120/><N who="2" m="30752" /><V50/><F50/><T118/><D118/><U125/><E125/><V115/><F115/><T54/><D54/><AGARI ba="0,0" hai="48,54,57,61,62,66,67,69,71,73,74,86,90,93" machi="54" ten="40,2600,0" yaku="9,1,52,1" doraHai="80" who="1" fromWho="0" sc="253,-26,308,26,489,0,0,0" owari="227,-37.0,334,-7.0,489,44.0,0,0.0" /></mjloggm>