<mjloggm ver="2.3"><GO type="185" lobby="0"/><UN n0="%E3%81%97%E3%82%93%E3%81%97%E3%82%93%E3%81%97%E3%82%93" n1="%54%72%61%76%69%53" n2="%E3%81%BE%E3%81%9F%E3%81%BE%E3%82%8B%E3%81%8F%E3%82%93" n3="" dan="17,16,17,0" rate="2286.30,2127.80,2272.03,1500.00" sx="F,M,M,C"/><TAIKYOKU oya="0"/><INIT seed="0,0,0,0,1,3" ten="350,350,350,0" oya="0" hai0="88,76,77,93,66,89,97,132,67,58,35,47,33" hai1="126,50,36,73,83,94,125,129,123,68,124,128,109" hai2="74,49,95,110,121,133,56,80,112,59,81,32,64" hai3=""/><T100/><D132/><U120/><N who="1" m="30752" /><U104/><N who="1" m="31520" /><U116/><E36/><V72/><N who="2" m="31008" /><V101/><F110/><T106/><D89/><U79/><E68/><V43/><F133/><T65/><D58/><U42/><E116/><V52/><F112/><T103/><D103/><U55/><E42/><V41/><F95/><T122/><N who="0" m="31264" /><T60/><D60/><U130/><E104/><V82/><F101/><T85/><REACH who="0" step="1"/><D47/><REACH who="0" ten="340,350,350,0" step="2"/><U117/><E117/><V119/><F119/><T0/><D0/><U99/><E109/><V108/><F108/><T118/><D118/><U62/><E62/><V115/><F59/><T134/><D134/><U61/><E61/><V45/><F45/><T71/><D71/><U57/><REACH who="1" step="1"/><E130/><REACH who="1" ten="340,340,350,0" step="2"/><V69/><F69/><T1/><D1/><U111/><E111/><V105/><F115/><T96/><D96/><U37/><E37/><V78/><F49/><T75/><D75/><U86/><E86/><V70/><F74/><T135/><D135/><U102/><AGARI ba="0,2" hai="50,55,57,73,79,83,94,99,102,124,125,126,128,129" m="31520,30752" machi="102" ten="40,9000,2" yaku="1,1,0,1,18,1,52,2,53,1" doraHai="3" doraHaiUra="51" who="1" fromWho="1" sc="340,-60,340,110,350,-30,0,0" /><INIT seed="1,0,0,5,2,83" ten="280,450,320,0" oya="1" hai0="52,34,103,115,3,63,88,131,65,73,86,128,55" hai1="84,71,89,38,104,127,87,75,81,111,110,58,78" hai2="48,96,2,45,77,82,109,97,129,74,101,122,53" hai3=""/><U113/><E71/><V134/><N who="2" m="31264" /><V124/><F109/><N who="1" m="41481" /><E38/><V54/><F124/><T119/><D3/><U120/><N who="1" m="30752" /><U41/><E127/><V68/><F68/><T132/><D34/><U114/><E41/><V85/><F129/><N who="0" m="49738" /><D73/><U35/><E35/><V62/><F134/><T70/><D132/><U60/><E104/><V79/><F2/><T118/><D103/><U125/><E125/><V56/><F79/><T50/><D115/><N who="1" m="44043" /><E89/><V72/><REACH who="2" step="1"/><F97/><REACH who="2" ten="280,450,310,0" step="2"/><T94/><D55/><AGARI ba="0,1" hai="55,58,60,75,78,81,84,87" m="44043,30752,41481" machi="55" ten="30,12000,1" yaku="14,1,10,1,52,3" doraHai="83" who="1" fromWho="0" sc="280,-120,450,130,310,0,0,0" /><INIT seed="1,1,0,2,5,127" ten="160,580,310,0" oya="1" hai0="71,121,52,130,89,103,118,86,105,61,39,72,107" hai1="101,87,78,45,42,56,73,117,66,100,88,63,64" hai2="76,44,102,46,113,74,108,40,0,33,54,48,111" hai3=""/><U34/><E117/><V132/><F0/><T38/><N who="0" m="31008" /><T94/><D130/><U3/><E3/><V91/><F33/><T80/><D118/><U81/><E66/><V83/><F132/><T68/><D105/><U115/><E115/><V135/><F135/><T97/><D68/><U65/><E65/><V114/><F91/><T2/><D2/><U131/><E131/><V60/><F102/><T32/><D32/><U1/><E1/><V98/><F98/><T75/><D75/><U62/><E62/><V69/><F69/><T49/><D61/><U59/><E59/><V129/><F129/><T104/><D71/><U85/><E73/><V133/><F133/><T120/><N who="0" m="30752" /><T126/><D107/><U93/><REACH who="1" step="1"/><E34/><REACH who="1" ten="160,570,310,0" step="2"/><V119/><F119/><T47/><D126/><U50/><AGARI ba="1,1" hai="42,45,50,56,63,64,78,81,85,87,88,93,100,101" machi="50" ten="20,12000,2" yaku="1,1,2,1,0,1,7,1,8,1,54,1,53,0" doraHai="127" doraHaiUra="110" who="1" fromWho="1" sc="160,-61,570,132,310,-61,0,0" /><INIT seed="1,2,0,0,5,114" ten="99,702,249,0" oya="1" hai0="90,111,47,126,109,129,58,101,94,96,95,122,55" hai1="84,79,80,48,103,71,32,102,52,117,88,105,42" hai2="50,97,67,41,132,133,44,124,0,73,49,116,131" hai3=""/><U3/><E117/><V113/><F73/><T65/><N who="0" m="31264" /><T56/><D126/><U43/><E3/><V61/><F97/><T75/><D75/><U38/><E71/><V59/><F0/><T115/><D115/><U54/><E38/><V110/><F113/><T108/><D129/><U81/><E32/><V127/><F110/><T100/><D47/><U85/><E54/><V112/><F112/><T134/><D134/><N who="2" m="51818" /><F116/><T86/><D65/><U89/><E79/><V68/><F131/><T92/><D55/><AGARI ba="2,0" hai="41,44,49,50,55,59,61,67,68,124,127" m="51818" machi="55" ten="30,3900,0" yaku="20,1,34,2" doraHai="114" who="2" fromWho="0" sc="99,-43,702,0,249,43,0,0" /><INIT seed="2,0,0,5,4,114" ten="56,702,292,0" oya="2" hai0="84,131,88,116,41,118,76,111,32,46,106,101,120" hai1="85,109,97,54,123,42,107,64,37,67,77,40,58" hai2="89,44,56,61,108,110,69,71,132,48,130,78,121" hai3=""/><V73/><N who="2" m="31008" /><V74/><F132/><T117/><N who="0" m="30752" /><T55/><D32/><U122/><N who="1" m="31264" /><U90/><N who="1" m="31520" /><U66/><E37/><V87/><F130/><T34/><D34/><U104/><E109/><N who="2" m="42091" /><F78/><T119/><D111/><U99/><E77/><V95/><F56/><T113/><N who="0" m="29696" /><DORA hai="43" /><T128/><D113/><U75/><E75/><N who="2" m="28683" /><F61/><T79/><D55/><AGARI ba="0,0" hai="44,48,55,69,71,87,89,95" m="28683,42091,31008" machi="55" ten="30,11600,0" yaku="14,1,10,1,52,2" doraHai="114,43" who="2" fromWho="0" sc="56,-116,702,0,292,116,0,0" owari="-60,-66.0,702,65.0,408,1.0,0,0.0" /></mjloggm>