<mjloggm ver="2.3"><GO type="169" lobby="0"/><UN n0="%E6%97%A5%E9%99%B0%E3%81%95%E3%82%93" n1="%70%72%6F%6E%61%72%69" n2="%EF%BC%98%EF%BC%90%EF%BC%90%EF%BC%98" n3="%E3%83%9C%E3%82%A4%E3%83%AD%E5%B0%86%E6%A3%8B%E9%83%A8%E5%93%A1" dan="16,16,17,16" rate="2093.54,2095.11,2177.57,2111.59" sx="F,M,M,M"/><TAIKYOKU oya="0"/><INIT seed="0,0,0,3,2,60" ten="250,250,250,250" oya="0" hai0="4,99,91,48,86,0,43,77,97,37,81,87,30" hai1="63,109,69,55,89,3,27,113,105,7,36,13,39" hai2="74,126,62,59,12,10,56,90,118,51,67,16,127" hai3="104,71,2,79,120,38,98,41,58,70,76,66,23"/><T107/><D37/><U134/><E109/><V106/><F106/><W100/><G2/><T47/><D107/><U44/><E134/><V20/><F74/><W1/><G1/><T94/><D0/><U15/><E113/><V108/><F108/><W133/><G133/><T25/><REACH who="0" step="1"/><D4/><REACH who="0" ten="240,250,250,250" step="2"/><U6/><E6/><V28/><F118/><W84/><G38/><T125/><D125/><U9/><E36/><V14/><F126/><W95/><G104/><T123/><D123/><U102/><E7/><N who="2" m="3167" /><F127/><W52/><G120/><T64/><D64/><U103/><E39/><V32/><F32/><AGARI ba="0,1" hai="25,30,32,43,47,48,77,81,86,87,91,94,97,99" machi="32" ten="30,2900,0" yaku="1,1,7,1,53,0" doraHai="60" doraHaiUra="19" who="0" fromWho="2" sc="240,39,250,0,250,-29,250,0" /><INIT seed="0,1,0,0,4,32" ten="279,250,221,250" oya="0" hai0="92,7,67,4,65,95,40,35,75,87,105,59,78" hai1="88,120,111,73,13,106,30,9,14,118,24,97,129" hai2="15,8,34,33,133,121,124,85,66,19,11,68,42" hai3="17,96,2,130,47,135,70,53,90,77,45,104,89"/><T107/><D75/><U115/><E118/><V131/><F121/><W63/><G77/><T25/><D40/><U69/><E120/><V127/><F42/><W72/><G72/><T98/><D35/><U99/><E111/><V93/><F68/><W29/><G17/><T51/><D25/><U74/><E129/><V31/><F66/><W64/><G135/><T0/><D78/><U3/><E115/><V103/><F133/><W79/><G79/><T112/><D98/><U57/><E57/><V134/><F134/><W1/><G29/><T81/><D59/><U102/><E69/><V56/><F56/><W119/><G119/><T22/><D22/><U116/><E74/><V37/><F37/><W46/><G53/><T117/><D87/><U61/><E61/><V113/><F113/><W49/><G49/><T44/><D51/><U23/><E73/><V71/><F71/><W55/><G55/><T36/><D81/><U12/><E116/><V27/><F34/><W26/><G26/><T83/><D83/><U125/><E125/><N who="2" m="48203" /><F131/><W110/><G110/><T60/><D60/><U114/><E114/><V123/><F123/><W10/><G130/><T54/><D36/><U20/><E20/><N who="2" m="11391" /><F85/><W132/><G132/><T101/><D44/><U50/><E50/><V80/><F80/><W126/><G126/><T108/><D108/><U84/><E97/><AGARI ba="1,0" hai="8,11,27,31,33,93,97,103" m="11391,48203" machi="97" ten="30,1000,0" yaku="18,1" doraHai="32" who="2" fromWho="1" sc="279,0,250,-13,221,13,250,0" /><INIT seed="1,0,0,2,2,51" ten="279,237,234,250" oya="1" hai0="117,27,89,88,96,114,1,37,62,32,42,12,92" hai1="124,123,43,68,76,77,33,5,16,91,80,78,128" hai2="75,24,111,102,94,19,73,112,98,101,66,3,65" hai3="95,127,107,59,84,81,125,99,8,4,64,113,35"/><U39/><E123/><V50/><F3/><W13/><G35/><T20/><D1/><U36/><E128/><V63/><F111/><W47/><G107/><T52/><D114/><U110/><E68/><V15/><F112/><W10/><G113/><T67/><D32/><U38/><E124/><V133/><F133/><W90/><G64/><T86/><D117/><U53/><E33/><V83/><F24/><W87/><G59/><N who="0" m="35175" /><D37/><U44/><E5/><V60/><F101/><W57/><G57/><T9/><D67/><U55/><E16/><V119/><F83/><W122/><G122/><T40/><D12/><U30/><E30/><V71/><F50/><W0/><G47/><T69/><D9/><U72/><E110/><V6/><F6/><W103/><G0/><T134/><D69/><U109/><E109/><V49/><F49/><W7/><G8/><T46/><D46/><U70/><E70/><V108/><F119/><W14/><G13/><T11/><D11/><U29/><E72/><V105/><F105/><W41/><G4/><T61/><D61/><U118/><E118/><V2/><F2/><W130/><G127/><T18/><D134/><U85/><REACH who="1" step="1"/><E29/><REACH who="1" ten="279,227,234,250" step="2"/><V34/><F34/><W23/><G125/><T45/><D45/><U28/><E28/><V116/><F116/><W82/><G7/><T100/><D100/><U54/><AGARI ba="0,1" hai="36,38,39,43,44,53,54,55,76,77,78,80,85,91" machi="54" ten="30,12000,1" yaku="1,1,0,1,52,3,53,0" doraHai="51" doraHaiUra="17" who="1" fromWho="1" sc="279,-40,227,130,234,-40,250,-40" /><INIT seed="1,1,0,5,2,127" ten="239,357,194,210" oya="1" hai0="25,17,64,89,52,45,131,109,75,100,19,39,78" hai1="121,34,72,41,98,3,84,126,96,22,92,47,59" hai2="71,123,70,18,44,133,66,105,87,37,130,2,114" hai3="77,6,26,90,129,122,21,0,118,101,11,10,110"/><U14/><E121/><V24/><F123/><W20/><G122/><T58/><D109/><U63/><E34/><V33/><F18/><W95/><G101/><T91/><D100/><U132/><E132/><V55/><F87/><W42/><G110/><T5/><D5/><U79/><E3/><V9/><F55/><W29/><G77/><T8/><D64/><U124/><E72/><V51/><F51/><W56/><G118/><T85/><D75/><U83/><E22/><V102/><F133/><W113/><G113/><T35/><D78/><U93/><E14/><V68/><F114/><W117/><G117/><T134/><D89/><U81/><E81/><V99/><F66/><W12/><G56/><T104/><D104/><U106/><E96/><V7/><F44/><W60/><G60/><T31/><D8/><U15/><E15/><V61/><F61/><W28/><G42/><T107/><D107/><U74/><E106/><V1/><F1/><W27/><G90/><T36/><D45/><U62/><E62/><V135/><F37/><W16/><G95/><T53/><D39/><N who="1" m="21951" /><E98/><V108/><F135/><W54/><G54/><T86/><D36/><U30/><E74/><V112/><F112/><W125/><G125/><N who="1" m="48234" /><E30/><N who="2" m="19655" /><F108/><W103/><G103/><T88/><D134/><U116/><E116/><V48/><F48/><W97/><G97/><T128/><D31/><U38/><E38/><V49/><F49/><W94/><G94/><T46/><D46/><U50/><E50/><V111/><F111/><W57/><G57/><T4/><D58/><U23/><E23/><V115/><F115/><RYUUKYOKU ba="1,0" sc="239,-30,357,10,194,10,210,10" hai1="59,63,79,83,84,92,93" hai2="2,7,9,68,70,71,99,102,105,130" hai3="0,6,10,11,12,16,20,21,26,27,28,29,129" /><INIT seed="1,2,0,2,1,48" ten="209,367,204,220" oya="1" hai0="19,65,29,7,106,62,114,99,71,113,21,82,79" hai1="8,74,13,116,112,39,3,26,132,14,104,68,76" hai2="9,32,36,118,63,121,60,56,11,15,111,44,72" hai3="120,66,127,77,54,5,16,125,94,40,70,98,35"/><U64/><E76/><V102/><F118/><W28/><G120/><T107/><D7/><U134/><E64/><V34/><F121/><W135/><G40/><T24/><D19/><U20/><E68/><V17/><F72/><W93/><G5/><T0/><D0/><U89/><E89/><V10/><F111/><W109/><G77/><T18/><D18/><U30/><E104/><V49/><F36/><W81/><G81/><T73/><REACH who="0" step="1"/><D99/><REACH who="0" ten="199,367,204,220" step="2"/><U126/><E3/><V117/><F117/><W33/><G98/><T38/><D38/><U6/><E39/><V110/><F110/><W37/><G37/><T83/><D83/><U97/><E97/><V12/><F17/><W53/><G16/><T91/><D91/><U43/><E116/><V1/><F1/><W42/><G109/><T119/><D119/><U90/><E6/><V95/><F15/><W129/><G125/><T92/><D92/><U22/><E90/><V105/><F12/><W131/><G94/><T52/><D52/><U87/><E14/><V51/><F95/><W58/><G93/><T128/><D128/><U61/><E13/><V96/><F11/><W85/><G127/><T50/><D50/><U133/><E8/><V41/><F10/><W80/><G129/><T130/><D130/><U103/><E126/><V124/><F9/><W31/><G131/><T47/><D47/><U25/><E134/><V101/><F124/><W100/><G80/><T122/><D122/><U86/><E133/><V115/><F51/><W45/><G135/><T59/><D59/><U88/><E132/><V67/><F56/><RYUUKYOKU ba="2,1" sc="199,30,367,-10,204,-10,220,-10" hai0="21,24,29,62,65,71,73,79,82,106,107,113,114" /><INIT seed="2,3,1,1,4,134" ten="229,357,194,210" oya="2" hai0="110,62,120,71,12,106,57,25,18,115,9,3,103" hai1="84,51,37,54,85,55,69,52,91,13,0,33,23" hai2="2,67,64,36,114,59,102,123,32,53,89,15,125" hai3="116,130,38,92,98,88,56,86,107,111,104,63,27"/><V19/><F114/><W29/><G116/><T97/><D110/><U45/><E33/><V21/><F123/><W14/><G111/><T20/><D120/><U60/><E0/><V117/><F117/><W35/><G38/><T113/><D71/><U66/><E37/><V127/><F36/><W50/><G130/><T119/><D3/><U30/><E13/><V24/><F2/><W11/><G50/><T17/><REACH who="0" step="1"/><D119/><REACH who="0" ten="219,357,194,210" step="2"/><U47/><E69/><V81/><F32/><W93/><G98/><T83/><D83/><U87/><E47/><V99/><F81/><W95/><G107/><T8/><D8/><U70/><REACH who="1" step="1"/><E91/><REACH who="1" ten="219,347,194,210" step="2"/><V77/><F89/><W122/><G122/><T4/><D4/><U126/><E126/><N who="2" m="48139" /><F77/><W132/><G132/><T68/><D68/><U39/><E39/><V96/><F15/><W100/><G14/><T74/><D74/><U7/><E7/><V94/><F99/><W80/><G88/><T133/><D133/><U65/><E65/><AGARI ba="3,3" hai="9,12,17,18,20,25,57,62,65,97,103,106,113,115" machi="65" ten="30,2000,0" yaku="1,1,7,1,53,0" doraHai="134" doraHaiUra="43" who="0" fromWho="1" sc="219,59,347,-29,194,0,210,0" /><INIT seed="3,0,0,5,4,56" ten="278,318,194,210" oya="3" hai0="124,102,123,103,63,71,83,27,22,114,82,1,92" hai1="46,54,47,132,115,34,49,13,131,109,41,119,118" hai2="21,32,15,28,57,130,104,100,50,38,51,112,80" hai3="7,121,73,3,30,61,135,65,101,69,35,133,8"/><W88/><G121/><T128/><D123/><U94/><E34/><V97/><F112/><W33/><G73/><T45/><D1/><U31/><E31/><V55/><F38/><W108/><G108/><T42/><D124/><U81/><E115/><V85/><F130/><W105/><G88/><T58/><D71/><U4/><E94/><V110/><F32/><W125/><G125/><T59/><D128/><U44/><E109/><V84/><F110/><W70/><G69/><T11/><D11/><U107/><E107/><V116/><F116/><N who="1" m="44585" /><E81/><V37/><F37/><W90/><G90/><T67/><D59/><N who="1" m="33231" /><E13/><V52/><F80/><W43/><G43/><T17/><D114/><U0/><E4/><V64/><F64/><W23/><G23/><T98/><REACH who="0" step="1"/><D102/><REACH who="0" ten="268,318,194,210" step="2"/><U48/><E0/><V24/><REACH who="2" step="1"/><F15/><REACH who="2" ten="268,318,184,210" step="2"/><W113/><G113/><T62/><D62/><U74/><E131/><V26/><F26/><N who="3" m="18647" /><G35/><T76/><D76/><U72/><E132/><V36/><F36/><AGARI ba="0,2" hai="17,22,27,36,42,45,58,63,67,82,83,92,98,103" machi="36" ten="30,7700,0" yaku="1,1,7,1,52,1,53,1" doraHai="56" doraHaiUra="12" who="0" fromWho="2" sc="268,97,318,0,184,-77,210,0" /><INIT seed="4,0,0,5,0,2" ten="365,318,107,210" oya="0" hai0="71,81,130,33,65,7,129,17,21,118,82,44,36" hai1="56,117,15,47,76,123,74,9,53,113,63,30,95" hai2="28,133,8,134,45,83,100,115,68,50,124,16,91" hai3="24,128,54,103,23,98,89,55,70,38,1,69,12"/><T79/><D33/><U26/><E117/><V57/><F68/><W5/><G1/><T64/><D118/><U62/><E123/><V132/><F28/><W0/><G0/><T85/><D71/><U135/><E135/><V34/><F34/><W43/><G128/><N who="0" m="49259" /><D7/><U11/><E113/><V101/><F115/><W22/><G43/><N who="0" m="22631" /><D82/><U10/><E47/><V67/><F124/><W46/><G46/><T93/><D93/><U108/><E95/><V52/><F67/><W116/><G116/><T119/><D119/><U127/><E127/><V25/><F57/><W102/><G5/><T27/><AGARI ba="0,0" hai="17,21,27,64,65,79,81,85" m="22631,49259" machi="27" ten="30,1500,0" yaku="19,1" doraHai="2" who="0" fromWho="0" sc="365,15,318,-5,107,-5,210,-5" /><INIT seed="4,1,0,2,1,117" ten="380,313,102,205" oya="0" hai0="125,75,4,95,104,20,96,127,91,110,50,130,107" hai1="109,79,29,123,113,81,43,53,39,0,88,58,69" hai2="17,121,126,44,22,62,72,89,59,111,103,131,26" hai3="124,2,77,36,5,47,94,57,19,68,101,37,92"/><T63/><D4/><U97/><E109/><V112/><F111/><W34/><G68/><T42/><D63/><U61/><E113/><V30/><F126/><N who="0" m="48138" /><D42/><U99/><E0/><V27/><F72/><W83/><G2/><T80/><D50/><U78/><E123/><V87/><F112/><W12/><G5/><T51/><D51/><U55/><E69/><V38/><F103/><W46/><G101/><T56/><D56/><U118/><E118/><V7/><F7/><W76/><G57/><T25/><D25/><U119/><E119/><V60/><F131/><W45/><G124/><T73/><D20/><U71/><E29/><V67/><F121/><W115/><G34/><T98/><D130/><U106/><E55/><V100/><F100/><W128/><G115/><T40/><D40/><U65/><E43/><V120/><F120/><W48/><G48/><T31/><D31/><U84/><E39/><V102/><F102/><W15/><G46/><T21/><D21/><U41/><E41/><V33/><F62/><W8/><G8/><T24/><D24/><U18/><E18/><V122/><F122/><W66/><G19/><T85/><D110/><U93/><E106/><N who="0" m="40489" /><D98/><U74/><REACH who="1" step="1"/><E78/><AGARI ba="1,0" hai="73,75,78,80,85,91,95,96" m="40489,48138" machi="78" ten="30,5800,0" yaku="18,1,34,2" doraHai="117" who="0" fromWho="1" sc="380,61,313,-61,102,0,205,0" /><INIT seed="4,2,0,1,0,79" ten="441,252,102,205" oya="0" hai0="25,113,70,89,119,91,62,105,2,100,35,32,42" hai1="11,103,98,17,99,6,118,9,63,4,69,112,95" hai2="68,125,49,26,128,77,93,36,3,135,107,29,81" hai3="96,104,41,123,134,14,117,110,51,21,75,82,76"/><T15/><D2/><U53/><E118/><V87/><F36/><W20/><G117/><T67/><D113/><U65/><E112/><V122/><F122/><W18/><G110/><T56/><D42/><U97/><E17/><V1/><F107/><W40/><G123/><T61/><D15/><U24/><E24/><V8/><F125/><W30/><G134/><T44/><D44/><U83/><E53/><V19/><F135/><W59/><G104/><T50/><D50/><U12/><REACH who="1" step="1"/><E83/><REACH who="1" ten="441,242,102,205" step="2"/><V47/><F19/><W13/><G18/><T46/><D25/><U133/><E133/><V116/><F116/><W120/><G82/><T101/><D119/><U10/><E10/><V102/><F8/><W39/><G120/><T129/><D129/><U45/><E45/><V52/><F128/><W0/><G40/><T34/><D46/><U5/><E5/><V84/><F3/><AGARI ba="2,1" hai="3,4,6,9,11,12,63,65,69,95,97,98,99,103" machi="3" ten="30,2000,0" yaku="1,1,7,1,53,0" doraHai="79" doraHaiUra="55" who="1" fromWho="2" sc="441,0,242,36,102,-26,205,0" /><INIT seed="5,0,0,4,0,106" ten="441,278,76,205" oya="1" hai0="71,85,110,14,115,120,117,74,41,24,20,23,133" hai1="46,112,130,78,17,79,127,86,111,128,91,124,90" hai2="50,30,116,47,13,102,131,70,34,44,31,64,45" hai3="12,33,123,25,57,39,82,65,89,35,3,103,135"/><U32/><E32/><V80/><F116/><W36/><G3/><T97/><D74/><U104/><E17/><V114/><F131/><N who="1" m="50217" /><E46/><V40/><F114/><W134/><G12/><T53/><D115/><U16/><E112/><V121/><F121/><W68/><G123/><T107/><D71/><U21/><E104/><V125/><F125/><N who="1" m="48201" /><E111/><V42/><F34/><W1/><G68/><T118/><D110/><U22/><E22/><V101/><F45/><W108/><G33/><T51/><D20/><U55/><E55/><V43/><F43/><W66/><G35/><T4/><D23/><U60/><E60/><V94/><F64/><W27/><G65/><T72/><D107/><U76/><E86/><V132/><F70/><W7/><G66/><T105/><D85/><U96/><E96/><V59/><F59/><W100/><G57/><T5/><D97/><U87/><E87/><V18/><F47/><W37/><G108/><T6/><D105/><U8/><E8/><V38/><F42/><W122/><G36/><T26/><D53/><U119/><E119/><V84/><F38/><W129/><G37/><T62/><D62/><U2/><E2/><V98/><F31/><W93/><G39/><T48/><D41/><U99/><E99/><V15/><F30/><W52/><G52/><T10/><D10/><U77/><N who="1" m="19456" /><DORA hai="83" /><U88/><E90/><N who="2" m="51463" /><F18/><W63/><G129/><T9/><D118/><U58/><E58/><V126/><F126/><W61/><G1/><T49/><D117/><U73/><E73/><V56/><F56/><W67/><G67/><T19/><D72/><RYUUKYOKU ba="0,0" sc="441,-10,278,30,76,-10,205,-10" hai1="16,21,88,91" /><INIT seed="5,1,0,0,3,59" ten="431,308,66,195" oya="1" hai0="52,107,78,74,80,66,94,115,76,44,65,23,117" hai1="45,63,116,38,2,26,40,1,129,70,16,106,51" hai2="3,19,99,102,58,134,69,114,98,110,132,128,109" hai3="79,113,133,50,108,33,120,104,7,135,118,130,71"/><U4/><E116/><V86/><F69/><W32/><G50/><T103/><D107/><U60/><E106/><V42/><F42/><W121/><G79/><T100/><D76/><U11/><E2/><V53/><F3/><W101/><G7/><T92/><D115/><U77/><E70/><V64/><F64/><W131/><G101/><T68/><D68/><U62/><E77/><V15/><F114/><W9/><G104/><T25/><D94/><U89/><E89/><V5/><F5/><W57/><G57/><T81/><D81/><U48/><REACH who="1" step="1"/><E129/><REACH who="1" ten="431,298,66,195" step="2"/><V21/><F128/><W125/><G71/><T39/><D78/><U61/><N who="1" m="15360" /><DORA hai="95" /><U13/><E13/><V72/><F102/><W91/><G91/><T127/><D117/><U0/><E0/><V8/><F15/><W55/><G118/><T88/><D88/><U112/><E112/><V93/><F110/><W126/><G108/><T75/><D100/><U122/><E122/><V24/><F109/><W56/><G113/><T67/><D103/><U54/><E54/><V28/><F53/><W43/><G55/><T18/><D52/><U73/><E73/><V96/><F72/><W49/><G131/><T90/><D75/><U82/><E82/><V111/><F111/><W119/><G130/><T123/><D80/><U35/><E35/><V14/><F58/><W30/><G56/><T46/><D74/><U84/><E84/><V22/><F8/><W31/><G119/><T97/><D123/><U29/><E29/><V37/><F28/><W34/><G30/><N who="0" m="17727" /><D66/><U47/><E47/><V36/><F86/><RYUUKYOKU ba="1,1" sc="431,-10,298,30,66,-10,195,-10" hai1="1,4,11,16,26,38,40,45,48,51" /><INIT seed="5,2,1,5,0,92" ten="421,328,56,185" oya="1" hai0="28,38,98,33,118,19,78,12,135,2,67,65,116" hai1="46,77,21,39,87,76,94,41,86,47,80,102,15" hai2="25,105,36,114,111,68,4,6,29,121,40,35,83" hai3="22,129,5,97,1,8,91,82,64,23,31,84,132"/><U70/><E70/><V34/><F111/><W16/><G129/><T106/><D2/><U69/><E69/><V134/><F121/><W42/><G132/><T9/><D38/><U73/><E77/><V122/><F122/><W96/><G64/><T75/><D135/><U66/><E66/><V117/><F117/><W101/><G42/><T43/><D43/><U58/><E46/><V126/><F68/><W27/><REACH who="3" step="1"/><G101/><REACH who="3" ten="421,328,56,175" step="2"/><T62/><D65/><U63/><E41/><V120/><F134/><W74/><G74/><T109/><D75/><U59/><E102/><V93/><F120/><W30/><G30/><T13/><D28/><U128/><E73/><V89/><F40/><W108/><G108/><T37/><D67/><U32/><E128/><V79/><F36/><W17/><G17/><T115/><D19/><U61/><E39/><V18/><F18/><W26/><AGARI ba="2,2" hai="1,5,8,16,22,23,26,27,31,82,84,91,96,97" machi="26" ten="20,12000,2" yaku="1,1,0,1,7,1,52,2,54,1,53,0" doraHai="92" doraHaiUra="44" who="3" fromWho="3" sc="421,-32,328,-62,56,-32,175,146" /><INIT seed="6,0,0,5,5,80" ten="389,266,24,321" oya="2" hai0="130,113,49,23,44,18,89,120,52,1,12,8,116" hai1="101,114,47,108,73,15,115,87,82,123,78,112,38" hai2="74,36,22,6,10,24,26,126,71,2,119,135,30" hai3="54,63,27,13,42,93,32,69,9,43,61,118,110"/><V100/><F119/><W86/><G110/><T67/><D116/><U39/><E108/><V128/><F36/><W21/><G32/><T37/><D120/><U90/><E123/><V77/><F71/><W58/><G69/><T106/><D106/><U45/><E101/><V59/><F126/><W68/><G68/><T4/><D113/><U121/><E121/><V84/><F74/><W19/><G63/><T131/><D67/><U97/><E97/><V31/><F135/><W75/><G75/><T134/><D134/><U95/><REACH who="1" step="1"/><E15/><REACH who="1" ten="389,256,24,321" step="2"/><V72/><F100/><W94/><G118/><T11/><D130/><U53/><E53/><V83/><F128/><W111/><G111/><T29/><D12/><U125/><E125/><V65/><F72/><W55/><G54/><T132/><D52/><U129/><E129/><V41/><F41/><N who="3" m="15371" /><G86/><T40/><D40/><U16/><E16/><AGARI ba="0,1" hai="9,13,16,19,21,27,55,58,61,93,94" m="15371" machi="16" ten="30,2000,0" yaku="8,1,54,1" doraHai="80" who="3" fromWho="1" sc="389,0,256,-20,24,0,321,30" /><INIT seed="7,0,0,5,0,19" ten="389,236,24,351" oya="3" hai0="70,110,2,8,117,113,41,61,65,26,77,68,116" hai1="133,21,76,96,108,47,83,89,5,11,134,125,128" hai2="7,72,84,69,24,130,62,88,45,105,50,10,63" hai3="120,94,118,42,112,58,57,0,129,131,9,59,37"/><W22/><G118/><T49/><D110/><U32/><E32/><V86/><F72/><W104/><G104/><T126/><D68/><U66/><E108/><V85/><F130/><N who="3" m="49675" /><G120/><T36/><D36/><U14/><E128/><V39/><F105/><W122/><G122/><T16/><D113/><U103/><E125/><V74/><F74/><W43/><G37/><T12/><D126/><U29/><E47/><V132/><F132/><W51/><G112/><T92/><D77/><U109/><E109/><V102/><F39/><W38/><G38/><T87/><D2/><U100/><E66/><V1/><F102/><W73/><G73/><T121/><D121/><U40/><E40/><N who="3" m="15402" /><G94/><T3/><D3/><U35/><E35/><V15/><F1/><W6/><G51/><T124/><D124/><U106/><E103/><V111/><F111/><W46/><G46/><T91/><D41/><U27/><REACH who="1" step="1"/><E89/><REACH who="1" ten="389,226,24,351" step="2"/><V78/><F78/><W95/><G95/><T54/><D92/><U93/><E93/><V18/><F69/><W115/><G115/><T79/><D70/><U107/><E107/><V81/><F85/><AGARI ba="0,1" hai="5,11,14,21,27,29,76,83,85,96,100,106,133,134" machi="85" ten="40,5200,0" yaku="1,1,52,1,53,1" doraHai="19" doraHaiUra="98" who="1" fromWho="2" sc="389,0,226,62,24,-52,351,0" owari="389,49.0,288,-11.0,-28,-53.0,351,15.0" /></mjloggm>