<mjloggm ver="2.3"><GO type="185" lobby="0"/><UN n0="%E3%81%8A%E7%9F%A5%E3%82%89%E3%81%9B" n1="%E6%84%9B%E3%81%A8%E6%AD%A3%E7%BE%A9" n2="%54%72%61%76%69%53" n3="" dan="18,17,16,0" rate="2367.98,2255.23,2144.24,1500.00" sx="M,F,M,C"/><TAIKYOKU oya="0"/><INIT seed="0,0,0,1,1,110" ten="350,350,350,0" oya="0" hai0="118,125,64,69,63,120,83,67,1,61,32,87,102" hai1="46,48,91,131,38,123,57,98,55,75,76,92,95" hai2="130,104,54,37,82,127,111,44,109,79,124,35,101" hai3=""/><T89/><N who="0" m="30752" /><T56/><D118/><U78/><N who="1" m="31520" /><U105/><E131/><V90/><F35/><T133/><D32/><U80/><E78/><V59/><F130/><T108/><D1/><U81/><E81/><V103/><F90/><T97/><D125/><N who="2" m="48202" /><F44/><T128/><D128/><U0/><E0/><V93/><F37/><T33/><D33/><U121/><N who="1" m="31008" /><U85/><E105/><V114/><F101/><T53/><D133/><U68/><E68/><V115/><F93/><T94/><REACH who="0" step="1"/><D108/><REACH who="0" ten="340,350,350,0" step="2"/><N who="2" m="41546" /><F104/><T60/><D60/><U71/><E71/><V36/><F36/><T96/><D96/><U2/><E2/><V116/><F116/><T135/><D135/><U117/><E117/><V39/><F39/><T62/><D62/><U66/><E38/><V58/><F103/><T77/><D77/><U84/><E76/><V43/><F43/><T134/><D134/><U112/><E98/><V74/><F58/><T129/><D129/><U113/><E57/><V88/><F88/><T3/><D3/><U51/><E91/><V49/><AGARI ba="0,1" hai="49,54,59,74,79,82,114,115" m="41546,48202" machi="49" ten="30,5900,0" yaku="18,1,14,1,52,2" doraHai="110" who="2" fromWho="2" sc="340,-39,350,-20,350,69,0,0" /><INIT seed="1,0,0,3,4,90" ten="301,330,419,0" oya="1" hai0="81,88,45,110,1,74,51,91,78,77,85,42,34" hai1="2,98,118,111,122,60,65,48,128,62,63,119,38" hai2="47,54,70,134,66,124,68,37,52,87,35,76,133" hai3=""/><U69/><N who="1" m="31264" /><U120/><N who="1" m="30752" /><U57/><E2/><V39/><F35/><T92/><D110/><U103/><E111/><V89/><F76/><T132/><D132/><N who="2" m="50794" /><F124/><T102/><D1/><U59/><E38/><N who="2" m="14347" /><F66/><T135/><D135/><U113/><E113/><V82/><F47/><T84/><D34/><U50/><E128/><V96/><F96/><T116/><D116/><N who="1" m="44587" /><E98/><V71/><AGARI ba="0,0" hai="52,54,68,70,71,82,87,89" m="14347,50794" machi="71" ten="40,2000,0" yaku="20,1,54,1" doraHai="90" who="2" fromWho="2" sc="301,-7,330,-13,419,20,0,0" /><INIT seed="2,0,0,4,2,87" ten="294,317,439,0" oya="2" hai0="85,35,99,116,125,109,122,69,73,0,74,71,66" hai1="48,113,83,107,120,93,112,46,64,72,1,119,121" hai2="132,63,106,44,61,60,100,41,75,127,123,105,89" hai3=""/><V134/><N who="2" m="31520" /><V131/><F75/><T92/><N who="0" m="31264" /><T98/><D116/><U133/><N who="1" m="30752" /><U51/><N who="1" m="31008" /><U118/><E1/><V81/><F131/><T54/><D0/><U78/><E107/><V70/><F70/><T47/><D35/><U37/><E133/><N who="2" m="51307" /><F127/><T101/><D109/><U59/><E37/><V84/><F100/><T114/><D114/><U50/><E46/><V103/><F103/><T33/><D33/><U68/><E68/><V117/><F117/><N who="1" m="44553" /><E93/><V80/><F80/><T67/><D125/><U3/><E3/><V102/><F102/><T108/><D108/><U91/><E91/><V124/><F124/><T82/><D71/><U111/><E111/><V128/><F128/><T97/><D69/><U39/><E39/><AGARI ba="0,0" hai="39,41,44,60,61,63,81,84,89,105,106" m="51307,31520" machi="39" ten="30,5800,0" yaku="20,1,52,2" doraHai="87" who="2" fromWho="1" sc="294,0,317,-58,439,58,0,0" /><INIT seed="2,1,0,4,5,131" ten="294,259,497,0" oya="2" hai0="80,90,102,66,64,124,63,89,2,77,76,115,58" hai1="73,104,52,125,119,61,78,43,75,57,40,108,3" hai2="117,99,82,96,94,92,95,70,60,0,132,120,41" hai3=""/><V54/><N who="2" m="30752" /><V134/><F117/><T83/><D2/><U123/><N who="1" m="31520" /><U67/><E3/><V37/><F0/><T45/><D124/><U122/><N who="1" m="31264" /><U42/><E119/><V101/><F82/><T47/><D102/><U33/><E33/><V69/><F41/><T111/><D111/><U135/><E108/><V53/><F37/><T113/><D58/><U71/><E104/><V79/><F79/><T34/><REACH who="0" step="1"/><D63/><REACH who="0" ten="284,259,497,0" step="2"/><U68/><E125/><V98/><F101/><T127/><D127/><U121/><N who="1" m="31008" /><U129/><E129/><V85/><F60/><T128/><D128/><U87/><E135/><N who="2" m="51755" /><F85/><T35/><AGARI ba="1,1" hai="34,35,45,47,64,66,76,77,80,83,89,90,113,115" machi="35" ten="25,4800,0" yaku="1,1,0,1,22,2,53,0" doraHai="131" doraHaiUra="105" who="0" fromWho="0" sc="284,60,259,-17,497,-33,0,0" /><INIT seed="4,0,0,4,1,100" ten="344,242,464,0" oya="0" hai0="78,77,127,57,46,124,97,35,102,105,121,42,99" hai1="107,48,58,128,86,43,115,45,84,36,55,119,71" hai2="87,88,61,135,3,38,108,76,47,93,104,81,80" hai3=""/><T39/><N who="0" m="31008" /><T123/><N who="0" m="31520" /><T52/><D35/><U120/><N who="1" m="30752" /><U94/><E119/><V131/><F3/><T118/><D118/><U130/><E107/><V101/><F108/><T68/><D68/><U51/><E71/><V83/><F61/><T79/><REACH who="0" step="1"/><D99/><REACH who="0" ten="334,242,464,0" step="2"/><U109/><E109/><V90/><F135/><T66/><D66/><U32/><E32/><V74/><F131/><T133/><D133/><U37/><E115/><V110/><F110/><T117/><D117/><U65/><E65/><V1/><F1/><T64/><D64/><U72/><E128/><V126/><F126/><T50/><AGARI ba="0,1" hai="39,42,46,50,52,57,77,78,79,97,102,105,124,127" m="31520,31008" machi="50" ten="30,12000,2" yaku="1,1,0,1,52,3,54,1,53,0" doraHai="100" doraHaiUra="89" who="0" fromWho="0" sc="334,130,242,-60,464,-60,0,0" /><INIT seed="4,1,0,1,5,88" ten="464,182,404,0" oya="0" hai0="60,33,3,96,83,102,45,107,130,73,111,99,101" hai1="123,131,117,62,114,0,104,91,56,70,121,64,135" hai2="71,103,77,58,85,106,97,127,133,54,38,42,72" hai3=""/><T120/><N who="0" m="30752" /><T55/><D3/><U110/><N who="1" m="31008" /><U105/><N who="1" m="31520" /><U87/><E110/><V2/><F2/><T79/><D33/><U66/><E117/><V53/><F71/><T132/><D132/><U36/><E0/><V119/><F133/><T80/><D130/><U134/><E114/><V34/><F34/><T47/><D111/><U37/><E131/><V32/><F32/><T115/><D115/><U1/><E1/><V43/><F127/><T48/><D60/><U61/><E134/><V50/><F72/><T98/><D80/><U69/><E135/><V118/><F38/><T76/><D76/><U41/><E56/><V108/><F108/><T46/><REACH who="0" step="1"/><D96/><REACH who="0" ten="454,182,404,0" step="2"/><U68/><E68/><V81/><F119/><T94/><AGARI ba="1,1" hai="45,46,47,48,55,73,79,83,94,98,99,101,102,107" m="30752" machi="94" ten="20,12000,2" yaku="1,1,2,1,0,1,7,1,52,2,53,0" doraHai="88" doraHaiUra="112" who="0" fromWho="0" sc="454,132,182,-61,404,-61,0,0" /><INIT seed="4,2,0,4,2,66" ten="586,121,343,0" oya="0" hai0="1,98,97,67,133,90,34,56,123,49,32,72,93" hai1="112,117,120,54,40,131,118,64,115,95,68,85,109" hai2="101,119,37,106,57,75,103,127,3,108,104,134,88" hai3=""/><T42/><N who="0" m="31520" /><T0/><D72/><U80/><N who="1" m="30752" /><U130/><E109/><V128/><F57/><T125/><D125/><U132/><E132/><V47/><F47/><T2/><D133/><U89/><E40/><V99/><F37/><T35/><D67/><U78/><E54/><V105/><F3/><T86/><REACH who="0" step="1"/><D56/><REACH who="0" ten="576,121,343,0" step="2"/><U77/><E64/><V53/><F134/><T114/><D114/><N who="1" m="43563" /><E68/><V65/><F65/><T102/><D102/><N who="2" m="38922" /><F127/><T124/><D124/><U48/><E48/><V52/><F75/><T94/><D94/><U33/><E33/><V111/><F119/><N who="1" m="45577" /><E78/><V82/><F111/><T44/><AGARI ba="2,1" hai="0,1,2,32,34,35,42,44,49,86,90,93,97,98" m="31520" machi="44" ten="40,5200,0" yaku="1,1,0,1,52,1,53,0" doraHai="66" doraHaiUra="60" who="0" fromWho="0" sc="576,66,121,-28,343,-28,0,0" /><INIT seed="4,3,0,4,5,54" ten="642,93,315,0" oya="0" hai0="90,110,121,131,67,57,101,37,68,112,56,95,84" hai1="88,45,58,64,129,75,61,126,91,77,135,41,70" hai2="124,128,86,97,42,36,53,43,55,60,96,106,119" hai3=""/><T1/><N who="0" m="31008" /><T51/><D1/><U99/><E135/><V52/><F128/><T46/><D112/><U47/><E129/><V122/><N who="2" m="31264" /><V78/><F124/><T32/><D32/><U3/><E3/><V38/><F119/><T109/><D131/><U74/><E126/><V111/><F111/><N who="0" m="42506" /><D37/><U79/><E70/><V94/><F106/><T108/><D101/><U103/><E75/><V92/><F78/><T125/><D125/><U50/><E47/><V63/><F55/><T73/><D73/><U66/><E66/><V76/><F76/><T123/><N who="0" m="31520" /><T65/><D108/><U72/><E72/><V132/><REACH who="2" step="1"/><F86/><REACH who="2" ten="642,93,305,0" step="2"/><T87/><D87/><U44/><E44/><V83/><F83/><T81/><D81/><U100/><E74/><V115/><F115/><T48/><D65/><U93/><E77/><V105/><F105/><T102/><D67/><U89/><E79/><V107/><F107/><T98/><D84/><U114/><E114/><V40/><F40/><T118/><D118/><U71/><E71/><V127/><F127/><T104/><D104/><U113/><E113/><V33/><F33/><T2/><D2/><U130/><E130/><V39/><F39/><T49/><D46/><U35/><E35/><RYUUKYOKU ba="3,1" sc="642,-20,93,10,305,10,0,0" hai1="41,45,50,58,61,64,88,89,91,93,99,100,103" hai2="36,38,42,43,52,53,60,63,92,94,96,97,132" /><INIT seed="5,4,1,4,5,90" ten="622,103,315,0" oya="1" hai0="48,110,116,46,114,55,37,69,56,71,128,96,118" hai1="120,50,129,63,78,130,66,70,39,119,64,53,89" hai2="95,98,76,68,43,32,99,93,72,125,134,111,73" hai3=""/><U91/><N who="1" m="30752" /><U85/><E119/><N who="0" m="45609" /><D114/><U112/><E112/><V84/><F32/><T58/><D128/><N who="1" m="49259" /><E39/><V40/><F68/><N who="0" m="26186" /><D110/><U131/><N who="1" m="49267" /><U54/><DORA hai="83" /><E64/><V75/><F111/><T101/><D37/><U135/><E135/><V2/><F2/><T67/><D67/><U77/><E89/><V126/><F134/><T106/><AGARI ba="4,1" hai="46,48,55,56,58,96,101,106" m="26186,45609" machi="106" ten="30,800,0" yaku="12,1" doraHai="90,83" who="0" fromWho="0" sc="622,26,103,-9,315,-7,0,0" /><INIT seed="6,0,0,5,2,80" ten="648,94,308,0" oya="2" hai0="57,102,54,118,38,76,135,125,81,98,97,44,99" hai1="73,114,124,40,120,127,121,75,87,3,59,128,35" hai2="72,55,116,1,122,115,43,103,53,123,79,2,108" hai3=""/><V78/><N who="2" m="31264" /><V42/><N who="2" m="31520" /><V45/><F116/><T105/><D118/><U84/><N who="1" m="30752" /><U96/><N who="1" m="31008" /><U66/><E3/><V93/><F115/><T83/><D135/><U94/><E35/><V52/><F108/><T50/><D125/><N who="1" m="48203" /><E40/><N who="2" m="15403" /><F72/><N who="1" m="27721" /><E114/><V131/><F1/><T37/><D83/><U129/><E66/><V70/><F131/><N who="1" m="50249" /><E59/><V82/><F70/><T60/><D37/><U39/><E39/><V67/><F2/><T0/><D38/><U33/><E33/><V110/><F110/><T91/><D0/><U111/><E111/><V86/><F67/><T51/><D51/><U106/><E106/><V133/><F45/><T65/><D91/><U92/><E96/><V41/><F41/><T46/><D46/><U48/><E48/><V47/><F47/><T89/><D89/><U49/><E49/><V134/><F79/><T69/><D69/><U74/><N who="1" m="27729" /><AGARI ba="0,0" hai="44,50,54,57,60,65,74,76,81,97,98,99,102,105" machi="74" ten="30,2000,0" yaku="3,1,7,1" doraHai="80" who="0" fromWho="1" sc="648,20,94,-20,308,0,0,0" owari="668,62.0,74,-53.0,308,-9.0,0,0.0" /></mjloggm>