<mjloggm ver="2.3"><GO type="185" lobby="0"/><UN n0="%6B%75%72%74" n1="%6B%6F%7A" n2="%6D%74%6B%47%65%72%6D" n3="" dan="16,16,16,0" rate="2153.74,2148.24,2072.96,1500.00" sx="M,M,M,C"/><TAIKYOKU oya="0"/><INIT seed="0,0,0,2,0,110" ten="350,350,350,0" oya="0" hai0="107,71,32,106,120,85,101,68,83,67,35,108,51" hai1="44,52,37,53,0,45,119,87,72,59,131,86,104" hai2="118,41,70,124,79,43,134,58,98,76,96,112,82" hai3=""/><T62/><N who="0" m="30752" /><T127/><D127/><U47/><E119/><V40/><F118/><T109/><D51/><U91/><E0/><V103/><F124/><T111/><D71/><U34/><E72/><V39/><F70/><T61/><D61/><U133/><E34/><N who="0" m="12841" /><D101/><U121/><N who="1" m="31008" /><U42/><E104/><V115/><F134/><T125/><D125/><U105/><E105/><V65/><F39/><T50/><D50/><U49/><E133/><V132/><F132/><T60/><D60/><U66/><E66/><V135/><F135/><T117/><D117/><U84/><E131/><V2/><F2/><T57/><D68/><U116/><E116/><V129/><F129/><T38/><D38/><U81/><REACH who="1" step="1"/><E47/><REACH who="1" ten="350,340,350,0" step="2"/><V80/><F65/><T128/><D128/><U54/><E54/><V69/><F69/><T63/><D63/><AGARI ba="0,1" hai="37,42,44,45,49,52,53,59,63,81,84,86,87,91" m="31008" machi="63" ten="30,8000,1" yaku="1,1,7,1,52,1,54,1,53,1" doraHai="110" doraHaiUra="56" who="1" fromWho="0" sc="350,-80,340,90,350,0,0,0" /><INIT seed="1,0,0,1,1,49" ten="270,430,350,0" oya="1" hai0="107,93,94,112,79,109,55,61,85,95,84,35,56" hai1="111,129,32,48,88,110,46,3,127,78,102,63,57" hai2="65,2,75,134,90,131,40,126,69,116,45,97,47" hai3=""/><U132/><E3/><V122/><N who="2" m="31264" /><V123/><N who="2" m="31520" /><V54/><F2/><T66/><D35/><U91/><E32/><V118/><F75/><T92/><D107/><U59/><E129/><V80/><F65/><T43/><D109/><N who="1" m="41483" /><E132/><V58/><F69/><T37/><D112/><U101/><E78/><V99/><F131/><T67/><D37/><U121/><N who="1" m="31008" /><U103/><E127/><V33/><F126/><T83/><D43/><U133/><E133/><V0/><F134/><T120/><N who="0" m="30752" /><T104/><D104/><U89/><E63/><V64/><F0/><T106/><D106/><U1/><E1/><V77/><F33/><T105/><D105/><U38/><E38/><V39/><F118/><T42/><D42/><AGARI ba="0,0" hai="42,46,48,57,59,88,89,91,101,102,103" m="31008,41483" machi="42" ten="40,12000,1" yaku="14,1,10,1,52,1,54,1" doraHai="49" who="1" fromWho="0" sc="270,-120,430,120,350,0,0,0" /><INIT seed="1,1,0,3,3,92" ten="150,550,350,0" oya="1" hai0="1,0,32,85,40,124,35,41,96,104,129,71,114" hai1="80,95,113,70,47,121,48,116,118,84,54,51,81" hai2="88,46,75,77,119,99,53,49,3,61,107,110,67" hai3=""/><U122/><N who="1" m="31008" /><U115/><N who="1" m="31264" /><U66/><E66/><V125/><F3/><T102/><D114/><U123/><N who="1" m="31520" /><U131/><E70/><V38/><F119/><T82/><D71/><U65/><E65/><V79/><F125/><T74/><D124/><U57/><E131/><V120/><N who="2" m="30752" /><V134/><F38/><T37/><D129/><U106/><E106/><V109/><F134/><T36/><D74/><U56/><E95/><V112/><F75/><T128/><D128/><U105/><E105/><V62/><F62/><T91/><D35/><U52/><E84/><V117/><F117/><T58/><D32/><U2/><E47/><V90/><F112/><T97/><D1/><AGARI ba="1,0" hai="1,2,48,51,52,54,56,57,80,81,113,115,116,118" m="31520,31264,31008" machi="1" ten="25,18000,2" yaku="22,2,52,3,54,1" doraHai="92" who="1" fromWho="0" sc="150,-182,550,182,350,0,0,0" owari="-32,-63.0,732,68.0,350,-5.0,0,0.0" /></mjloggm>