<mjloggm ver="2.3"><GO type="169" lobby="0"/><UN n0="%77%61%77%61%33%30%33%30" n1="%E9%9B%A3%E6%94%BB%E4%B8%8D%E8%90%BD%E3%81%AE%E9%89%84%E9%A8%8E%E5%85%B5" n2="%E3%83%80%E3%83%8B%E3%83%90%E3%83%81%E3%83%A7%E3%83%95" n3="%E7%88%86%E7%89%8C%E3%82%A6%E3%82%B7%E3%82%B8%E3%83%9E%E3%81%8F%E3%82%93" dan="16,16,16,17" rate="2132.47,2103.04,2096.23,2154.43" sx="M,M,M,M"/><TAIKYOKU oya="0"/><INIT seed="0,0,0,0,1,108" ten="250,250,250,250" oya="0" hai0="46,28,77,130,78,13,27,90,25,35,75,111,58" hai1="7,17,131,117,127,99,41,122,49,121,92,48,132" hai2="69,105,33,11,10,120,3,43,89,91,55,66,34" hai3="68,56,100,50,97,60,85,86,9,36,42,133,21"/><T113/><D111/><U20/><E117/><V40/><F55/><W61/><G133/><T71/><D71/><U24/><E127/><V2/><F69/><W4/><G36/><T82/><D130/><U53/><E132/><V67/><REACH who="2" step="1"/><F105/><REACH who="2" ten="250,250,240,250" step="2"/><W32/><G68/><T125/><D125/><U114/><E122/><AGARI ba="0,1" hai="2,3,10,11,33,34,40,43,66,67,89,91,120,122" machi="122" ten="25,6400,0" yaku="1,1,2,1,22,2,53,0" doraHai="108" doraHaiUra="80" who="2" fromWho="1" sc="250,0,250,-64,240,74,250,0" /><INIT seed="1,0,0,0,4,52" ten="250,186,314,250" oya="1" hai0="53,109,7,100,111,11,55,23,114,129,29,98,33" hai1="133,66,21,117,45,84,25,126,30,91,36,6,70" hai2="28,87,76,4,81,90,105,10,110,123,78,118,88" hai3="80,131,13,9,77,116,121,64,125,102,40,127,58"/><U44/><E117/><V18/><F123/><W20/><G121/><T26/><D114/><U35/><E126/><V63/><F110/><W41/><G102/><T34/><D129/><U73/><E133/><V128/><F128/><W72/><G131/><T56/><D55/><U37/><E73/><V2/><F118/><W135/><G20/><T103/><D100/><U50/><E6/><V57/><F105/><W97/><G97/><T108/><D11/><U92/><E45/><V132/><F28/><W130/><G130/><T99/><D99/><U1/><E1/><V24/><F132/><W43/><G116/><T79/><D79/><U61/><REACH who="1" step="1"/><E35/><REACH who="1" ten="250,176,314,250" step="2"/><V75/><F75/><W46/><G46/><T5/><D33/><U93/><E93/><V82/><F4/><W86/><G135/><T12/><D34/><U134/><E134/><V115/><F2/><W60/><REACH who="3" step="1"/><G72/><REACH who="3" ten="250,176,314,240" step="2"/><T42/><D111/><U107/><E107/><V113/><F113/><W51/><G51/><T47/><D109/><U67/><E67/><V22/><F115/><W96/><G96/><T112/><D108/><U101/><E101/><V19/><F87/><W89/><G89/><T16/><D98/><U14/><E14/><V71/><F88/><W49/><G49/><N who="0" m="26871" /><D103/><U106/><E106/><V48/><F90/><W17/><AGARI ba="0,2" hai="9,13,17,40,41,43,58,60,64,77,80,86,125,127" machi="17" ten="30,7900,0" yaku="1,1,0,1,52,1,53,1" doraHai="52" doraHaiUra="59" who="3" fromWho="3" sc="250,-20,176,-39,314,-20,240,99" /><INIT seed="2,0,0,4,2,31" ten="230,137,294,339" oya="2" hai0="85,66,60,36,20,8,112,63,29,118,49,107,19" hai1="24,133,96,25,45,11,68,0,121,100,42,30,43" hai2="75,55,48,109,18,98,26,80,39,93,14,128,131" hai3="22,101,21,17,125,16,65,84,82,113,127,73,94"/><V129/><F39/><W104/><G65/><T97/><D112/><U50/><E133/><V2/><F2/><W53/><G113/><T132/><D132/><U76/><E121/><V41/><F41/><W44/><G104/><T32/><D36/><U6/><E68/><V46/><F109/><W79/><G44/><T57/><D118/><U71/><E71/><V64/><F64/><W120/><G53/><T33/><D29/><U1/><E25/><V15/><F26/><W52/><G52/><T102/><D8/><U115/><E115/><V72/><F80/><W70/><G70/><T78/><D63/><U56/><E76/><V116/><F116/><W69/><G69/><T40/><D85/><U67/><E43/><V103/><REACH who="2" step="1"/><F15/><REACH who="2" ten="230,137,284,339" step="2"/><W12/><G120/><T13/><REACH who="0" step="1"/><D78/><REACH who="0" ten="220,137,284,339" step="2"/><U61/><E1/><V110/><F110/><W105/><G79/><T123/><D123/><U92/><E30/><V62/><F62/><W10/><G125/><T135/><D135/><U9/><E9/><AGARI ba="0,2" hai="9,14,18,46,48,55,72,75,93,98,103,128,129,131" machi="9" ten="40,7700,0" yaku="1,1,19,1,53,1" doraHai="31" doraHaiUra="47" who="2" fromWho="1" sc="220,0,137,-77,284,97,339,0" /><INIT seed="2,1,0,3,2,5" ten="220,60,381,339" oya="2" hai0="51,113,70,8,96,3,74,1,120,64,20,43,84" hai1="104,30,80,115,67,29,42,69,105,47,45,131,101" hai2="36,27,77,68,12,0,102,63,35,50,2,62,28" hai3="32,41,91,25,21,130,54,75,126,65,124,33,111"/><V97/><F36/><W89/><G75/><T55/><D74/><U4/><E115/><V22/><F77/><W18/><G111/><T71/><D120/><U9/><E131/><V23/><F50/><W17/><G130/><T49/><D113/><U135/><E135/><V78/><F78/><W46/><G65/><T38/><D51/><U40/><E69/><V57/><F68/><W58/><G17/><T10/><D71/><U66/><E4/><V110/><F63/><N who="3" m="36311" /><G89/><T6/><D20/><U134/><E134/><V24/><F12/><W56/><G91/><T133/><D84/><U128/><E128/><V119/><F35/><W108/><G56/><N who="0" m="32879" /><D96/><U59/><E59/><V114/><F119/><W125/><G108/><T48/><D48/><AGARI ba="1,0" hai="18,21,25,32,33,41,46,48,124,125,126" m="36311" machi="48" ten="30,1000,0" yaku="18,1" doraHai="5" who="3" fromWho="0" sc="220,-13,60,0,381,0,339,13" /><INIT seed="3,0,0,3,0,78" ten="207,60,381,352" oya="3" hai0="115,51,58,30,5,94,67,1,65,95,100,132,120" hai1="53,33,56,112,107,99,57,114,9,105,81,113,47" hai2="92,123,6,27,135,52,66,39,54,111,118,59,11" hai3="20,14,117,8,128,43,90,64,44,63,76,16,91"/><W17/><G117/><T73/><D120/><U41/><E33/><V0/><F118/><W26/><G128/><T35/><D132/><U2/><E99/><V28/><F135/><W110/><G76/><T69/><D73/><U131/><E131/><V103/><F39/><W49/><REACH who="3" step="1"/><G110/><REACH who="3" ten="207,60,381,342" step="2"/><T3/><D115/><U45/><E113/><V101/><F111/><W38/><G38/><T7/><D1/><U127/><E2/><V23/><F123/><W116/><G116/><T50/><D3/><U13/><E114/><V124/><F124/><W48/><G48/><T96/><D50/><U134/><E112/><V108/><F108/><W109/><G109/><T80/><D51/><U79/><E127/><V119/><F119/><W42/><G42/><T12/><D69/><AGARI ba="0,1" hai="8,14,16,17,20,26,43,44,49,63,64,69,90,91" machi="69" ten="30,11600,0" yaku="1,1,7,1,54,1,53,1" doraHai="78" doraHaiUra="61" who="3" fromWho="0" sc="207,-116,60,0,381,0,342,126" /><INIT seed="3,1,0,5,5,134" ten="91,60,381,468" oya="3" hai0="83,120,114,112,58,110,66,65,85,37,122,51,82" hai1="111,33,2,25,118,67,24,15,109,19,9,97,49" hai2="6,101,57,54,14,43,50,16,62,106,42,132,128" hai3="115,29,75,13,39,1,3,74,70,84,44,90,22"/><W96/><G115/><N who="0" m="44075" /><D85/><U11/><E67/><N who="0" m="25609" /><D37/><U92/><E49/><V69/><F128/><W119/><G70/><T59/><D51/><U99/><E92/><V41/><F132/><W36/><G96/><T121/><D110/><N who="1" m="41995" /><E99/><V113/><F113/><W125/><G119/><T73/><D73/><U5/><E97/><V38/><F106/><W91/><G44/><T126/><D126/><U10/><E118/><V20/><F69/><W107/><G107/><T18/><D18/><N who="1" m="8559" /><E33/><V45/><F101/><W79/><G75/><T71/><D71/><U87/><E87/><V133/><F133/><W131/><G84/><T34/><D34/><U30/><E30/><V77/><F77/><W35/><G29/><T40/><D40/><U117/><E117/><V95/><F38/><W4/><G79/><T108/><D108/><U23/><E11/><N who="2" m="4471" /><F95/><W105/><G39/><T47/><D47/><U27/><AGARI ba="1,0" hai="2,5,10,19,23,24,25,27" m="8559,41995" machi="27" ten="30,4000,0" yaku="14,1,34,2" doraHai="134" who="1" fromWho="1" sc="91,-11,60,43,381,-11,468,-21" /><INIT seed="4,0,0,3,1,83" ten="80,103,370,447" oya="0" hai0="3,84,10,72,59,123,17,54,45,91,66,29,4" hai1="108,24,113,130,26,44,9,76,7,56,109,114,97" hai2="51,39,55,129,112,131,86,99,75,49,67,42,128" hai3="22,37,63,11,80,126,120,32,40,27,77,118,48"/><T116/><D123/><U1/><E97/><V127/><F75/><W14/><G118/><T87/><D116/><U5/><E56/><V90/><F112/><N who="1" m="43113" /><E44/><N who="2" m="23647" /><F127/><W115/><G32/><T38/><D72/><U132/><E76/><V105/><F67/><W94/><G37/><T82/><D29/><U98/><E98/><V30/><F30/><W41/><G126/><T107/><D107/><U89/><E89/><V21/><F21/><W34/><G34/><T122/><D122/><U52/><E52/><V125/><F125/><W65/><G48/><T8/><D66/><U96/><E96/><V133/><F133/><W15/><G94/><T50/><D84/><U85/><E85/><V93/><F55/><W46/><G65/><T43/><D10/><N who="1" m="2351" /><E132/><V73/><F73/><W62/><G77/><T134/><REACH who="0" step="1"/><D17/><REACH who="0" ten="70,103,370,447" step="2"/><U100/><E130/><V60/><F105/><W53/><G115/><T12/><D12/><N who="1" m="5183" /><E100/><V70/><F131/><W2/><G2/><T106/><D106/><U121/><E121/><V135/><F129/><W124/><G120/><T25/><D25/><AGARI ba="0,1" hai="24,25,26,108,109" m="5183,2351,43113" machi="25" ten="30,7700,0" yaku="15,1,11,1,34,2" doraHai="83" who="1" fromWho="0" sc="70,-77,103,87,370,0,447,0" owari="-7,-51.0,190,-21.0,370,17.0,447,55.0" /></mjloggm>