<mjloggm ver="2.3"><GO type="169" lobby="0"/><UN n0="%E3%82%82%E3%82%93%E3%81%94%E3%82%8B%30%36%31%35" n1="%E6%9D%BE%E5%8E%9F%E4%B8%8D%E7%8B%97" n2="%E9%AB%98%E6%A9%8B%E6%B7%B3" n3="%E3%83%95%E3%82%B5%E3%82%A6%E3%83%9F%E3%82%B3%E3%83%83%E3%83%97" dan="17,16,16,17" rate="2175.49,2135.08,2124.67,2224.95" sx="M,M,M,M"/><TAIKYOKU oya="0"/><INIT seed="0,0,0,0,3,99" ten="250,250,250,250" oya="0" hai0="101,134,90,113,86,97,7,96,33,21,5,82,3" hai1="115,111,9,91,121,10,8,49,73,118,88,131,16" hai2="56,39,14,4,18,46,92,79,70,80,133,19,63" hai3="100,51,44,64,24,66,0,57,135,43,60,124,38"/><T12/><D33/><U109/><E118/><V77/><F133/><W13/><G0/><T62/><D3/><U85/><E121/><V67/><F77/><W128/><G135/><T122/><D113/><U120/><E120/><V36/><F4/><W84/><G124/><T106/><D122/><U108/><E73/><V93/><F70/><W47/><G13/><T83/><D83/><U52/><E115/><V129/><F18/><W42/><G84/><T119/><D119/><U40/><E40/><V27/><F27/><W26/><G128/><T126/><D126/><U110/><E131/><V28/><F28/><W69/><G100/><T17/><D134/><U25/><E109/><V103/><F46/><W78/><G78/><T50/><D50/><U132/><E132/><V2/><F2/><W55/><REACH who="3" step="1"/><G66/><REACH who="3" ten="250,250,250,240" step="2"/><T15/><D15/><U127/><E127/><V41/><F103/><W53/><G53/><T30/><D30/><U117/><E117/><V130/><F79/><W87/><G87/><T48/><D97/><U112/><E112/><V35/><F14/><W20/><G20/><T75/><D75/><U22/><E85/><V116/><F116/><W61/><AGARI ba="0,1" hai="24,26,38,42,43,44,47,51,55,57,60,61,64,69" machi="61" ten="20,2700,0" yaku="1,1,0,1,7,1,53,0" doraHai="99" doraHaiUra="81" who="3" fromWho="3" sc="250,-13,250,-7,250,-7,240,37" /><INIT seed="1,0,0,0,4,85" ten="237,243,243,277" oya="1" hai0="49,67,78,91,120,37,39,40,94,117,54,55,72" hai1="33,112,93,12,126,48,4,128,10,92,95,130,76" hai2="21,86,74,83,17,70,81,109,116,25,42,119,56" hai3="9,0,46,20,43,106,8,62,66,82,47,90,45"/><U111/><E112/><V64/><F70/><W24/><G106/><T34/><D34/><U100/><E33/><V113/><F109/><W129/><G129/><N who="1" m="49770" /><E126/><V104/><F104/><W115/><G115/><T60/><D40/><U41/><E111/><V5/><F5/><W32/><G32/><T124/><D117/><U68/><E68/><V29/><F113/><W84/><G43/><T2/><D2/><U27/><E76/><V118/><F74/><W52/><G0/><T110/><D110/><U28/><E28/><V125/><F125/><W3/><G3/><T11/><D11/><U58/><E27/><V121/><F121/><W57/><REACH who="3" step="1"/><G66/><REACH who="3" ten="237,243,243,267" step="2"/><T73/><D124/><U1/><E1/><V7/><F64/><W38/><G38/><T131/><D131/><U108/><E108/><V53/><F118/><W71/><G71/><T77/><D37/><U132/><E41/><V122/><F42/><W103/><G103/><T16/><D39/><U107/><E107/><V44/><F116/><W102/><G102/><T19/><D67/><U50/><E100/><V135/><F119/><W13/><G13/><T26/><D120/><U96/><E12/><V31/><F122/><W127/><G127/><T134/><D54/><U69/><E69/><V35/><F53/><W87/><G87/><T59/><D55/><U23/><E96/><V36/><F36/><W105/><G105/><T15/><D15/><U89/><E132/><V99/><F135/><W61/><G61/><T114/><D134/><U75/><E75/><V63/><F35/><W88/><G88/><T98/><D91/><RYUUKYOKU ba="0,1" sc="237,-10,243,-10,243,-10,267,30" hai3="8,9,20,24,45,46,47,52,57,62,82,84,90" /><INIT seed="2,1,1,5,5,48" ten="227,233,233,297" oya="2" hai0="70,87,20,33,73,41,53,116,31,45,91,95,111" hai1="77,42,84,121,56,101,71,0,126,51,125,93,60" hai2="16,128,35,113,32,57,55,67,5,119,120,24,14" hai3="134,40,64,25,19,12,68,10,47,49,4,15,30"/><V80/><F113/><W28/><G134/><T100/><D73/><U58/><E0/><V18/><F119/><W59/><G68/><T127/><D111/><U123/><E77/><V61/><F120/><N who="1" m="46153" /><E84/><V110/><F110/><W133/><G133/><T99/><D127/><N who="1" m="48651" /><E93/><V83/><F128/><W63/><REACH who="3" step="1"/><G25/><REACH who="3" ten="227,233,233,287" step="2"/><T86/><D70/><U29/><E29/><V117/><F24/><W98/><G98/><T7/><D31/><U6/><E101/><V114/><F117/><W17/><G17/><T38/><D116/><U23/><E6/><V50/><F18/><W39/><G39/><T66/><D7/><U81/><E23/><AGARI ba="1,2" hai="4,10,12,15,19,23,28,30,40,47,49,59,63,64" machi="23" ten="30,3900,0" yaku="1,1,7,1,8,1,53,0" doraHai="48" doraHaiUra="22" who="3" fromWho="1" sc="227,0,233,-42,233,0,287,62" /><INIT seed="3,0,0,2,2,84" ten="227,191,233,349" oya="3" hai0="47,91,66,63,44,83,122,25,123,12,7,5,50" hai1="112,23,45,56,103,129,80,98,43,77,58,30,135" hai2="68,108,82,57,75,64,117,38,105,22,62,33,2" hai3="32,109,102,121,85,20,52,41,118,9,90,73,26"/><W81/><G118/><T124/><D124/><U127/><E112/><V6/><F22/><W61/><G121/><T72/><D44/><U113/><E113/><V106/><F57/><N who="3" m="34983" /><G32/><T29/><D122/><U93/><E127/><V115/><F6/><W17/><G73/><T99/><D12/><U11/><E129/><V24/><F24/><W130/><G130/><T19/><D19/><U48/><E135/><V40/><F40/><W3/><G3/><T131/><D72/><U134/><E134/><V34/><F34/><W107/><G107/><T39/><D39/><U133/><E133/><V46/><F62/><W79/><G102/><T120/><D131/><U88/><E11/><V18/><F64/><W0/><G0/><T114/><D114/><U27/><E103/><V10/><F33/><W95/><G109/><T1/><D1/><U8/><REACH who="1" step="1"/><E8/><REACH who="1" ten="227,181,233,349" step="2"/><V4/><F10/><W70/><G9/><T55/><D123/><U35/><E35/><V28/><F2/><W94/><G70/><T51/><D120/><U100/><E100/><V21/><F68/><W60/><G41/><T16/><D5/><U116/><E116/><V71/><F4/><W89/><G60/><T78/><D63/><U67/><E67/><V119/><F119/><W96/><G95/><N who="0" m="56831" /><D66/><U31/><E31/><V42/><F28/><W69/><G69/><T104/><D7/><U111/><E111/><V101/><F108/><W86/><G96/><T74/><D29/><U37/><E37/><V126/><F38/><W128/><G128/><T110/><D110/><U54/><E54/><V15/><F115/><RYUUKYOKU ba="0,1" sc="227,-15,181,15,233,-15,349,15" hai1="23,27,30,43,45,48,56,58,77,80,88,93,98" hai3="17,20,26,79,81,85,86,89,90,94" /><INIT seed="3,1,1,5,5,51" ten="212,196,218,364" oya="3" hai0="69,65,83,102,86,132,84,101,45,127,34,74,43" hai1="66,135,70,41,47,21,122,37,18,82,91,94,44" hai2="104,61,114,6,52,93,62,54,133,134,90,30,80" hai3="28,12,68,97,3,38,49,1,59,35,33,96,110"/><W40/><G68/><T73/><D34/><U0/><E135/><N who="2" m="51723" /><F104/><W107/><G110/><T25/><D132/><U4/><E122/><V89/><F114/><W20/><G38/><T118/><D69/><U13/><E47/><V119/><F119/><W131/><G131/><T9/><D65/><U120/><E120/><V81/><F6/><W125/><G125/><T129/><D118/><U99/><E70/><V76/><F30/><W67/><G35/><T100/><D129/><U16/><E66/><V95/><F95/><W109/><G33/><T10/><D25/><U7/><E0/><V124/><F89/><W111/><G3/><T50/><D84/><U126/><E126/><V14/><F14/><W112/><G1/><T46/><D127/><U103/><E82/><N who="2" m="31851" /><F76/><W72/><G112/><T78/><D73/><U36/><E103/><V5/><F5/><W116/><G72/><T15/><D74/><U48/><E7/><V58/><F124/><W22/><G116/><T27/><D27/><U39/><E4/><V2/><F2/><W105/><G105/><T11/><D15/><U8/><E18/><V98/><F61/><W71/><G107/><T117/><D117/><U24/><E13/><V55/><AGARI ba="1,1" hai="52,54,55,58,62,90,93,98" m="31851,51723" machi="55" ten="30,8000,1" yaku="20,1,52,3,54,1" doraHai="51" who="2" fromWho="2" sc="212,-21,196,-21,218,93,364,-41" /><INIT seed="4,0,0,2,4,32" ten="191,175,311,323" oya="0" hai0="41,42,21,49,12,47,129,66,88,99,124,125,51" hai1="63,54,22,76,18,79,77,78,52,62,74,40,20" hai2="115,118,8,11,98,82,119,84,90,89,1,134,135" hai3="61,104,130,106,3,30,13,112,23,105,116,87,36"/><T65/><D99/><U6/><E40/><N who="0" m="15465" /><D21/><U17/><E6/><N who="2" m="1103" /><F11/><W0/><G36/><T131/><D12/><U120/><E120/><V72/><F72/><W55/><G116/><N who="2" m="44585" /><F115/><W16/><G112/><T122/><D88/><N who="2" m="33898" /><F98/><W4/><G130/><N who="0" m="49675" /><D122/><U75/><E76/><AGARI ba="0,0" hai="76,82,84,134,135" m="33898,44585,1103" machi="76" ten="30,3900,0" yaku="12,1,52,1,54,1" doraHai="32" who="2" fromWho="1" sc="191,0,175,-39,311,39,323,0" /><INIT seed="5,0,0,1,4,105" ten="191,136,350,323" oya="1" hai0="74,109,95,67,50,56,71,88,40,98,37,42,52" hai1="62,49,38,61,93,90,7,91,112,53,85,86,75" hai2="132,29,80,126,73,11,44,23,135,60,57,18,59" hai3="84,51,128,117,102,65,4,2,47,120,107,13,110"/><U55/><E112/><V104/><F104/><W5/><G110/><T125/><D125/><U64/><E38/><V36/><F29/><W45/><G120/><T106/><D106/><U81/><E7/><V83/><F11/><W114/><G2/><T118/><D118/><U28/><E28/><V3/><F3/><W14/><G128/><T127/><D127/><U48/><E75/><V119/><F119/><W33/><G33/><T82/><D109/><U26/><E26/><V111/><F111/><W99/><G65/><T68/><D68/><U122/><E122/><V96/><F96/><W123/><G123/><T9/><D9/><U69/><E69/><V131/><F57/><W19/><G47/><T66/><D40/><U70/><E70/><V115/><F131/><W58/><G58/><T34/><D34/><U133/><E133/><V77/><F83/><W46/><G46/><N who="0" m="23887" /><D67/><U0/><E64/><V100/><F115/><W1/><G114/><T43/><D43/><U124/><E0/><V113/><F44/><W6/><G1/><T16/><D82/><U31/><E124/><V134/><F36/><W32/><G32/><T10/><D10/><U54/><REACH who="1" step="1"/><E31/><REACH who="1" ten="191,126,350,323" step="2"/><V8/><F126/><W121/><G121/><T22/><D74/><U103/><E103/><V24/><F100/><W30/><G30/><T79/><D71/><U12/><E12/><N who="2" m="7431" /><F113/><W41/><G117/><T108/><D66/><U94/><E94/><V116/><F116/><W92/><G19/><T63/><D108/><U101/><E101/><V129/><F134/><W20/><G102/><T97/><D16/><RYUUKYOKU ba="0,1" sc="191,-10,126,30,350,-10,323,-10" hai1="48,49,53,54,55,61,62,81,85,86,90,91,93" /><INIT seed="5,1,1,4,4,114" ten="181,156,340,313" oya="1" hai0="88,104,125,48,80,129,75,58,113,97,82,57,24" hai1="96,100,30,35,124,26,93,20,7,21,76,54,9" hai2="14,32,130,17,47,67,73,106,102,25,78,41,36" hai3="50,126,2,52,95,27,4,45,23,3,94,101,66"/><U42/><E124/><V46/><F130/><W6/><G126/><T13/><D113/><U37/><E76/><V1/><F1/><W131/><G131/><T59/><D125/><U53/><E37/><V38/><F67/><W0/><G66/><T119/><D129/><U10/><E42/><V22/><F102/><W123/><G123/><T122/><D122/><U74/><E74/><V8/><F106/><W120/><G120/><T31/><D75/><U83/><E83/><V134/><F32/><W79/><G79/><T60/><D60/><U65/><E65/><V133/><F47/><W81/><G81/><T117/><D48/><U132/><E132/><N who="2" m="50795" /><F78/><W92/><REACH who="3" step="1"/><G101/><REACH who="3" ten="181,156,340,303" step="2"/><T44/><D80/><U5/><E35/><V34/><F34/><W115/><G115/><T85/><D44/><U98/><E100/><V64/><F64/><W70/><G70/><T55/><D55/><U87/><E54/><V33/><F33/><W63/><G63/><T72/><D72/><U43/><E53/><V16/><F73/><W69/><G69/><T39/><D57/><U112/><E112/><V99/><F38/><W51/><G51/><T71/><D58/><U89/><E43/><V68/><F68/><W103/><G103/><N who="0" m="62575" /><D59/><U109/><E109/><V28/><F99/><W19/><AGARI ba="1,2" hai="0,2,3,4,6,19,23,27,45,50,52,92,94,95" machi="19" ten="40,5200,0" yaku="1,1,0,1,54,1,53,0" doraHai="114" doraHaiUra="11" who="3" fromWho="3" sc="181,-14,156,-27,340,-14,303,75" /><INIT seed="6,0,0,2,0,126" ten="167,129,326,378" oya="2" hai0="80,94,48,101,93,89,105,36,27,0,65,29,134" hai1="131,50,30,10,24,28,104,2,17,46,1,129,106" hai2="67,91,74,34,130,135,72,47,71,90,63,98,81" hai3="95,119,66,49,57,121,97,60,7,38,6,73,11"/><V116/><F116/><W20/><G38/><T110/><D36/><U92/><E28/><V76/><F135/><W96/><G119/><T35/><D110/><U3/><E92/><V127/><F127/><W123/><G73/><T87/><D0/><U32/><E104/><V43/><F72/><W56/><G7/><T115/><D134/><U88/><E106/><V31/><F98/><W75/><G75/><T59/><D115/><U39/><E88/><V61/><F61/><W85/><G85/><T45/><D105/><U100/><E100/><V69/><F69/><W120/><G20/><T53/><D101/><U82/><E82/><V55/><F55/><W5/><G5/><T128/><D128/><N who="1" m="49227" /><E39/><V109/><F130/><W117/><G117/><T51/><D65/><U12/><E3/><V16/><F31/><W103/><G97/><T114/><D114/><U133/><E133/><V14/><F91/><W111/><G96/><T8/><D8/><U68/><E68/><V26/><F90/><W102/><G95/><T83/><D93/><U42/><AGARI ba="0,0" hai="1,2,10,12,17,24,30,32,42,46,50" m="49227" machi="42" ten="30,7900,0" yaku="19,1,52,3" doraHai="126" who="1" fromWho="1" sc="167,-20,129,79,326,-39,378,-20" /><INIT seed="7,0,0,4,2,115" ten="147,208,287,358" oya="3" hai0="40,28,60,27,82,98,59,103,61,66,54,87,36" hai1="123,112,20,68,127,6,14,125,22,124,11,38,73" hai2="63,128,100,19,122,2,52,107,119,35,43,10,7" hai3="130,32,76,106,78,48,81,15,0,24,94,47,111"/><W79/><G106/><T86/><D36/><U114/><E73/><V95/><F35/><W12/><G0/><T33/><D40/><U131/><E68/><V116/><F107/><W23/><G32/><T88/><D86/><U45/><E123/><V51/><F122/><W133/><G133/><T121/><D121/><U84/><E84/><V21/><F128/><W132/><G132/><T77/><D77/><U90/><E90/><V72/><F72/><W9/><G130/><T85/><D87/><U13/><E131/><V93/><F63/><W74/><G94/><T97/><REACH who="0" step="1"/><D103/><REACH who="0" ten="137,208,287,358" step="2"/><U62/><E112/><V71/><F43/><W120/><G120/><T108/><D108/><U102/><E114/><V57/><F100/><W56/><G111/><T118/><D118/><U101/><E102/><V80/><F116/><W34/><G78/><T1/><D1/><U26/><E101/><V41/><F119/><W16/><G76/><T64/><D64/><U44/><E38/><V65/><F41/><W110/><G110/><T29/><D29/><U30/><E124/><V31/><F31/><W46/><G79/><T18/><D18/><N who="1" m="10319" /><E127/><V105/><F65/><W96/><G74/><T75/><D75/><U91/><E125/><V8/><F19/><W70/><G16/><T89/><D89/><U4/><E91/><V17/><F17/><W42/><G42/><T129/><D129/><U126/><E126/><V113/><F113/><W55/><G81/><T49/><D49/><U53/><E30/><V25/><F2/><W117/><G48/><T39/><D39/><U3/><E3/><RYUUKYOKU ba="0,1" sc="137,30,208,-10,287,-10,358,-10" hai0="27,28,33,54,59,60,61,66,82,85,88,97,98" owari="167,-33.0,198,-20.0,277,8.0,358,45.0" /></mjloggm>