<mjloggm ver="2.3"><GO type="225" lobby="0"/><UN n0="%6B%79%6F%6E%6B%6F%31%31" n1="%E3%81%AF%E3%82%88%E3%81%8A%E3%81%98%E3%81%95%E3%82%93" n2="%74%61%6B%75%61%6B%61" n3="%E3%81%AA%E3%82%81%E3%81%93%E9%9B%80%E5%A3%AB" dan="16,18,18,16" rate="2174.43,2282.57,2200.00,2084.78" sx="M,M,M,M"/><TAIKYOKU oya="0"/><INIT seed="0,0,0,0,1,98" ten="250,250,250,250" oya="0" hai0="69,135,127,126,97,129,32,92,28,102,110,34,73" hai1="5,70,113,4,67,25,77,38,44,81,14,36,93" hai2="84,65,132,63,119,71,125,16,6,72,85,96,61" hai3="0,82,120,35,55,30,108,41,66,29,51,116,58"/><T2/><D2/><U105/><E105/><V10/><F72/><W3/><G116/><T118/><D118/><U90/><E113/><V122/><F119/><W95/><G108/><T47/><D69/><U100/><E100/><V33/><F33/><W31/><G35/><T37/><D73/><U128/><E128/><V94/><F122/><W101/><G120/><T68/><D68/><U86/><E25/><V74/><F74/><W1/><G82/><T15/><D129/><U21/><E67/><V104/><F104/><W114/><G114/><T20/><D135/><U45/><E70/><V7/><F125/><N who="0" m="47626" /><D110/><U57/><E57/><V112/><F132/><W56/><G41/><N who="0" m="22959" /><D15/><U131/><E131/><V43/><F43/><W42/><G42/><T22/><D22/><U79/><E36/><V52/><F112/><W59/><G66/><T24/><AGARI ba="0,0" hai="20,24,28,32,34,92,97,102" m="22959,47626" machi="24" ten="30,3000,0" yaku="18,1,52,1" doraHai="98" who="0" fromWho="0" sc="250,30,250,-10,250,-10,250,-10" /><INIT seed="0,1,0,2,3,35" ten="280,240,240,240" oya="0" hai0="28,91,50,16,58,24,3,59,103,107,39,49,62" hai1="90,74,126,130,79,115,127,85,21,11,83,106,84" hai2="22,72,27,31,102,119,52,110,54,19,43,86,33" hai3="111,112,132,71,120,13,5,134,20,131,114,124,66"/><T6/><D39/><U82/><E21/><V53/><F72/><W129/><G71/><T101/><D107/><U116/><E11/><V96/><F110/><W37/><G37/><T65/><D6/><U87/><E116/><V57/><F43/><W67/><G111/><T14/><D3/><U69/><E69/><V55/><F86/><N who="1" m="33385" /><E130/><N who="3" m="49674" /><G120/><T117/><D117/><U75/><E106/><V63/><F119/><W32/><G32/><T23/><D91/><U2/><E2/><V7/><F7/><W99/><G99/><T29/><D29/><U93/><E115/><N who="3" m="44074" /><G5/><T1/><D1/><U81/><E79/><V98/><REACH who="2" step="1"/><F102/><REACH who="2" ten="280,240,230,240" step="2"/><W8/><G8/><T45/><D103/><U94/><E74/><V135/><F135/><N who="3" m="51755" /><G20/><T38/><D101/><U26/><E75/><V42/><F42/><W10/><G10/><T51/><D38/><U73/><E73/><V64/><F64/><N who="3" m="24619" /><G13/><AGARI ba="1,1" hai="13,19,22,27,31,33,52,53,54,55,57,63,96,98" machi="13" ten="40,2600,0" yaku="1,1,54,1,53,0" doraHai="35" doraHaiUra="80" who="2" fromWho="3" sc="280,0,240,0,230,39,240,-29" /><INIT seed="1,0,0,1,4,32" ten="280,240,269,211" oya="1" hai0="135,89,38,59,62,121,14,37,123,47,53,43,19" hai1="122,15,40,10,31,50,58,101,39,77,91,87,129" hai2="11,108,63,66,86,104,110,126,117,13,16,132,12" hai3="80,72,44,48,75,17,65,70,64,22,67,4,7"/><U97/><E122/><V83/><F117/><W0/><G70/><T9/><D38/><U69/><E69/><V94/><F104/><W28/><G28/><T100/><D135/><U96/><E129/><V55/><F132/><W73/><G80/><T76/><D100/><U112/><E112/><V23/><F94/><W51/><G44/><T133/><D133/><U109/><E109/><V102/><F102/><W98/><G98/><T78/><REACH who="0" step="1"/><D89/><REACH who="0" ten="270,240,269,211" step="2"/><U36/><E91/><V74/><F108/><W3/><G22/><T2/><D2/><U127/><E36/><V105/><F110/><W131/><G131/><T113/><D113/><U25/><E39/><V115/><F115/><W84/><G84/><T82/><D82/><U60/><E101/><V107/><F86/><W57/><G57/><T130/><D130/><U49/><E87/><V90/><F90/><W81/><G81/><T34/><D34/><U6/><E58/><V92/><F83/><W56/><G56/><T30/><D30/><U116/><E31/><V46/><F23/><W134/><G134/><T111/><D111/><U85/><E85/><V114/><F114/><W128/><G128/><T61/><D61/><U106/><E60/><V33/><F63/><W21/><G0/><T68/><D68/><U71/><E71/><V41/><F33/><W29/><G29/><T1/><D1/><U35/><E35/><V52/><F74/><W5/><REACH who="3" step="1"/><G3/><REACH who="3" ten="270,240,269,201" step="2"/><T124/><D124/><U27/><E127/><V120/><F126/><W45/><G45/><T79/><AGARI ba="0,2" hai="9,14,19,37,43,47,53,59,62,76,78,79,121,123" machi="79" ten="30,2000,0" yaku="1,1,0,1,53,0" doraHai="32" doraHaiUra="95" who="0" fromWho="0" sc="270,40,240,-10,269,-5,201,-5" /><INIT seed="2,0,0,0,1,26" ten="310,230,264,196" oya="2" hai0="49,30,89,125,43,23,65,57,10,22,33,77,122" hai1="6,32,88,133,111,4,5,92,118,41,121,81,64" hai2="104,128,116,52,48,39,62,95,120,129,102,123,115" hai3="105,126,127,71,79,55,101,130,100,20,19,90,44"/><V3/><F104/><W9/><G71/><T134/><D122/><N who="2" m="46634" /><F3/><W107/><G79/><T96/><D134/><U70/><E121/><V60/><F102/><W83/><G130/><N who="2" m="50281" /><F95/><W53/><G9/><T34/><D77/><U72/><E118/><V84/><F84/><W67/><G67/><T11/><D125/><N who="3" m="47625" /><G44/><T98/><D65/><U63/><E133/><V103/><F103/><N who="3" m="39499" /><G20/><T85/><D34/><U28/><E72/><V16/><F116/><W25/><G25/><N who="0" m="16703" /><D33/><U114/><E32/><V8/><F39/><W14/><G14/><T86/><D22/><U106/><E4/><V99/><F99/><N who="0" m="37930" /><D86/><U97/><E97/><V91/><F91/><W68/><G68/><T69/><D69/><U13/><E70/><V38/><F38/><W112/><G90/><T132/><D132/><U12/><E88/><V110/><F110/><W45/><G45/><N who="0" m="25791" /><D57/><U27/><E111/><V78/><F78/><W40/><G83/><AGARI ba="0,0" hai="10,11,83,85,89" m="25791,37930,16703" machi="83" ten="30,2000,0" yaku="8,1,52,1" doraHai="26" who="0" fromWho="3" sc="310,20,230,0,264,0,196,-20" /><INIT seed="3,0,0,5,5,32" ten="330,230,264,176" oya="3" hai0="104,64,47,109,121,67,72,68,50,27,108,31,10" hai1="99,119,80,23,74,107,79,6,122,81,18,2,87" hai2="114,125,85,124,95,132,112,11,66,86,101,94,59" hai3="40,54,70,102,61,20,53,93,128,60,48,44,103"/><W7/><G128/><T43/><D121/><U41/><E122/><V123/><F11/><W73/><G73/><T100/><D72/><U63/><E41/><V45/><F45/><W118/><G118/><T115/><D115/><U62/><E119/><V52/><F66/><W26/><G7/><T96/><D10/><U83/><E83/><V130/><F123/><W55/><G70/><T113/><D113/><U1/><E99/><V76/><F76/><W46/><G46/><T13/><D13/><U9/><E107/><V17/><F17/><W49/><G49/><T5/><D5/><U92/><E92/><V75/><F75/><W39/><G39/><T14/><D14/><U3/><E63/><V51/><F132/><W89/><G61/><T57/><D57/><U58/><E81/><V37/><F37/><W135/><G60/><N who="0" m="39943" /><D67/><U42/><E42/><V131/><F59/><W4/><G4/><T117/><D117/><U116/><E74/><V105/><F52/><W110/><G135/><T77/><D77/><U8/><E8/><V21/><F51/><W36/><G48/><T38/><D38/><U91/><E79/><V25/><F105/><W127/><G127/><T30/><D30/><U111/><E116/><V129/><F129/><W28/><REACH who="3" step="1"/><G110/><REACH who="3" ten="330,230,264,166" step="2"/><T15/><D109/><U120/><E111/><V34/><F130/><W19/><G19/><T69/><D69/><U98/><E120/><V97/><F131/><W106/><G106/><T12/><D108/><U0/><E1/><V16/><F124/><W24/><G24/><T134/><D134/><U133/><E133/><RYUUKYOKU ba="0,1" sc="330,15,230,-15,264,-15,166,15" hai0="12,15,27,31,43,47,50,96,100,104" hai3="20,26,28,36,40,44,53,54,55,89,93,102,103" /><INIT seed="3,1,1,5,3,107" ten="345,215,249,181" oya="3" hai0="99,12,63,96,32,34,118,114,105,25,85,113,31" hai1="129,72,75,87,92,108,64,42,14,55,23,74,123" hai2="94,47,38,26,128,70,29,19,91,88,54,3,122" hai3="35,106,119,9,135,5,127,6,45,124,13,102,17"/><W133/><G119/><T48/><D118/><U62/><E123/><V125/><F70/><W56/><G106/><T27/><D105/><U116/><E116/><V10/><F125/><N who="3" m="48203" /><G45/><T30/><D85/><U8/><E108/><V33/><F128/><W16/><G102/><T24/><D24/><U89/><E129/><V39/><F91/><W101/><G101/><T37/><D37/><U78/><E42/><V110/><F110/><W73/><G56/><T134/><D134/><N who="3" m="51209" /><G73/><T28/><D28/><U120/><E120/><V52/><F122/><W81/><G81/><T104/><D104/><U22/><E55/><V66/><F66/><W100/><G100/><T20/><D63/><U18/><REACH who="1" step="1"/><E78/><REACH who="1" ten="345,205,249,181" step="2"/><V40/><F54/><W117/><G117/><T50/><D114/><U86/><E86/><V77/><F77/><W65/><G65/><T2/><D113/><U79/><E79/><V11/><F52/><W68/><G68/><AGARI ba="1,2" hai="8,14,18,22,23,62,64,68,72,74,75,87,89,92" machi="68" ten="40,8000,1" yaku="1,1,52,3,53,0" doraHai="107" doraHaiUra="43" who="1" fromWho="3" sc="345,0,205,103,249,0,181,-83" owari="345,44.0,308,11.0,249,-15.0,98,-40.0" /></mjloggm>