<mjloggm ver="2.3"><GO type="169" lobby="0"/><UN n0="%E3%83%94%E3%83%B3%E3%82%BA%E3%82%AB%E3%83%BC%E3%82%BF%E3%83%BC" n1="%73%7A%2E%64%31" n2="%67%2D%65%6E%6B%69" n3="%68%7A%63" dan="16,16,17,17" rate="2149.41,2113.52,2208.29,2147.99" sx="M,M,M,F"/><TAIKYOKU oya="0"/><INIT seed="0,0,0,2,5,94" ten="250,250,250,250" oya="0" hai0="96,99,72,27,129,57,13,47,87,46,29,127,51" hai1="107,85,116,26,39,71,2,6,50,100,73,19,113" hai2="128,123,0,22,84,104,1,134,67,126,118,56,42" hai3="35,59,45,117,3,60,24,44,43,34,88,37,95"/><T17/><D72/><U121/><E50/><V82/><F123/><W89/><G3/><T54/><D129/><U119/><E85/><V16/><F104/><W92/><G45/><T76/><D127/><U125/><E19/><V36/><F126/><W106/><G106/><T58/><D58/><U120/><E26/><V103/><F128/><W30/><G117/><T114/><D114/><U18/><E18/><V86/><F134/><W124/><G124/><T79/><D47/><U108/><E100/><V135/><F135/><W78/><G78/><N who="0" m="29739" /><D87/><U49/><E49/><V66/><F118/><W33/><G92/><T63/><D27/><U52/><E52/><V23/><F56/><W12/><G12/><T115/><D115/><U15/><E6/><V80/><F103/><W25/><G25/><T5/><D29/><U69/><E15/><V21/><F36/><W98/><REACH who="3" step="1"/><G89/><REACH who="3" ten="250,250,250,240" step="2"/><T38/><D5/><U131/><E116/><V112/><F0/><W55/><AGARI ba="0,1" hai="24,30,33,34,35,37,43,44,55,59,60,88,95,98" machi="55" ten="20,12000,2" yaku="1,1,2,1,0,1,7,1,52,1,54,1,53,1" doraHai="94" doraHaiUra="70" who="3" fromWho="3" sc="250,-60,250,-30,250,-30,240,130" /><INIT seed="1,0,0,1,3,90" ten="190,220,220,370" oya="1" hai0="61,127,97,22,80,86,35,23,58,110,28,69,46" hai1="27,49,135,83,81,16,4,88,25,48,106,8,30" hai2="44,124,74,79,36,123,63,70,132,121,40,13,87" hai3="10,54,96,99,109,2,11,56,12,24,9,21,1"/><U131/><E106/><V33/><F124/><W43/><G43/><T45/><D127/><U68/><E68/><V37/><F132/><W102/><G109/><T108/><D69/><U78/><E135/><V32/><F87/><W0/><G12/><T76/><D35/><U64/><E131/><V101/><F13/><W19/><REACH who="3" step="1"/><G102/><REACH who="3" ten="190,220,220,360" step="2"/><T53/><D110/><U42/><E42/><V133/><F101/><W104/><G104/><T126/><D108/><U14/><E64/><V122/><F133/><W98/><G98/><T100/><D126/><U41/><E41/><V107/><F107/><W118/><G118/><T65/><D23/><U51/><E4/><V112/><F37/><W93/><G93/><T52/><D22/><U84/><REACH who="1" step="1"/><E30/><REACH who="1" ten="190,210,220,360" step="2"/><V125/><F125/><W89/><G89/><T3/><D28/><U66/><E66/><V5/><F5/><W134/><G134/><T111/><D111/><U91/><E91/><V26/><F40/><W18/><G18/><T77/><D65/><U15/><E15/><V17/><F36/><W67/><G67/><T95/><D3/><U85/><AGARI ba="0,2" hai="8,14,16,25,27,48,49,51,78,81,83,84,85,88" machi="85" ten="30,12000,1" yaku="1,1,0,1,8,1,54,2,53,0" doraHai="90" doraHaiUra="39" who="1" fromWho="1" sc="190,-40,210,140,220,-40,360,-40" /><INIT seed="1,1,0,4,1,12" ten="150,350,180,320" oya="1" hai0="18,106,31,59,132,50,116,10,81,70,54,29,65" hai1="3,129,115,24,128,89,117,119,11,19,72,121,41" hai2="34,125,57,110,39,107,45,35,9,15,27,55,86" hai3="80,6,103,114,104,123,46,79,66,20,84,37,100"/><U30/><E72/><V51/><F107/><W93/><G114/><T49/><D132/><U126/><E41/><V1/><F110/><W96/><G123/><T109/><D109/><U74/><E74/><V2/><F125/><W68/><G6/><T122/><D106/><U127/><E89/><V92/><F1/><W67/><G68/><T94/><D122/><U4/><E19/><V101/><F2/><W7/><G7/><T13/><D116/><N who="1" m="44619" /><E115/><V22/><F39/><W53/><G20/><T102/><D49/><U14/><E121/><V17/><F57/><W108/><G108/><T91/><D102/><U97/><E97/><V113/><F113/><W88/><G103/><T83/><D81/><U58/><E58/><V133/><F133/><W32/><G32/><T43/><D83/><U60/><E60/><V98/><REACH who="2" step="1"/><F86/><REACH who="2" ten="150,350,170,320" step="2"/><W131/><G84/><T42/><D70/><U78/><E3/><V5/><AGARI ba="1,1" hai="5,9,15,17,22,27,34,35,45,51,55,92,98,101" machi="5" ten="20,12000,2" yaku="1,1,2,1,0,1,7,1,52,1,53,1" doraHai="12" doraHaiUra="47" who="2" fromWho="2" sc="150,-31,350,-61,170,133,320,-31" /><INIT seed="2,0,0,1,2,26" ten="119,289,303,289" oya="2" hai0="12,108,67,61,3,96,39,36,129,17,135,57,48" hai1="0,13,9,94,20,6,100,44,64,75,110,103,71" hai2="79,98,40,111,118,117,42,47,125,31,88,112,107" hai3="85,2,51,18,105,16,66,35,21,60,59,10,65"/><V109/><F79/><W24/><G105/><T33/><D129/><U83/><E110/><N who="2" m="41995" /><F112/><W41/><G35/><T82/><D135/><U119/><E119/><N who="2" m="45579" /><F125/><W58/><G85/><T97/><D3/><U7/><E0/><V121/><F121/><W56/><G60/><T90/><D108/><U63/><E75/><V73/><F73/><W1/><G1/><T130/><D33/><U14/><E83/><V116/><N who="2" m="45587" /><V86/><DORA hai="78" /><F31/><N who="3" m="17807" /><G2/><T123/><D39/><U37/><E37/><N who="2" m="21903" /><F42/><W53/><G41/><T93/><D36/><U95/><E44/><V34/><F34/><W32/><G32/><T55/><D123/><U23/><E23/><V91/><F86/><W89/><G10/><T8/><D130/><U30/><E20/><V106/><F106/><W52/><G66/><T99/><REACH who="0" step="1"/><D82/><REACH who="0" ten="109,289,303,289" step="2"/><U120/><E120/><V27/><F27/><W126/><G126/><T25/><D25/><U28/><E13/><V54/><F54/><W46/><G65/><T114/><D114/><U76/><E14/><V132/><F132/><W104/><G53/><T115/><D115/><U122/><E122/><V101/><AGARI ba="0,1" hai="88,91,98,101,107" m="21903,45587,41995" machi="101" ten="50,9600,0" yaku="14,1,10,1,54,1" doraHai="26,78" who="2" fromWho="2" sc="109,-32,289,-32,303,106,289,-32" /><INIT seed="2,1,0,1,2,30" ten="77,257,409,257" oya="2" hai0="84,55,114,69,86,65,15,71,31,33,21,120,78" hai1="42,67,3,66,72,5,50,13,122,100,19,116,48" hai2="14,11,9,128,125,127,38,87,135,132,6,2,60" hai3="97,130,35,37,106,27,52,109,63,89,61,54,85"/><V7/><F38/><W111/><G37/><T53/><D120/><U45/><E116/><V90/><F60/><N who="3" m="23115" /><G130/><T96/><D15/><U99/><E72/><V79/><F79/><W17/><G97/><T76/><D21/><U88/><E122/><V77/><F77/><W129/><G106/><T43/><D31/><U56/><E3/><V62/><F62/><W105/><G105/><T68/><D96/><U59/><E5/><V117/><F87/><W24/><G129/><T92/><D68/><U133/><E133/><N who="2" m="51275" /><F90/><W51/><G17/><T115/><D92/><N who="1" m="56711" /><E100/><V118/><F128/><W10/><G10/><T123/><D123/><U34/><E34/><V20/><F20/><W64/><G35/><T95/><D95/><U104/><E104/><V18/><F6/><W26/><G64/><N who="1" m="24618" /><E48/><V124/><AGARI ba="1,0" hai="2,7,9,11,14,18,117,118,124,125,127" m="51275" machi="124" ten="40,12000,1" yaku="18,1,20,1,34,2" doraHai="30" who="2" fromWho="2" sc="77,-41,257,-41,409,123,257,-41" /><INIT seed="2,2,0,2,5,28" ten="36,216,532,216" oya="2" hai0="38,84,40,30,77,125,95,19,122,104,86,90,59" hai1="60,18,64,58,14,54,112,39,33,20,80,34,55" hai2="82,72,133,71,88,103,93,23,130,91,70,53,49" hai3="7,135,5,128,43,3,41,48,117,98,97,74,42"/><V65/><F133/><W13/><G74/><T131/><D122/><U6/><E112/><V85/><F130/><W2/><G117/><T22/><D131/><U29/><E39/><V123/><F123/><W32/><G32/><T100/><D125/><U56/><E29/><V8/><F103/><W24/><G24/><T4/><D4/><U17/><E6/><V1/><F23/><W37/><G37/><T31/><D59/><U113/><E113/><V114/><F114/><W127/><G128/><T81/><D100/><U11/><E80/><V10/><F1/><W126/><G48/><T87/><D87/><U106/><E106/><V108/><F108/><W92/><G135/><T51/><D104/><U35/><REACH who="1" step="1"/><E56/><REACH who="1" ten="36,206,532,216" step="2"/><V69/><F71/><W45/><G7/><T16/><D38/><U107/><E107/><V63/><F70/><W129/><G5/><T102/><D102/><U109/><E109/><V26/><F26/><AGARI ba="2,1" hai="11,14,17,18,20,26,33,34,35,54,55,58,60,64" machi="26" ten="40,8000,1" yaku="1,1,52,3,53,0" doraHai="28" doraHaiUra="44" who="1" fromWho="2" sc="36,0,206,96,532,-86,216,0" /><INIT seed="3,0,0,3,5,71" ten="36,302,446,216" oya="3" hai0="117,62,67,80,30,56,7,10,20,8,39,22,64" hai1="111,77,116,59,33,38,63,29,16,61,79,58,4" hai2="2,35,106,57,52,42,14,85,44,13,25,66,0" hai3="134,1,50,34,88,26,87,126,48,130,55,95,89"/><W123/><G123/><T109/><D117/><U103/><E116/><V40/><F106/><W18/><G1/><T112/><D112/><U124/><E111/><V81/><F66/><W127/><G130/><T9/><D109/><U43/><E124/><N who="3" m="47658" /><G134/><T132/><D132/><U78/><E4/><V119/><F119/><W120/><G120/><T69/><D7/><U84/><E103/><V98/><F98/><N who="3" m="57703" /><G55/><T83/><D39/><U45/><E84/><V75/><F75/><W49/><G18/><T11/><N who="0" m="2048" /><DORA hai="27" /><T92/><D92/><U118/><E118/><V36/><F42/><W110/><G110/><T3/><D3/><U68/><E16/><V53/><F53/><W70/><G70/><T115/><D115/><U97/><E97/><V125/><F125/><W131/><G131/><T65/><D69/><U133/><E133/><V96/><F96/><W51/><G51/><T28/><D56/><U47/><E47/><V107/><F107/><W74/><G74/><T15/><D62/><U60/><REACH who="1" step="1"/><E68/><REACH who="1" ten="36,292,446,216" step="2"/><V128/><F128/><W82/><G26/><AGARI ba="0,1" hai="26,29,33,38,43,45,58,59,60,61,63,77,78,79" machi="26" ten="40,8000,1" yaku="1,1,2,1,52,2,53,1" doraHai="71,27" doraHaiUra="122,31" who="1" fromWho="3" sc="36,0,292,90,446,0,216,-80" /><INIT seed="4,0,0,3,2,56" ten="36,382,446,136" oya="0" hai0="107,4,109,123,128,119,55,132,61,135,65,59,104" hai1="80,33,26,66,73,98,127,108,90,95,60,47,35" hai2="48,10,68,91,34,39,40,115,84,93,41,122,17" hai3="54,96,126,32,67,13,116,27,86,110,1,29,82"/><T38/><D119/><U43/><E108/><V24/><F68/><W42/><G1/><T20/><D123/><U99/><E127/><V79/><F39/><W120/><G110/><T100/><D109/><U102/><E26/><V111/><F122/><W28/><G116/><T72/><D72/><U15/><E15/><V88/><F79/><W89/><G42/><T0/><D38/><U94/><E80/><V106/><F106/><W2/><G2/><T46/><D128/><U9/><E9/><V37/><F37/><W23/><G126/><T36/><D100/><U97/><E97/><V133/><F34/><W8/><G67/><T81/><D81/><U131/><E73/><V3/><F111/><W64/><G64/><T31/><D4/><U101/><E90/><V25/><F41/><W121/><G54/><T117/><D0/><U83/><E83/><V22/><F25/><W45/><G45/><T69/><D117/><U62/><E131/><V129/><F129/><W87/><G87/><T103/><D103/><U19/><E19/><V105/><F105/><N who="0" m="40522" /><D20/><U18/><E18/><V63/><F91/><W49/><G121/><T118/><D31/><U44/><E66/><V5/><F3/><W6/><G120/><T30/><D30/><U125/><E125/><V92/><F5/><W78/><G29/><T53/><D118/><U85/><E43/><V76/><F40/><W112/><G23/><T52/><D69/><U11/><E11/><V130/><F22/><W124/><G124/><T12/><D12/><U14/><E14/><V21/><F130/><W114/><G28/><RYUUKYOKU ba="0,0" sc="36,15,382,15,446,-15,136,-15" hai0="36,46,52,53,55,59,61,65,132,135" hai1="33,35,44,47,60,62,85,94,95,98,99,101,102" /><INIT seed="4,1,0,2,2,126" ten="51,397,431,121" oya="0" hai0="5,37,40,111,105,17,92,83,75,89,49,134,102" hai1="108,112,36,15,44,6,9,78,43,106,18,103,85" hai2="52,107,116,26,130,113,0,8,87,74,64,46,12" hai3="48,88,71,84,41,63,59,50,114,90,121,23,125"/><T135/><D111/><U32/><E108/><V42/><F74/><W118/><G118/><T110/><D110/><U67/><E32/><V55/><F0/><W69/><G125/><T53/><D5/><U16/><E112/><V95/><F107/><W1/><G1/><T119/><D119/><U129/><E129/><V21/><F130/><W58/><G114/><T45/><D105/><U76/><E67/><V123/><F64/><W86/><G23/><T132/><D102/><U33/><E33/><V34/><F34/><W54/><G121/><T131/><D17/><U38/><E38/><V2/><F2/><W81/><G41/><T31/><D31/><U72/><E72/><V124/><F124/><W24/><G24/><T47/><D75/><U51/><E36/><V30/><F123/><W115/><G115/><T93/><REACH who="0" step="1"/><D131/><REACH who="0" ten="41,397,431,121" step="2"/><U66/><E106/><V117/><F113/><W122/><G122/><T61/><D61/><U27/><E103/><V56/><F117/><W19/><G19/><T100/><D100/><U28/><E18/><V60/><F116/><W7/><G7/><T96/><D96/><U120/><E120/><V99/><F99/><W77/><G63/><T39/><D39/><U62/><E28/><V109/><F109/><W127/><G127/><T13/><D13/><U73/><E73/><V22/><F30/><W57/><G48/><T79/><D79/><U70/><E85/><AGARI ba="1,1" hai="37,40,45,47,49,53,83,85,89,92,93,132,134,135" machi="85" ten="40,3900,0" yaku="1,1,20,1,53,0" doraHai="126" doraHaiUra="3" who="0" fromWho="1" sc="41,52,397,-42,431,0,121,0" /><INIT seed="4,2,0,0,0,24" ten="93,355,431,121" oya="0" hai0="49,109,53,22,31,80,61,83,78,126,27,124,30" hai1="35,39,100,67,5,42,116,41,74,110,81,32,102" hai2="36,69,52,98,118,28,132,68,94,76,93,12,3" hai3="121,4,51,26,71,89,79,16,75,64,84,37,95"/><T129/><D129/><U6/><E116/><V85/><F3/><W13/><G37/><T1/><D1/><U54/><E110/><V15/><F36/><W46/><G121/><T62/><D109/><U50/><E39/><V87/><F98/><W55/><G75/><T131/><D131/><U90/><E74/><V88/><F52/><W122/><G122/><T77/><D77/><U127/><E127/><N who="0" m="48681" /><D31/><U47/><E67/><V66/><F88/><W99/><G71/><T73/><D83/><U86/><E32/><V101/><F101/><N who="1" m="39017" /><E35/><V91/><F91/><W96/><G64/><T70/><D70/><U123/><E123/><V10/><F66/><W106/><G106/><T40/><D40/><AGARI ba="2,0" hai="5,6,40,41,42,47,50,54,81,86,90" m="39017" machi="40" ten="30,1000,0" yaku="8,1" doraHai="24" who="1" fromWho="0" sc="93,-16,355,16,431,0,121,0" /><INIT seed="5,0,0,4,3,38" ten="77,371,431,121" oya="1" hai0="83,20,40,59,39,100,122,52,114,8,99,94,13" hai1="62,7,130,73,91,106,121,129,79,111,81,82,107" hai2="92,123,41,37,17,21,96,104,113,119,60,29,27" hai3="86,31,63,22,36,85,72,18,124,102,9,51,117"/><U95/><E7/><V42/><F37/><W126/><G72/><T35/><D122/><U103/><E62/><V101/><F119/><W77/><G36/><T26/><D35/><U66/><E66/><V4/><F4/><W50/><G117/><T98/><D114/><U33/><E33/><V134/><F134/><W127/><G102/><T46/><D83/><N who="1" m="45551" /><E121/><V90/><F113/><W24/><G63/><T75/><D75/><U34/><E34/><V131/><F131/><N who="1" m="50185" /><E111/><V28/><F123/><W132/><G132/><T68/><D68/><U125/><E125/><V11/><F60/><W1/><G77/><T116/><D116/><U71/><E71/><V108/><F108/><W93/><G1/><T0/><D0/><U23/><E23/><V6/><F101/><W5/><G5/><T128/><D128/><U32/><E32/><V57/><F104/><N who="1" m="39977" /><E103/><V133/><F57/><W112/><G127/><T47/><D47/><U25/><E25/><V61/><F61/><W10/><G126/><T80/><D13/><U88/><E91/><V78/><F133/><W69/><G69/><T44/><D8/><U87/><AGARI ba="0,0" hai="81,82,87,88,95" m="39977,50185,45551" machi="87" ten="30,11700,0" yaku="19,1,34,2,54,1" doraHai="38" who="1" fromWho="1" sc="77,-39,371,117,431,-39,121,-39" /><INIT seed="5,1,0,2,4,14" ten="38,488,392,82" oya="1" hai0="87,7,117,129,80,48,15,23,8,40,75,88,98" hai1="0,101,12,94,9,116,42,25,31,19,28,100,109" hai2="62,122,17,30,123,70,44,68,108,126,118,86,59" hai3="37,33,29,5,34,36,55,69,110,74,45,21,72"/><U16/><E116/><V84/><F30/><N who="1" m="11305" /><E109/><V120/><F108/><W66/><G55/><T111/><D129/><U1/><E42/><V99/><F118/><W103/><G21/><T64/><D117/><U60/><E0/><V92/><F126/><W85/><G85/><T90/><D111/><U10/><E1/><V78/><F44/><W112/><G112/><T57/><D75/><U53/><E94/><V79/><F70/><W124/><G5/><T56/><D64/><U35/><E35/><V127/><F68/><W81/><G124/><T102/><D90/><U121/><E121/><V113/><F127/><W71/><G103/><N who="1" m="39498" /><E25/><V134/><F113/><W67/><G110/><T50/><D50/><U106/><E106/><V43/><F43/><W47/><G29/><T63/><D63/><U51/><E60/><V83/><F79/><W82/><AGARI ba="1,0" hai="33,34,36,37,45,47,66,67,69,71,72,74,81,82" machi="82" ten="25,3200,0" yaku="0,1,22,2" doraHai="14" who="3" fromWho="3" sc="38,-9,488,-17,392,-9,82,35" /><INIT seed="6,0,0,3,4,5" ten="29,471,383,117" oya="2" hai0="68,34,39,72,115,109,40,84,48,31,13,36,8" hai1="66,14,69,70,92,41,21,82,101,67,116,97,83" hai2="86,45,20,91,90,18,43,38,50,4,27,59,125" hai3="23,131,130,44,79,98,111,56,12,1,76,49,94"/><V99/><F125/><W93/><G1/><T87/><D72/><U11/><E116/><V113/><F113/><W2/><G2/><T25/><D68/><U104/><E21/><V108/><F108/><W119/><G111/><T118/><D109/><U80/><E41/><V63/><F38/><W33/><G33/><T129/><D129/><U42/><E42/><V75/><F75/><W65/><G94/><T51/><D115/><U61/><E92/><V60/><F60/><W19/><G119/><T95/><D118/><U134/><E134/><V32/><F99/><W58/><G131/><T96/><D39/><U46/><E46/><V103/><F103/><W77/><G65/><T30/><D30/><U106/><E106/><V120/><F120/><W81/><G81/><T55/><D40/><U123/><E123/><V7/><F32/><W53/><REACH who="3" step="1"/><G130/><REACH who="3" ten="29,471,383,107" step="2"/><T52/><D36/><U54/><E66/><V122/><F122/><W135/><G135/><T132/><D132/><U26/><E67/><V89/><REACH who="2" step="1"/><F86/><REACH who="2" ten="29,471,373,107" step="2"/><W117/><G117/><T100/><D84/><U24/><E97/><V35/><F35/><W112/><G112/><T124/><D87/><U128/><E128/><V102/><F102/><AGARI ba="0,2" hai="12,19,23,44,49,53,56,58,76,77,79,93,98,102" machi="102" ten="40,2600,0" yaku="1,1,8,1,53,0" doraHai="5" doraHaiUra="0" who="3" fromWho="2" sc="29,0,471,0,373,-26,107,46" /><INIT seed="7,0,0,3,1,8" ten="29,471,347,153" oya="3" hai0="33,96,12,88,118,126,134,65,18,41,59,26,60" hai1="64,112,113,133,47,34,84,90,30,42,5,81,95" hai2="122,93,110,35,54,2,89,103,9,0,40,28,62" hai3="7,79,99,87,57,104,32,27,135,127,101,52,23"/><W107/><G32/><T16/><D126/><U55/><E133/><V29/><F110/><W37/><G37/><T43/><D134/><U13/><E30/><V106/><F40/><W1/><G7/><T3/><D3/><U38/><E34/><V111/><F103/><W121/><G1/><T100/><D118/><U61/><E55/><V45/><F106/><W91/><G121/><T49/><D49/><U70/><E5/><V14/><F29/><W46/><G79/><T44/><D33/><U105/><E13/><V31/><F31/><W109/><G109/><T58/><D58/><U114/><E95/><V36/><F36/><W11/><G11/><T83/><D26/><U67/><E67/><V17/><F122/><W85/><G107/><AGARI ba="0,0" hai="38,42,47,61,64,70,81,84,90,105,107,112,113,114" machi="107" ten="40,1300,0" yaku="15,1" doraHai="8" who="1" fromWho="3" sc="29,0,471,13,347,0,153,-13" owari="29,-47.0,484,58.0,347,15.0,140,-26.0" /></mjloggm>