<mjloggm ver="2.3"><GO type="169" lobby="0"/><UN n0="%E5%9C%A8%E5%8E%9F%E4%B8%83%E6%B5%B7%E5%A4%A7%E5%A5%BD%E3%81%8D" n1="%41%72%64%62%65%47" n2="%E5%8D%97%E6%96%97%E3%82%B7%E3%83%B3" n3="%E9%98%BF%E9%83%A8%E5%AF%9B%EF%BC%A0%E9%B3%B3%E5%8D%93" dan="18,16,16,16" rate="2206.11,2038.19,2098.11,2050.91" sx="M,M,M,F"/><TAIKYOKU oya="0"/><INIT seed="0,0,0,4,0,72" ten="250,250,250,250" oya="0" hai0="35,67,122,38,102,7,18,93,57,73,100,9,8" hai1="14,94,29,121,88,2,36,70,74,105,128,135,116" hai2="19,61,119,131,127,25,90,12,91,126,51,82,15" hai3="52,20,48,66,132,34,120,40,77,69,23,21,111"/><T71/><D38/><U109/><E88/><N who="2" m="33835" /><F61/><W99/><G34/><T76/><D35/><U78/><E94/><V28/><F51/><W24/><G111/><T106/><D106/><U79/><E78/><V124/><F131/><W43/><G132/><T0/><D71/><U108/><E79/><V60/><F60/><W54/><G120/><T63/><D93/><U104/><E14/><V103/><F103/><W59/><G69/><T84/><D84/><U5/><E29/><V30/><F82/><W115/><G66/><T125/><D122/><U22/><E22/><N who="3" m="8810" /><G115/><T117/><D117/><U33/><E5/><V45/><F45/><N who="3" m="27663" /><G77/><T68/><D68/><U41/><E41/><V133/><F133/><W49/><G99/><T85/><D85/><U96/><E96/><V16/><F119/><W55/><G54/><T11/><D125/><U123/><E123/><V113/><F113/><W134/><G134/><T6/><D18/><AGARI ba="0,0" hai="18,23,24,40,43,49,55,59" m="27663,8810" machi="18" ten="30,2000,0" yaku="8,1,54,1" doraHai="72" who="3" fromWho="0" sc="250,-20,250,0,250,0,250,20" /><INIT seed="1,0,0,3,3,113" ten="230,250,250,270" oya="1" hai0="13,89,32,20,31,29,7,121,100,85,55,92,26" hai1="118,0,123,37,23,12,11,102,18,108,117,107,131" hai2="41,70,57,36,24,67,40,71,130,16,49,14,97" hai3="124,53,82,72,50,105,25,127,125,42,19,96,52"/><U30/><E37/><V63/><F130/><W65/><G65/><T134/><D121/><U80/><E123/><V69/><F24/><W43/><G96/><T51/><D134/><U114/><E114/><V4/><F4/><W21/><G105/><T128/><D128/><U6/><E80/><V119/><F119/><W48/><G82/><T46/><D32/><U73/><E73/><V58/><F97/><W122/><G72/><T56/><D100/><U27/><E131/><V94/><F94/><W39/><G39/><T78/><D78/><U106/><E108/><V1/><F1/><W115/><G115/><T68/><D68/><U61/><E61/><V81/><F81/><W17/><G122/><T133/><D133/><U34/><E102/><V111/><F111/><W10/><G10/><T3/><D3/><U62/><E62/><V54/><REACH who="2" step="1"/><F36/><REACH who="2" ten="230,250,240,270" step="2"/><W28/><G28/><T120/><D7/><U109/><E109/><V126/><F126/><W88/><G25/><T35/><D120/><U116/><AGARI ba="0,1" hai="0,6,11,12,18,23,27,30,34,106,107,116,117,118" machi="116" ten="30,18000,2" yaku="0,1,24,2,52,3" doraHai="113" who="1" fromWho="1" sc="230,-60,250,190,240,-60,270,-60" /><INIT seed="1,1,0,0,0,1" ten="170,440,180,210" oya="1" hai0="65,46,80,25,96,38,37,7,4,131,121,128,33" hai1="27,98,2,133,101,86,126,105,108,88,57,104,109" hai2="120,45,107,76,68,123,29,5,71,102,63,113,129" hai3="34,74,58,64,22,12,54,87,30,15,17,61,28"/><U106/><E2/><V66/><F76/><W91/><G74/><T31/><D65/><U115/><E57/><V20/><F129/><N who="0" m="49738" /><D121/><U103/><E27/><V89/><F113/><W24/><G30/><T10/><D10/><U52/><E52/><V44/><F71/><W50/><G12/><T134/><D134/><U41/><E41/><V77/><F77/><W39/><G39/><N who="0" m="14859" /><D46/><U90/><E115/><V124/><F45/><W110/><G110/><N who="1" m="42602" /><E133/><V0/><F44/><W32/><G32/><T117/><D80/><N who="1" m="49223" /><E126/><V99/><F124/><W82/><G64/><T132/><D117/><U49/><E49/><V19/><F29/><W13/><G13/><T93/><D132/><U35/><E35/><V26/><REACH who="2" step="1"/><F89/><AGARI ba="1,0" hai="4,7,25,31,33,89,93,96" m="14859,49738" machi="89" ten="30,3900,0" yaku="19,1,52,2" doraHai="1" who="0" fromWho="2" sc="170,42,440,0,180,-42,210,0" /><INIT seed="2,0,0,3,1,20" ten="212,440,138,210" oya="2" hai0="49,56,135,43,73,52,4,88,118,25,123,125,89" hai1="79,28,34,0,37,67,119,61,128,87,133,102,131" hai2="8,100,120,38,75,39,23,3,7,98,130,5,97" hai3="21,93,17,107,94,26,48,115,55,6,71,19,132"/><V64/><F130/><W57/><G132/><T106/><D123/><U103/><E119/><V24/><F120/><W50/><G71/><T40/><D125/><U29/><E0/><V101/><F75/><W74/><G107/><T126/><D106/><U41/><E28/><V31/><F7/><W27/><G74/><T127/><D73/><U15/><E15/><V10/><F10/><W53/><G115/><T121/><D4/><U84/><E37/><V12/><F3/><W47/><G6/><T72/><D72/><U59/><E41/><N who="0" m="15945" /><D135/><U110/><E133/><V69/><F69/><W68/><G68/><T80/><D80/><U77/><E77/><V82/><F64/><W104/><G104/><T44/><D118/><U134/><E134/><V65/><F65/><W81/><G81/><T95/><D121/><U9/><E9/><V105/><REACH who="2" step="1"/><F82/><REACH who="2" ten="212,440,128,210" step="2"/><W117/><G117/><T14/><D127/><U60/><E67/><V109/><F109/><W129/><G129/><T18/><D126/><U62/><E110/><V13/><F13/><W91/><G91/><T113/><D89/><U122/><E122/><V83/><F83/><W22/><AGARI ba="0,1" hai="17,19,21,22,26,27,47,48,50,53,55,57,93,94" machi="22" ten="30,8000,1" yaku="0,1,9,1,8,1,52,2" doraHai="20" who="3" fromWho="3" sc="212,-20,440,-20,128,-40,210,90" /><INIT seed="3,0,0,2,3,122" ten="192,420,88,300" oya="3" hai0="106,93,99,1,63,132,135,79,129,67,46,134,56" hai1="110,87,113,72,30,68,12,121,75,112,65,116,60" hai2="128,102,21,20,23,49,101,81,92,130,39,111,105" hai3="100,61,35,118,32,66,78,0,8,73,84,126,94"/><W5/><G118/><T37/><D1/><U125/><E121/><V127/><F39/><W74/><G126/><T25/><D106/><U18/><E125/><V89/><F127/><W85/><G100/><T124/><D124/><U62/><E116/><V59/><F81/><W77/><G74/><T29/><D79/><U17/><E30/><V97/><F102/><W42/><G42/><T52/><D129/><N who="2" m="49770" /><F49/><W119/><G73/><T38/><D46/><U104/><E104/><V7/><F59/><W133/><G119/><T10/><D10/><U48/><E48/><V114/><F7/><W98/><G133/><T51/><D67/><U34/><E34/><V57/><F57/><W83/><G84/><T131/><D51/><U6/><E6/><V117/><F117/><W13/><G78/><T45/><D45/><U27/><E65/><V19/><F114/><W95/><G0/><T15/><D15/><U26/><E12/><V120/><F120/><W22/><G95/><T28/><D131/><U109/><REACH who="1" step="1"/><E87/><REACH who="1" ten="192,410,88,300" step="2"/><N who="2" m="52287" /><F19/><W80/><G66/><T33/><REACH who="0" step="1"/><D29/><REACH who="0" ten="182,410,88,300" step="2"/><U47/><E47/><V43/><F43/><W50/><G50/><T16/><D16/><U9/><E9/><V44/><F44/><W3/><G8/><T91/><AGARI ba="0,2" hai="25,28,33,37,38,52,56,63,91,93,99,132,134,135" machi="91" ten="30,7900,0" yaku="1,1,0,1,20,1,54,1,53,0" doraHai="122" doraHaiUra="4" who="0" fromWho="0" sc="182,99,410,-20,88,-20,300,-39" /><INIT seed="4,0,0,2,2,6" ten="281,390,68,261" oya="0" hai0="0,76,124,3,100,42,97,25,15,19,53,90,21" hai1="65,133,108,29,85,56,33,62,30,70,48,104,96" hai2="37,20,67,14,112,77,72,38,92,44,83,131,79" hai3="47,55,132,40,125,116,23,82,10,66,58,98,75"/><T73/><D42/><U59/><E108/><V113/><F131/><W81/><G116/><T27/><D124/><U91/><E133/><V121/><F121/><W78/><G132/><T111/><D111/><U101/><E33/><V95/><F67/><W1/><G66/><T2/><D90/><U8/><E70/><V35/><F35/><W57/><G82/><T24/><D76/><U120/><E120/><V49/><F79/><W5/><G125/><T105/><D73/><U128/><E128/><V64/><F64/><W87/><G55/><T52/><AGARI ba="0,0" hai="0,2,3,15,19,21,24,25,27,52,53,97,100,105" machi="52" ten="40,3900,0" yaku="0,1,54,1" doraHai="6" who="0" fromWho="0" sc="281,39,390,-13,68,-13,261,-13" /><INIT seed="4,1,0,1,4,132" ten="320,377,55,248" oya="0" hai0="80,2,16,119,84,77,91,72,83,71,75,114,62" hai1="124,10,99,78,66,34,118,25,58,82,19,1,13" hai2="3,33,129,67,97,105,9,126,30,20,74,53,31" hai3="81,63,32,88,93,98,24,51,79,94,102,52,128"/><T89/><D2/><U60/><E118/><V96/><F74/><W127/><G128/><T18/><D114/><U107/><E124/><V49/><F129/><W41/><G127/><T36/><D36/><U12/><E107/><V11/><F126/><W28/><G41/><T117/><D71/><U108/><E108/><V106/><F67/><W131/><G63/><T26/><D62/><U95/><E1/><V57/><F33/><W90/><G94/><T109/><D109/><U7/><E34/><V29/><F3/><W120/><G120/><T85/><REACH who="0" step="1"/><D26/><REACH who="0" ten="310,377,55,248" step="2"/><U122/><E25/><V50/><F20/><W4/><G131/><T27/><D27/><U14/><E122/><V125/><F125/><W65/><G65/><T111/><D111/><U116/><E116/><V56/><F31/><W5/><G5/><T54/><D54/><AGARI ba="1,1" hai="9,11,29,30,49,50,53,54,56,57,96,97,105,106" machi="54" ten="25,1600,0" yaku="22,2" doraHai="132" who="2" fromWho="0" sc="310,-19,377,0,55,29,248,0" /><INIT seed="5,0,0,3,3,79" ten="291,377,84,248" oya="1" hai0="110,115,18,85,112,124,78,42,81,125,65,2,127" hai1="7,25,36,99,58,37,24,77,60,118,90,122,8" hai2="28,111,109,56,17,52,101,29,51,15,63,102,108" hai3="119,106,131,91,75,113,134,68,72,135,35,105,49"/><U53/><E122/><V95/><F63/><W38/><RYUUKYOKU type="yao9" ba="0,0" sc="291,0,377,0,84,0,248,0" hai3="35,38,49,68,72,75,91,105,106,113,119,131,134,135" /><INIT seed="5,1,0,2,0,88" ten="291,377,84,248" oya="1" hai0="128,23,15,19,78,102,67,96,118,26,54,71,131" hai1="29,55,17,83,119,81,3,4,93,16,40,69,12" hai2="61,115,116,31,52,9,101,103,37,99,35,89,105" hai3="49,25,45,79,113,8,33,133,1,18,6,0,120"/><U111/><E119/><V63/><F116/><W129/><G120/><T14/><D78/><U121/><E121/><V98/><F37/><W80/><G113/><T64/><D118/><U76/><E69/><V66/><F115/><W56/><G133/><T36/><D36/><U92/><E3/><V85/><F9/><W50/><G129/><N who="0" m="49739" /><D54/><U86/><E111/><V41/><F41/><W27/><G56/><T87/><D87/><N who="1" m="48551" /><E29/><V107/><F66/><N who="0" m="25130" /><D71/><U42/><E55/><V21/><F35/><W104/><G104/><AGARI ba="1,0" hai="14,15,19,23,26,96,102,104" m="25130,49739" machi="104" ten="30,1000,0" yaku="19,1" doraHai="88" who="0" fromWho="3" sc="291,13,377,0,84,0,248,-13" /><INIT seed="6,0,0,1,2,29" ten="304,377,84,235" oya="2" hai0="21,93,55,109,47,112,54,10,73,5,107,35,31" hai1="65,27,8,36,82,69,72,102,0,101,86,83,48" hai2="122,104,52,118,78,42,20,117,120,16,1,97,114" hai3="94,125,80,103,126,53,76,56,119,57,63,49,100"/><V38/><F1/><W17/><G119/><T129/><D107/><U79/><E36/><V14/><F78/><W13/><G125/><T24/><D109/><U92/><E92/><V2/><F2/><W98/><G126/><T26/><D73/><U7/><E48/><V105/><F114/><W133/><G133/><T6/><D129/><U121/><E121/><V135/><F135/><W87/><G103/><T90/><D47/><U30/><E65/><V22/><F97/><W89/><G100/><T61/><D61/><U88/><E69/><V67/><F67/><W95/><G95/><T127/><D5/><U134/><E134/><V46/><F22/><AGARI ba="0,0" hai="0,7,8,22,27,30,72,79,82,83,86,88,101,102" machi="22" ten="30,2000,0" yaku="7,1,54,1" doraHai="29" who="1" fromWho="2" sc="304,0,377,20,84,-20,235,0" /><INIT seed="7,0,0,4,4,116" ten="304,397,64,235" oya="3" hai0="26,40,103,109,87,93,123,33,94,20,45,135,80" hai1="10,132,133,85,29,95,121,30,59,39,105,53,27" hai2="15,70,60,28,50,126,61,11,35,49,77,96,92" hai3="120,64,12,106,0,54,65,84,42,102,125,71,124"/><W72/><G0/><T76/><D109/><U110/><E121/><V31/><F126/><W97/><G72/><T89/><D135/><U117/><E110/><V78/><F70/><W91/><G42/><T55/><D33/><U21/><E105/><V5/><F35/><W22/><G54/><T41/><D123/><U79/><E39/><V34/><F34/><W17/><G120/><T67/><D67/><U24/><E117/><V75/><F75/><W73/><G73/><T38/><D103/><U18/><E79/><V68/><F68/><W115/><G115/><T2/><D2/><U37/><E37/><V131/><F131/><W82/><REACH who="3" step="1"/><G71/><REACH who="3" ten="304,397,64,225" step="2"/><T1/><D1/><U66/><E53/><V16/><F5/><W7/><G7/><T19/><D41/><U58/><E133/><V81/><F81/><W3/><G3/><T90/><D55/><U6/><E6/><V43/><F43/><W108/><G108/><T47/><D40/><U36/><E132/><V52/><F50/><W99/><G99/><N who="0" m="57775" /><D38/><U113/><E36/><V23/><F60/><W112/><G112/><T63/><D63/><U13/><E113/><V129/><F129/><W4/><G4/><T107/><D107/><U111/><E111/><V114/><F114/><W104/><G104/><T130/><D130/><U119/><E119/><V8/><F61/><W127/><AGARI ba="0,1" hai="12,17,22,64,65,82,84,91,97,102,106,124,125,127" machi="127" ten="30,11700,0" yaku="1,1,0,1,18,1,53,1" doraHai="116" doraHaiUra="98" who="3" fromWho="3" sc="304,-39,397,-39,64,-39,225,127" /><INIT seed="7,1,0,3,1,124" ten="265,358,25,352" oya="3" hai0="46,80,96,3,131,33,89,22,107,57,41,58,98" hai1="66,2,128,28,55,113,29,54,78,104,93,83,132" hai2="106,135,94,102,133,8,20,72,16,13,61,48,27" hai3="69,123,35,15,10,26,59,52,45,126,37,64,86"/><W39/><G123/><T50/><D33/><U110/><E110/><V43/><F94/><W68/><G126/><T70/><D3/><U103/><E104/><V75/><F61/><N who="3" m="39951" /><G69/><T30/><D70/><U51/><E2/><V121/><F48/><N who="3" m="31111" /><G39/><T19/><D30/><U117/><E66/><V101/><F43/><N who="3" m="22767" /><G86/><T91/><D131/><U36/><E128/><V134/><F121/><W118/><G118/><T85/><D107/><U127/><E117/><V60/><F60/><W17/><G35/><T129/><D129/><U14/><E36/><V31/><REACH who="2" step="1"/><F106/><REACH who="2" ten="265,358,15,352" step="2"/><W11/><G26/><T24/><D98/><U111/><E111/><V21/><F21/><AGARI ba="1,1" hai="10,11,15,17,21" m="22767,31111,39951" machi="21" ten="30,2900,0" yaku="24,1,54,1" doraHai="124" who="3" fromWho="2" sc="265,0,358,0,15,-32,352,42" owari="265,-13.0,358,16.0,-17,-52.0,394,49.0" /></mjloggm>