<mjloggm ver="2.3"><GO type="169" lobby="0"/><UN n0="%79%69%6E%6E%65%72%30%36" n1="%E3%82%82%E3%82%8A%E3%82%82%E3%82%8A%E3%81%8A%E3%81%AB%E3%81%8E%E3%82%8A" n2="%E3%81%BF%E3%83%BC%E3%81%94%E3%81%BE" n3="%7A%6F%6F%31%39%36%34" dan="16,16,17,16" rate="2153.58,2137.90,2155.95,2127.99" sx="F,M,M,M"/><TAIKYOKU oya="0"/><INIT seed="0,0,0,3,0,76" ten="250,250,250,250" oya="0" hai0="16,97,124,57,131,48,77,108,39,125,13,54,1" hai1="110,65,51,134,22,135,90,31,95,104,100,59,99" hai2="121,43,75,67,128,23,12,105,81,73,44,93,7" hai3="123,87,19,69,27,53,46,122,60,4,86,3,21"/><T8/><D131/><U0/><E0/><V40/><F121/><N who="3" m="46091" /><G3/><T116/><D116/><U71/><E71/><V45/><F105/><W82/><G4/><T2/><D39/><U62/><E110/><V50/><F128/><W78/><G69/><T106/><D108/><U91/><E51/><V96/><F67/><W80/><G60/><T83/><D2/><U94/><E104/><V58/><F58/><W47/><G53/><T112/><D1/><U72/><E72/><V64/><F64/><W98/><G98/><T41/><D41/><U18/><E31/><V9/><F23/><W26/><G27/><T30/><D30/><U56/><E56/><V15/><F15/><W35/><G35/><T84/><REACH who="0" step="1"/><D112/><REACH who="0" ten="240,250,250,250" step="2"/><U20/><E134/><V42/><F43/><W103/><G103/><AGARI ba="0,1" hai="8,13,16,48,54,57,77,83,84,97,103,106,124,125" machi="103" ten="40,12000,1" yaku="1,1,2,1,52,1,54,1,53,0" doraHai="76" doraHaiUra="66" who="0" fromWho="3" sc="240,130,250,0,250,0,250,-120" /><INIT seed="0,1,0,3,2,123" ten="370,250,250,130" oya="0" hai0="81,71,111,85,48,99,108,18,122,16,22,23,115" hai1="74,72,131,132,61,29,46,4,119,42,10,3,117" hai2="21,75,14,96,100,30,106,76,5,87,50,57,114" hai3="101,36,90,104,53,84,26,70,98,45,12,66,37"/><T1/><D122/><U116/><E132/><V125/><F114/><W47/><G12/><T33/><D115/><U34/><E61/><V128/><F128/><W67/><G67/><T9/><D33/><U89/><E89/><V39/><F39/><W27/><G37/><T124/><D71/><U7/><E7/><V31/><F125/><W56/><G66/><T65/><D65/><U102/><E102/><V107/><F106/><W38/><G70/><T19/><D124/><U112/><E112/><V121/><F121/><W118/><G38/><T91/><D48/><U24/><REACH who="1" step="1"/><E131/><REACH who="1" ten="370,240,250,130" step="2"/><V11/><F5/><W105/><G90/><T43/><D43/><U113/><E113/><V13/><F100/><W0/><G101/><T78/><D1/><U20/><E20/><V17/><F21/><W73/><G0/><T62/><D9/><U15/><E15/><V120/><F14/><W52/><G26/><T8/><D8/><U25/><E25/><V135/><F11/><W79/><G27/><T35/><D62/><U55/><E55/><N who="2" m="31991" /><F135/><W60/><G53/><T54/><D54/><U68/><E68/><V6/><F6/><W82/><G52/><T80/><D35/><U51/><AGARI ba="1,1" hai="3,4,10,24,29,34,42,46,51,72,74,116,117,119" machi="51" ten="30,2000,0" yaku="1,1,0,1,53,0" doraHai="123" doraHaiUra="94" who="1" fromWho="1" sc="370,-11,240,33,250,-6,130,-6" /><INIT seed="1,0,0,5,2,2" ten="359,273,244,124" oya="1" hai0="129,88,1,55,37,41,69,83,124,23,51,28,40" hai1="85,11,79,64,21,125,70,98,7,5,22,61,20" hai2="52,111,115,84,30,0,75,133,46,6,107,31,112" hai3="58,87,82,32,34,104,99,106,16,90,103,44,76"/><U132/><E132/><V14/><F107/><W117/><G117/><T123/><D129/><U63/><E125/><V113/><F75/><W101/><G44/><T3/><D69/><U89/><E79/><V68/><F133/><W86/><G58/><T43/><D37/><U80/><E98/><V126/><F126/><W114/><G114/><T48/><D123/><U122/><E122/><V67/><F111/><W100/><G16/><T78/><D124/><U49/><E11/><N who="2" m="4471" /><F0/><W59/><G59/><T92/><D48/><U36/><E36/><V12/><F84/><N who="3" m="48199" /><G32/><T25/><D83/><U96/><E63/><N who="2" m="40063" /><F12/><W110/><G34/><T60/><D60/><U127/><E127/><V73/><F73/><W120/><G110/><T56/><REACH who="0" step="1"/><D78/><REACH who="0" ten="349,273,244,124" step="2"/><U33/><E49/><AGARI ba="0,1" hai="30,31,46,49,52,112,113,115" m="40063,4471" machi="49" ten="30,3900,0" yaku="11,1,52,1,54,1" doraHai="2" who="2" fromWho="1" sc="349,0,273,-39,244,49,124,0" /><INIT seed="2,0,0,5,5,91" ten="349,234,293,124" oya="2" hai0="111,89,51,45,67,124,105,102,103,134,63,9,47" hai1="78,25,22,35,97,73,46,76,39,37,112,115,54" hai2="14,0,10,90,56,77,5,94,12,62,24,98,88" hai3="119,84,48,33,23,68,81,36,79,21,125,101,72"/><V80/><F24/><W130/><G36/><T65/><D111/><U69/><E35/><V100/><F0/><W13/><G119/><T55/><D134/><U133/><E133/><V95/><F14/><W31/><G130/><T34/><D34/><U93/><E69/><V120/><F120/><W6/><G125/><T107/><D124/><U118/><E118/><V53/><REACH who="2" step="1"/><F94/><REACH who="2" ten="349,234,283,124" step="2"/><W128/><G13/><T49/><D105/><U52/><E25/><V40/><F40/><W129/><G33/><T122/><D107/><U8/><E93/><V132/><F132/><W61/><G31/><T42/><D122/><U64/><E115/><V131/><F131/><W38/><G129/><T83/><D9/><U43/><E112/><V108/><F108/><W11/><G128/><T86/><REACH who="0" step="1"/><D67/><REACH who="0" ten="339,234,283,124" step="2"/><U30/><E64/><V2/><F2/><W127/><G11/><T50/><D50/><U17/><E8/><V99/><F99/><W104/><G48/><T18/><D18/><U121/><E97/><V82/><F82/><W19/><G19/><T29/><D29/><U85/><E121/><V59/><F59/><AGARI ba="0,2" hai="42,45,47,49,51,55,59,63,65,83,86,89,102,103" machi="59" ten="30,3900,0" yaku="1,1,7,1,8,1,53,0" doraHai="91" doraHaiUra="28" who="0" fromWho="2" sc="339,59,234,0,283,-39,124,0" /><INIT seed="3,0,0,0,2,28" ten="398,234,244,124" oya="3" hai0="108,118,131,38,9,54,23,84,79,117,119,39,134" hai1="66,130,17,114,102,73,45,98,106,26,57,70,86" hai2="47,34,60,27,135,29,24,18,69,97,71,83,37" hai3="64,122,85,72,78,132,99,62,94,101,7,3,107"/><W125/><G122/><T8/><D108/><U25/><E73/><V76/><F135/><W92/><G3/><T120/><D120/><U59/><E114/><V110/><F110/><W121/><G7/><T55/><D134/><U77/><E130/><V96/><F37/><W21/><G132/><T50/><D23/><U40/><E70/><V112/><F47/><W124/><G121/><T4/><D131/><U111/><E111/><V126/><F112/><W80/><G21/><T89/><D79/><U65/><E77/><V63/><F126/><N who="3" m="48747" /><G62/><T61/><D61/><U82/><E66/><V22/><F63/><W68/><G64/><T46/><D55/><U2/><E2/><V16/><F18/><W31/><G31/><T74/><D74/><U20/><E26/><V75/><REACH who="2" step="1"/><F69/><REACH who="2" ten="398,234,234,124" step="2"/><W0/><G68/><T32/><D38/><U5/><E17/><V104/><F104/><W52/><G52/><T44/><D39/><U91/><E106/><V93/><F93/><N who="3" m="35947" /><G0/><T10/><D44/><U41/><E45/><V100/><F100/><W56/><G56/><T95/><D4/><U127/><E127/><V36/><F36/><W58/><G58/><T11/><N who="0" m="2048" /><DORA hai="35" /><T103/><D119/><U128/><E5/><V6/><F6/><W12/><G12/><T43/><D118/><U115/><E59/><V14/><F14/><W13/><G13/><T53/><D117/><U30/><E57/><V133/><F133/><W105/><G107/><T1/><D1/><U129/><E129/><V51/><F51/><W88/><G72/><T113/><D50/><U42/><E128/><RYUUKYOKU ba="0,1" sc="398,-15,234,-15,234,15,124,15" hai2="16,22,24,27,29,34,60,71,75,76,83,96,97" hai3="78,80,85,88,99,101,105" /><INIT seed="3,1,1,5,2,40" ten="383,219,249,139" oya="3" hai0="19,63,71,43,89,129,82,93,4,7,119,8,97" hai1="32,72,116,29,53,36,24,31,99,64,105,6,74" hai2="61,87,114,58,112,88,15,2,51,10,37,0,27" hai3="111,60,117,133,126,5,92,68,17,18,127,90,131"/><W45/><G117/><T123/><D129/><U84/><E116/><V59/><F37/><W135/><G5/><T30/><D123/><U94/><E6/><V75/><F75/><W14/><G131/><T130/><D130/><U91/><E36/><V3/><F27/><W26/><G26/><T86/><D30/><U73/><E31/><V25/><F25/><W106/><G106/><T35/><D35/><U55/><E64/><V38/><F38/><W132/><G111/><T98/><D98/><U102/><AGARI ba="1,1" hai="24,29,32,53,55,72,73,74,84,91,94,99,102,105" machi="102" ten="40,1500,0" yaku="0,1" doraHai="40" who="1" fromWho="1" sc="383,-5,219,28,249,-5,139,-8" /><INIT seed="4,0,0,0,1,74" ten="378,247,244,131" oya="0" hai0="133,104,20,82,43,113,81,119,77,111,11,45,62" hai1="35,124,92,121,24,26,68,96,57,76,116,38,131" hai2="88,99,21,7,100,129,87,37,101,63,29,47,54" hai3="40,126,90,41,23,5,22,107,4,8,70,73,94"/><T9/><D119/><U118/><E68/><V112/><F112/><W48/><G107/><T110/><D133/><U46/><E121/><V75/><F75/><W53/><G70/><T50/><D104/><U3/><E3/><V49/><F129/><W128/><G128/><T108/><D113/><U12/><E131/><V125/><F125/><W91/><G73/><N who="0" m="43183" /><D20/><U30/><E124/><V89/><F7/><W135/><G135/><T95/><D82/><U132/><E132/><V65/><F37/><W134/><G134/><T80/><D80/><U97/><E38/><V25/><F99/><W60/><G60/><T61/><D95/><U13/><E92/><V109/><F89/><W83/><G126/><T44/><D44/><U103/><E46/><V19/><F19/><W32/><G32/><T123/><D123/><U130/><E35/><V120/><F109/><W79/><G94/><T10/><AGARI ba="0,0" hai="9,10,11,43,45,50,61,62,108,110,111" m="43183" machi="10" ten="40,3900,0" yaku="10,1,52,1" doraHai="74" who="0" fromWho="0" sc="378,39,247,-13,244,-13,131,-13" /><INIT seed="4,1,0,2,0,0" ten="417,234,231,118" oya="0" hai0="2,87,113,116,79,121,33,23,72,74,42,118,16" hai1="19,63,88,130,129,21,12,5,31,51,122,73,43" hai2="8,112,76,35,95,7,36,85,84,1,53,114,27" hai3="98,57,134,45,24,108,131,58,123,92,89,71,81"/><T115/><D33/><U62/><E122/><V69/><F36/><W22/><G108/><T25/><D2/><U6/><E73/><V124/><F69/><W20/><G134/><T11/><D121/><U125/><E125/><V10/><F124/><W93/><G131/><N who="1" m="50186" /><E31/><V46/><F10/><W106/><G71/><T28/><D42/><U15/><E15/><V14/><F1/><W40/><G106/><T126/><D126/><U41/><E41/><V105/><F105/><W111/><G111/><T133/><D133/><U94/><E51/><V101/><F27/><W78/><G93/><T109/><D109/><U83/><E83/><V55/><F35/><W49/><G123/><T96/><D96/><N who="1" m="57415" /><E43/><V104/><F104/><W30/><REACH who="3" step="1"/><G22/><REACH who="3" ten="417,234,231,108" step="2"/><T127/><D23/><U117/><E117/><V120/><F120/><W38/><G38/><T18/><D116/><U13/><E13/><V56/><F14/><W99/><G99/><T9/><D118/><U135/><E135/><V132/><F132/><W32/><G32/><T54/><D127/><U119/><E119/><V68/><F68/><W75/><AGARI ba="1,1" hai="20,24,30,40,45,49,57,58,75,78,81,89,92,98" machi="75" ten="20,2700,0" yaku="1,1,0,1,7,1,53,0" doraHai="0" doraHaiUra="3" who="3" fromWho="3" sc="417,-14,234,-8,231,-8,108,40" /><INIT seed="5,0,0,4,1,118" ten="403,226,223,148" oya="1" hai0="108,28,23,112,133,4,128,46,129,91,40,6,32" hai1="92,11,103,77,61,82,132,111,105,81,31,134,15" hai2="125,68,34,8,49,107,123,106,87,110,116,88,14" hai3="94,98,16,26,43,124,22,97,73,96,5,53,57"/><U42/><E31/><V130/><F110/><W38/><G124/><T30/><D108/><U99/><E111/><V71/><F116/><W0/><G73/><T13/><D112/><U35/><E35/><V29/><F125/><W48/><G38/><T45/><D32/><U93/><E42/><V115/><F130/><W76/><G76/><T37/><D133/><N who="1" m="51307" /><E61/><V36/><F36/><W2/><G43/><T44/><D28/><U56/><E56/><V113/><F29/><W69/><G69/><N who="2" m="26697" /><F49/><W109/><G109/><T127/><D127/><U7/><E82/><V66/><F66/><W114/><G114/><N who="2" m="43529" /><F34/><W54/><G0/><T47/><D30/><U55/><E55/><V3/><F3/><W72/><G72/><AGARI ba="0,0" hai="7,11,15,72,77,81,92,93,99,103,105" m="51307" machi="72" ten="30,1500,0" yaku="20,1" doraHai="118" who="1" fromWho="3" sc="403,0,226,15,223,0,148,-15" /><INIT seed="5,1,0,4,4,71" ten="403,241,223,133" oya="1" hai0="50,29,16,127,96,48,11,22,129,32,106,67,100" hai1="77,82,51,97,102,23,42,90,52,109,87,3,92" hai2="47,128,118,110,95,73,135,69,10,54,7,81,108" hai3="57,2,133,30,70,43,56,24,72,35,55,99,117"/><U132/><E132/><V12/><F118/><W6/><G133/><T63/><D129/><U61/><E109/><V19/><F135/><W94/><G70/><N who="0" m="42367" /><D11/><U84/><E3/><V34/><F69/><W60/><G117/><T78/><D78/><U17/><E61/><V28/><F128/><W119/><G72/><T13/><D127/><U33/><E33/><V44/><F47/><W9/><G119/><T18/><D18/><U62/><E62/><V85/><F73/><W111/><G111/><T131/><D131/><U36/><E36/><V49/><F95/><W93/><G43/><T21/><D21/><U75/><E42/><V15/><F28/><W91/><G57/><T120/><D120/><U130/><E130/><V40/><F40/><W122/><REACH who="3" step="1"/><G94/><REACH who="3" ten="403,241,223,123" step="2"/><T25/><AGARI ba="1,1" hai="13,16,22,25,29,32,48,50,96,100,106" m="42367" machi="25" ten="30,2000,0" yaku="25,1,54,1" doraHai="71" who="0" fromWho="0" sc="403,33,241,-11,223,-6,123,-6" /><INIT seed="6,0,0,5,2,122" ten="436,230,217,117" oya="2" hai0="119,55,100,88,57,35,18,95,37,29,63,125,9" hai1="0,97,32,107,76,114,127,126,72,82,17,34,5" hai2="12,94,84,105,31,129,60,23,28,79,123,99,86" hai3="19,115,70,50,46,104,135,66,11,39,81,26,102"/><V2/><F2/><W75/><G135/><T77/><D125/><N who="1" m="47627" /><E114/><V4/><F123/><W56/><G115/><T92/><D37/><U89/><E17/><V6/><F105/><W51/><G104/><T48/><D35/><U113/><E113/><V132/><F132/><W74/><G102/><T7/><D77/><U111/><E111/><V36/><F36/><W54/><G81/><T14/><D29/><U61/><E61/><V90/><F129/><W1/><G1/><T16/><D119/><U131/><E131/><V80/><F31/><W101/><G101/><T47/><D100/><N who="1" m="62863" /><E89/><V8/><F60/><W85/><G85/><N who="0" m="52239" /><D95/><U130/><E130/><V108/><F4/><W120/><G120/><T65/><AGARI ba="0,0" hai="7,9,14,16,18,47,48,55,57,63,65" m="52239" machi="65" ten="30,4000,0" yaku="8,1,54,2" doraHai="122" who="0" fromWho="0" sc="436,40,230,-10,217,-20,117,-10" /><INIT seed="7,0,0,3,2,63" ten="476,220,197,107" oya="3" hai0="71,121,29,0,58,30,5,102,57,110,114,37,43" hai1="21,2,59,33,99,95,94,70,105,34,65,82,19" hai2="96,79,122,101,28,108,117,81,107,16,74,20,69" hai3="61,51,111,92,3,7,54,18,73,27,6,67,52"/><W66/><G73/><T120/><D71/><U125/><E70/><V133/><F117/><W76/><G111/><T39/><D102/><U4/><E105/><V8/><F108/><W47/><G76/><T14/><D14/><U68/><E68/><V75/><F69/><W45/><G3/><T80/><D80/><U42/><E42/><V123/><F133/><W26/><G92/><T104/><D5/><N who="3" m="1545" /><G18/><T89/><D89/><U115/><E82/><V31/><F74/><W41/><G41/><T106/><D43/><U128/><E95/><V11/><F31/><W38/><G38/><T124/><D124/><U17/><E17/><V84/><F28/><W32/><G32/><T135/><D110/><U97/><E125/><V98/><F75/><W62/><G62/><T93/><D93/><U9/><E97/><V15/><REACH who="2" step="1"/><F96/><REACH who="2" ten="476,220,187,107" step="2"/><W22/><G61/><T35/><D106/><U116/><E116/><V85/><F85/><W86/><G86/><T56/><D39/><U44/><E99/><V23/><F23/><W88/><G88/><T112/><D37/><U25/><E34/><V91/><F91/><W50/><G22/><T119/><D104/><U130/><E33/><V46/><F46/><W100/><G100/><T131/><D35/><U126/><E44/><V103/><F103/><W36/><G36/><T83/><D0/><U49/><E126/><V78/><F78/><W129/><G129/><T1/><D131/><U64/><E130/><V48/><F48/><W127/><G127/><T60/><D1/><N who="1" m="143" /><E128/><V77/><F77/><W24/><AGARI ba="0,1" hai="24,26,27,45,47,50,51,52,54,66,67" m="1545" machi="24" ten="30,11700,0" yaku="8,1,52,2,54,1" doraHai="63" who="3" fromWho="3" sc="476,-39,220,-39,187,-39,107,127" /><INIT seed="7,1,0,5,2,132" ten="437,181,148,234" oya="3" hai0="63,114,32,74,51,42,40,112,65,58,18,108,60" hai1="8,86,76,26,115,99,106,53,35,5,131,116,27" hai2="90,13,33,20,118,134,124,39,57,73,130,37,95" hai3="91,119,101,14,52,72,54,22,77,47,96,59,70"/><W121/><G70/><N who="0" m="42279" /><D108/><U87/><E115/><N who="0" m="44073" /><D74/><U123/><E123/><V21/><F33/><W107/><G119/><T75/><D75/><U117/><E35/><V102/><F73/><W82/><G121/><T78/><D78/><U66/><E66/><V125/><F118/><N who="1" m="45673" /><E131/><V23/><F130/><W92/><G47/><N who="0" m="26087" /><D32/><U104/><E76/><V85/><F134/><W25/><G14/><T48/><D18/><U81/><E27/><V122/><F122/><W15/><G15/><T38/><D48/><U9/><E26/><V41/><F13/><W110/><G110/><T84/><D84/><U24/><E24/><V30/><F30/><W67/><G22/><T49/><D49/><U97/><E87/><V127/><F41/><W68/><G25/><T62/><D58/><U16/><E16/><V103/><F57/><W31/><G59/><T89/><D89/><U126/><E86/><V109/><F109/><W43/><G31/><T45/><AGARI ba="1,0" hai="38,42,45,62,63" m="26087,44073,42279" machi="45" ten="30,7900,0" yaku="15,1,11,1,34,2" doraHai="132" who="0" fromWho="0" sc="437,82,181,-21,148,-21,234,-40" owari="519,62.0,160,-24.0,127,-37.0,194,-1.0" /></mjloggm>