<mjloggm ver="2.3"><GO type="185" lobby="0"/><UN n0="%E7%9C%9F%E9%9B%80%E9%AC%BC" n1="%59%6F%69%63%68%69" n2="%6D%61%77%69%6C%65" n3="" dan="18,16,16,0" rate="2314.64,2158.14,2113.28,1500.00" sx="M,M,M,C"/><TAIKYOKU oya="0"/><INIT seed="0,0,0,4,1,95" ten="350,350,350,0" oya="0" hai0="33,82,110,135,129,134,115,63,94,43,117,53,92" hai1="109,75,32,34,0,83,71,114,66,127,67,54,37" hai2="39,50,45,118,101,128,93,88,102,96,60,91,62" hai3=""/><T80/><D33/><U42/><E0/><V3/><F3/><T64/><D117/><U89/><E127/><V51/><F118/><T124/><D124/><U79/><E109/><V84/><F128/><T49/><D115/><U133/><E133/><N who="0" m="50697" /><D43/><U100/><E114/><V116/><F39/><T86/><D129/><U72/><E72/><V69/><F51/><T44/><D82/><U87/><E100/><N who="2" m="38507" /><F69/><T106/><D106/><U77/><E77/><V1/><F1/><T59/><D110/><U48/><E42/><V74/><F74/><T52/><D53/><U35/><E37/><V90/><F116/><T58/><D44/><U121/><N who="1" m="31008" /><U122/><N who="1" m="31264" /><U111/><E71/><V103/><F84/><T68/><D59/><U108/><E111/><V107/><F107/><T132/><D132/><U126/><E126/><V130/><F130/><T120/><N who="0" m="30752" /><T70/><D68/><U56/><REACH who="1" step="1"/><E108/><REACH who="1" ten="350,340,350,0" step="2"/><V99/><F99/><T119/><D119/><U98/><E98/><V81/><F81/><AGARI ba="0,1" hai="32,34,35,48,54,56,66,67,75,79,81,83,87,89" m="31264,31008" machi="81" ten="40,8000,1" yaku="1,1,52,2,53,2" doraHai="95" doraHaiUra="61" who="1" fromWho="2" sc="350,0,340,90,350,-80,0,0" /><INIT seed="1,0,0,2,3,75" ten="350,430,270,0" oya="1" hai0="107,110,0,134,85,55,91,112,53,73,44,2,42" hai1="135,77,102,47,87,103,80,63,98,79,130,88,74" hai2="124,71,123,76,39,33,82,119,106,118,131,54,128" hai3=""/><U65/><E135/><V49/><N who="2" m="31520" /><V70/><F33/><T59/><D134/><U125/><E130/><N who="2" m="49707" /><F106/><T45/><D112/><U52/><E125/><V61/><F39/><T81/><D110/><U94/><E103/><V116/><F124/><T95/><D107/><U48/><REACH who="1" step="1"/><E74/><REACH who="1" ten="350,420,270,0" step="2"/><V109/><F109/><T1/><D0/><U62/><E62/><V57/><F61/><T104/><D1/><U46/><E46/><V35/><F35/><T40/><D73/><AGARI ba="0,1" hai="49,54,57,70,71,73,76,82,116,118,119" m="49707,31520" machi="73" ten="40,5200,0" yaku="19,1,52,2" doraHai="75" who="2" fromWho="0" sc="350,-52,420,0,270,62,0,0" /><INIT seed="2,0,0,2,5,127" ten="298,420,332,0" oya="2" hai0="75,124,0,63,48,44,85,77,135,53,82,125,1" hai1="96,130,81,67,99,36,54,84,119,50,129,132,66" hai2="41,46,118,90,134,32,60,109,115,133,34,94,56" hai3=""/><V112/><F118/><T68/><D135/><N who="2" m="51722" /><F109/><T37/><D37/><U108/><E36/><V43/><F115/><T76/><D77/><U78/><E132/><V65/><F112/><T39/><D39/><U122/><N who="1" m="31264" /><U117/><E108/><V38/><F41/><T89/><D68/><U62/><E99/><AGARI ba="0,0" hai="32,34,38,43,46,56,60,65,90,94,99" m="51722" machi="99" ten="30,1500,0" yaku="20,1" doraHai="127" who="2" fromWho="1" sc="298,0,420,-15,332,15,0,0" /><INIT seed="2,1,0,0,3,123" ten="298,405,347,0" oya="2" hai0="97,131,2,66,77,95,132,101,47,37,107,70,122" hai1="42,49,134,78,75,98,89,60,115,71,80,79,103" hai2="61,126,105,87,119,72,88,127,76,108,82,81,54" hai3=""/><V58/><F119/><T129/><N who="0" m="31264" /><T51/><D2/><U36/><E115/><V41/><F105/><T125/><D132/><U1/><E134/><V32/><F32/><T67/><D125/><N who="2" m="47626" /><F41/><T84/><D37/><U121/><N who="1" m="31008" /><U99/><E1/><V135/><F135/><T83/><D70/><U44/><E78/><V55/><F55/><T40/><REACH who="0" step="1"/><D107/><REACH who="0" ten="288,405,347,0" step="2"/><U120/><N who="1" m="30752" /><U102/><E36/><V56/><F56/><T35/><D35/><U39/><E39/><V48/><F61/><T0/><D0/><U106/><E60/><V64/><F64/><AGARI ba="1,1" hai="40,47,51,64,66,67,77,83,84,95,97,101,129,131" m="31264" machi="64" ten="40,2600,0" yaku="1,1,52,1,53,0" doraHai="123" doraHaiUra="34" who="0" fromWho="2" sc="288,38,405,0,347,-28,0,0" /><INIT seed="4,0,0,1,0,116" ten="326,405,319,0" oya="0" hai0="108,96,67,109,76,91,37,77,66,74,132,83,51" hai1="40,35,98,45,99,32,121,135,38,89,64,97,69" hai2="44,68,104,133,47,118,61,105,34,60,125,117,1" hai3=""/><T130/><D37/><U126/><N who="1" m="31008" /><U48/><E135/><V75/><F133/><T123/><N who="0" m="31520" /><T84/><D132/><U56/><E126/><V0/><F125/><T46/><D130/><U2/><E2/><V129/><F75/><T101/><D67/><U131/><E131/><V55/><F55/><T106/><D66/><U86/><E69/><V49/><F68/><T113/><D113/><U54/><REACH who="1" step="1"/><E64/><REACH who="1" ten="326,395,319,0" step="2"/><V57/><F129/><T73/><D73/><U110/><E110/><N who="0" m="42601" /><D74/><U65/><E65/><V79/><F0/><T33/><D33/><U92/><AGARI ba="0,1" hai="32,35,38,40,45,48,54,56,86,89,92,97,98,99" m="31008" machi="92" ten="30,6000,1" yaku="1,1,0,1,52,2,53,1" doraHai="116" doraHaiUra="50" who="1" fromWho="1" sc="326,-40,395,70,319,-20,0,0" /><INIT seed="5,0,0,2,3,119" ten="286,465,299,0" oya="1" hai0="40,69,75,0,2,91,92,109,53,54,77,61,80" hai1="135,58,67,34,133,134,102,64,68,128,110,116,88" hai2="126,129,93,73,81,66,117,99,105,79,95,100,90" hai3=""/><U94/><E34/><V103/><F117/><T39/><D109/><U41/><E116/><V71/><F71/><T120/><N who="0" m="30752" /><T84/><D54/><U106/><E110/><V108/><F66/><T52/><D53/><U76/><E41/><V46/><F108/><T87/><D75/><U98/><E68/><V43/><F129/><T114/><D114/><U74/><E128/><V121/><N who="2" m="31008" /><V78/><F78/><T132/><D132/><U96/><E58/><V35/><F35/><T62/><D69/><U86/><E98/><V36/><F126/><T104/><D104/><U1/><E1/><V85/><REACH who="2" step="1"/><F103/><REACH who="2" ten="286,465,289,0" step="2"/><T57/><REACH who="0" step="1"/><D62/><REACH who="0" ten="276,465,289,0" step="2"/><U47/><E134/><V33/><F33/><T50/><D50/><U97/><E133/><V130/><F130/><T3/><D3/><U123/><E135/><V38/><F38/><T82/><D82/><AGARI ba="0,2" hai="36,43,46,73,79,81,82,85,90,93,95,99,100,105" m="31008" machi="82" ten="30,7700,0" yaku="1,1,7,1,52,2,53,0" doraHai="119" doraHaiUra="113" who="2" fromWho="0" sc="276,-77,465,0,289,97,0,0" /><INIT seed="6,0,0,0,4,87" ten="199,465,386,0" oya="2" hai0="68,92,60,83,55,95,56,112,111,109,104,131,33" hai1="74,134,81,105,70,40,122,124,94,108,51,41,44" hai2="1,46,61,34,89,63,79,123,80,91,53,88,97" hai3=""/><V76/><N who="2" m="31520" /><V39/><F1/><T84/><D33/><U100/><N who="1" m="31264" /><U128/><E108/><V114/><F34/><T38/><D104/><U71/><E128/><V82/><F114/><T101/><D38/><U107/><E134/><V58/><F63/><T54/><D131/><U75/><E124/><V47/><F97/><T57/><D68/><U132/><E132/><V45/><F39/><T50/><D112/><U67/><E67/><V65/><F65/><T35/><D35/><U113/><E81/><AGARI ba="0,0" hai="45,46,47,53,58,61,76,79,80,81,82,88,89,91" m="31520" machi="81" ten="40,18000,2" yaku="8,1,52,4,54,1" doraHai="87" who="2" fromWho="1" sc="199,0,465,-180,386,180,0,0" owari="199,-40.0,285,-11.0,566,51.0,0,0.0" /></mjloggm>