<mjloggm ver="2.3"><GO type="169" lobby="0"/><UN n0="%33%39%E3%81%95%E3%82%93" n1="%E3%83%A2%E3%83%AD%E3%83%98%E3%82%A4%E3%83%A4" n2="%E7%B4%AB%E3%81%AE%E9%8F%A1" n3="%E6%99%82%E9%9B%A8%E8%92%BC%E7%87%95%E6%B5%81" dan="17,16,18,16" rate="2181.19,2104.26,2254.96,2136.03" sx="M,M,M,M"/><TAIKYOKU oya="0"/><INIT seed="0,0,0,5,4,0" ten="250,250,250,250" oya="0" hai0="56,66,54,101,11,111,10,24,105,49,115,128,52" hai1="98,43,2,58,1,127,64,114,38,22,126,60,100" hai2="86,37,122,96,14,13,99,92,82,130,3,17,103" hai3="33,102,124,93,97,28,85,41,30,116,12,69,77"/><T132/><D115/><U134/><E114/><V94/><F122/><W5/><G116/><T80/><D128/><U8/><E134/><V133/><F3/><W109/><G69/><T44/><D132/><U26/><E43/><V19/><F37/><W65/><G124/><N who="1" m="47658" /><E38/><V95/><F130/><W110/><G65/><T27/><D66/><U25/><E8/><V53/><F133/><W72/><G33/><T113/><D10/><U57/><E57/><V9/><F53/><W23/><G72/><T81/><D113/><U75/><E26/><V104/><F96/><W31/><G41/><T76/><D111/><N who="3" m="42505" /><G85/><T55/><D55/><U59/><E59/><V91/><REACH who="2" step="1"/><F104/><REACH who="2" ten="250,250,240,250" step="2"/><W84/><G97/><T50/><D105/><N who="1" m="63639" /><E75/><V42/><F42/><W61/><G84/><T63/><D50/><U39/><E39/><V88/><F88/><W83/><G102/><T120/><D120/><U4/><E1/><V118/><F118/><W87/><G87/><T20/><D101/><U70/><E2/><V51/><F51/><W45/><G77/><T106/><D76/><U68/><E68/><V89/><F89/><W40/><G40/><T48/><D49/><U135/><E70/><V129/><F129/><W71/><G71/><T90/><D90/><U125/><E135/><V74/><F74/><W131/><G131/><T32/><D106/><U123/><E123/><V46/><F46/><W36/><G45/><T108/><D108/><U6/><N who="1" m="47666" /><U15/><DORA hai="79" /><E15/><V34/><F34/><W112/><G36/><T73/><D73/><U35/><E35/><V78/><F78/><RYUUKYOKU ba="0,1" sc="250,-15,250,15,240,15,250,-15" hai1="4,6,22,25,58,60,64" hai2="9,13,14,17,19,82,86,91,92,94,95,99,103" /><INIT seed="1,1,1,0,1,83" ten="235,265,255,235" oya="1" hai0="130,75,43,82,93,86,19,9,126,81,50,76,98" hai1="67,26,79,63,68,5,128,74,133,134,36,115,18" hai2="14,103,46,66,100,7,65,105,85,54,2,120,51" hai3="72,123,1,4,22,30,84,106,107,40,132,104,119"/><U49/><E36/><V91/><F2/><W31/><G72/><T27/><D126/><U34/><E115/><V114/><F120/><W55/><G123/><T47/><D130/><U37/><E37/><V53/><F114/><W0/><G40/><T69/><D69/><U127/><E127/><V117/><F117/><W25/><G119/><T122/><D122/><U33/><E128/><V90/><F105/><W41/><G41/><T8/><D27/><U125/><E125/><V29/><F29/><W101/><G132/><T70/><D70/><U42/><E5/><V38/><F38/><W102/><G55/><T131/><D131/><U16/><E79/><V135/><F135/><N who="1" m="51721" /><E74/><V35/><F35/><N who="1" m="13321" /><E26/><V3/><F3/><W6/><G25/><T56/><D19/><U10/><E10/><N who="2" m="4447" /><F54/><W73/><G73/><T15/><D56/><U116/><E116/><V71/><F71/><W96/><G22/><T24/><D24/><U17/><E42/><V21/><F21/><W62/><G30/><T32/><D32/><U112/><E112/><V121/><F121/><W64/><G31/><T28/><D28/><U129/><E129/><V87/><F65/><W78/><G0/><T92/><D8/><U60/><E60/><V89/><F66/><W57/><G1/><T111/><D9/><U58/><E68/><V12/><F12/><W109/><G4/><T113/><D15/><U99/><E49/><V118/><F118/><W124/><G6/><T108/><D113/><U52/><E67/><V80/><F80/><W48/><G124/><T45/><D43/><U59/><E59/><RYUUKYOKU ba="1,1" sc="235,-15,265,15,255,15,235,-15" hai1="16,17,18,52,58,63,99" hai2="46,51,53,85,87,89,90,91,100,103" /><INIT seed="1,2,1,2,1,83" ten="220,280,270,220" oya="1" hai0="84,125,8,97,4,94,47,78,123,18,132,42,87" hai1="66,72,46,48,5,1,120,61,68,88,122,95,113" hai2="27,135,130,44,36,90,0,43,52,55,22,45,75" hai3="3,89,101,17,70,117,40,134,14,29,81,91,54"/><U20/><E72/><V9/><F75/><W85/><G70/><T49/><D125/><U34/><E34/><V102/><F130/><W73/><G3/><T111/><D111/><U15/><E1/><V37/><F135/><W60/><G134/><T109/><D109/><U33/><E33/><V38/><F102/><W67/><G117/><T11/><D132/><U63/><E63/><V25/><F25/><W128/><G128/><T124/><D124/><U24/><E15/><V92/><F9/><W7/><G7/><T62/><D123/><U131/><E5/><V56/><F0/><W80/><G40/><T118/><D118/><U82/><E82/><V121/><F44/><W104/><G29/><T50/><D78/><U21/><E21/><V116/><F55/><W57/><G73/><T64/><D49/><U112/><E131/><V41/><F41/><W12/><G17/><T2/><D11/><U31/><E120/><V126/><F126/><W69/><G101/><T79/><D79/><U96/><REACH who="1" step="1"/><E122/><REACH who="1" ten="220,270,270,220" step="2"/><V59/><F121/><W129/><G129/><T77/><D18/><U35/><E35/><V32/><F32/><W26/><G12/><T103/><REACH who="0" step="1"/><D77/><REACH who="0" ten="210,270,270,220" step="2"/><U110/><E110/><V16/><F116/><W51/><G60/><T28/><D28/><U133/><E133/><V39/><F27/><W107/><G26/><T10/><D10/><U13/><E13/><V23/><F23/><W58/><G14/><T74/><D74/><U114/><E114/><V100/><N who="2" m="9216" /><DORA hai="19" /><V105/><F22/><W30/><G30/><T71/><AGARI ba="2,3" hai="2,4,8,42,47,50,62,64,71,84,87,94,97,103" machi="71" ten="20,12000,2" yaku="1,1,0,1,7,1,52,2,53,2" doraHai="83,19" doraHaiUra="93,6" who="0" fromWho="0" sc="210,156,270,-62,270,-32,220,-32" /><INIT seed="2,0,0,0,0,97" ten="366,208,238,188" oya="2" hai0="75,112,116,69,36,51,39,128,7,59,63,56,129" hai1="83,115,21,66,19,113,84,86,26,80,11,109,4" hai2="68,90,45,61,104,49,95,14,79,100,105,117,133" hai3="111,99,12,58,134,81,32,135,33,102,46,96,92"/><V42/><F117/><W91/><G111/><T6/><D75/><U55/><E66/><V48/><F133/><N who="3" m="50699" /><G81/><T88/><D112/><U23/><E55/><V131/><F131/><N who="0" m="50250" /><D69/><U89/><E21/><V76/><F14/><W67/><G12/><T94/><D51/><U101/><E101/><V28/><F28/><W108/><G108/><T38/><D116/><U22/><E22/><V47/><F68/><W78/><G78/><T13/><D13/><U72/><E72/><V110/><F110/><W65/><G46/><T71/><D71/><U30/><E30/><V8/><F8/><W35/><G58/><N who="0" m="22059" /><D63/><U118/><E109/><V5/><F5/><W64/><G96/><AGARI ba="0,0" hai="6,7,36,38,39,88,94,96" m="22059,50250" machi="96" ten="40,2600,0" yaku="19,1,54,1" doraHai="97" who="0" fromWho="3" sc="366,26,208,0,238,0,188,-26" /><INIT seed="3,0,0,3,2,132" ten="392,208,238,162" oya="3" hai0="32,94,24,10,11,38,104,124,133,74,126,66,118" hai1="40,102,93,80,33,76,106,59,26,131,36,35,20" hai2="79,50,87,51,3,54,122,55,82,67,22,114,113" hai3="97,1,92,43,63,18,31,61,13,77,5,91,9"/><W7/><G31/><T110/><D104/><U68/><E68/><V64/><F3/><W49/><G77/><T53/><D110/><U14/><E106/><V78/><F22/><W29/><G29/><T86/><D74/><U2/><E2/><V17/><F17/><W25/><G25/><T23/><D38/><U57/><E14/><V30/><F30/><W123/><G123/><T58/><D66/><U89/><E102/><V41/><F41/><W121/><G121/><T127/><D133/><U101/><E101/><V52/><F122/><W44/><REACH who="3" step="1"/><G7/><REACH who="3" ten="392,208,238,152" step="2"/><T28/><D32/><U83/><E76/><V19/><F78/><W107/><G107/><T99/><D118/><U48/><E26/><V12/><F114/><W42/><G42/><T73/><D73/><U88/><E40/><V90/><F79/><W72/><G72/><T75/><D75/><U103/><E35/><V130/><F113/><W135/><G135/><T129/><D129/><U95/><E33/><V34/><F34/><W46/><G46/><T15/><D28/><U0/><E131/><V69/><F130/><W98/><G98/><T85/><D24/><U70/><E36/><V37/><F37/><W100/><G100/><N who="0" m="60535" /><D86/><U45/><E103/><V60/><F87/><W21/><AGARI ba="0,1" hai="1,5,9,13,18,21,43,44,49,61,63,91,92,97" machi="21" ten="20,7800,0" yaku="1,1,0,1,7,1,53,1" doraHai="132" doraHaiUra="6" who="3" fromWho="3" sc="392,-26,208,-26,238,-26,152,88" /><INIT seed="3,1,0,5,3,81" ten="366,182,212,240" oya="3" hai0="88,99,102,132,50,117,13,5,17,76,96,95,98" hai1="56,43,127,106,16,70,54,71,29,59,83,48,92" hai2="42,66,4,57,37,110,126,133,7,64,101,45,30" hai3="27,89,118,28,87,135,23,55,122,112,134,8,34"/><W90/><G112/><T104/><D132/><N who="3" m="50729" /><G122/><T74/><D117/><U103/><E106/><V93/><F133/><W69/><G118/><T52/><D5/><U11/><E29/><V33/><F110/><W130/><G69/><T49/><D49/><U44/><E127/><V111/><F111/><W78/><G130/><T107/><D76/><U79/><E103/><V15/><F126/><W12/><G34/><T63/><D74/><U24/><E92/><V53/><F33/><W119/><G119/><T2/><D63/><U91/><E91/><N who="3" m="34826" /><G55/><T128/><D2/><U21/><E11/><V14/><F64/><W18/><G78/><T80/><D107/><U121/><E121/><V100/><F66/><W51/><G51/><T72/><D72/><U85/><REACH who="1" step="1"/><E56/><REACH who="1" ten="366,172,212,240" step="2"/><V108/><F57/><W84/><AGARI ba="1,1" hai="8,12,18,23,27,28,84,87" m="34826,50729" machi="84" ten="30,6000,0" yaku="20,1,52,2" doraHai="81" who="3" fromWho="3" sc="366,-21,172,-21,212,-21,240,73" /><INIT seed="3,2,0,2,3,125" ten="345,151,191,313" oya="3" hai0="15,93,72,40,135,123,8,41,39,31,77,71,107" hai1="106,51,131,115,29,132,85,55,110,58,122,81,35" hai2="6,79,90,66,30,49,129,67,33,65,101,14,134" hai3="89,116,21,91,28,92,42,73,103,0,86,127,2"/><W84/><G73/><T88/><D107/><U32/><E106/><V96/><F134/><W105/><G116/><T1/><D71/><U119/><E115/><V113/><F113/><W38/><G127/><T10/><D123/><U112/><E112/><V54/><F79/><W20/><G38/><T83/><D135/><U99/><E132/><V100/><F33/><W62/><G42/><T5/><D31/><U52/><E99/><V56/><F30/><W19/><G28/><T82/><D82/><U121/><E119/><V17/><F6/><W70/><G103/><T34/><D34/><U3/><E3/><V120/><F120/><W24/><G21/><T25/><D25/><U53/><E110/><V12/><F12/><W18/><G105/><T63/><D63/><U11/><E11/><V4/><F4/><W9/><G19/><T27/><D27/><U60/><E35/><V44/><F44/><W78/><G78/><T74/><D72/><U61/><E29/><V68/><F68/><W37/><G37/><T47/><D40/><U23/><E23/><V126/><F126/><W87/><G9/><T76/><D76/><U80/><E32/><V108/><F108/><W43/><G43/><T22/><D22/><U94/><E61/><V97/><F17/><W46/><G62/><T124/><D124/><U75/><E60/><V50/><F14/><W7/><G70/><T109/><D109/><U118/><E118/><V26/><F26/><W102/><G0/><T104/><D104/><U16/><E122/><V117/><F117/><W114/><G114/><T128/><D10/><RYUUKYOKU ba="2,0" sc="345,0,151,0,191,0,313,0" /><INIT seed="4,3,0,0,4,90" ten="345,151,191,313" oya="0" hai0="14,55,27,111,99,84,51,113,116,94,58,89,4" hai1="64,97,65,81,6,46,21,67,62,26,95,32,115" hai2="120,36,73,126,133,110,29,135,23,45,54,86,69" hai3="132,91,31,92,105,108,24,22,100,131,25,8,112"/><T2/><D113/><U1/><E32/><V60/><F73/><W18/><G112/><T43/><D116/><U107/><E107/><V101/><F110/><W121/><G108/><T130/><D130/><U53/><E115/><V74/><F74/><W80/><G131/><T134/><D134/><U52/><E81/><V0/><F0/><W10/><G80/><T85/><D2/><U75/><E75/><V98/><F120/><W20/><G132/><T48/><D111/><U13/><E1/><V49/><F36/><W39/><G39/><T66/><D66/><U40/><E13/><V78/><F126/><W30/><G18/><T77/><D77/><U34/><E6/><V71/><F71/><W9/><G121/><T82/><D27/><U125/><E34/><V56/><F69/><W70/><G70/><T103/><D85/><U109/><E62/><V79/><F86/><W35/><G35/><T96/><D96/><U5/><E5/><V61/><F61/><W50/><G50/><T124/><D124/><U28/><E125/><V102/><F135/><W12/><G105/><T123/><D123/><U88/><REACH who="1" step="1"/><E109/><REACH who="1" ten="345,141,191,313" step="2"/><V16/><F133/><W72/><G12/><T83/><D4/><U104/><E104/><V7/><F7/><W59/><G72/><T117/><D14/><U57/><E57/><V127/><F127/><W114/><G59/><T38/><D83/><U17/><E17/><V122/><F122/><W76/><G114/><T15/><D15/><U68/><E68/><V129/><F16/><W33/><G33/><T44/><D117/><U93/><E93/><RYUUKYOKU ba="3,1" sc="345,15,141,15,191,-15,313,-15" hai0="38,43,44,48,51,55,58,82,84,89,94,99,103" hai1="21,26,28,40,46,52,53,64,65,67,88,95,97" /><INIT seed="4,4,1,4,0,67" ten="360,156,176,298" oya="0" hai0="130,29,54,98,112,95,44,25,7,68,21,43,105" hai1="123,23,94,134,117,28,59,100,73,46,108,97,115" hai2="38,36,79,80,26,102,81,39,56,34,119,5,109" hai3="24,124,14,49,69,33,0,129,30,53,87,93,50"/><T118/><D118/><U19/><E73/><V90/><F109/><W132/><G0/><T57/><D105/><U99/><E117/><V1/><F119/><W77/><G129/><T9/><D130/><U31/><E108/><V110/><F110/><W48/><G124/><T47/><D112/><U103/><E123/><V51/><F102/><W114/><G114/><T96/><D68/><U111/><E111/><V4/><F90/><W122/><G132/><T66/><D66/><U84/><E134/><V120/><F120/><W113/><G69/><T18/><D29/><U72/><E72/><V63/><F51/><W133/><G133/><T92/><D92/><U40/><E59/><V10/><F4/><W13/><G113/><T45/><D96/><U116/><E84/><V126/><F126/><W62/><G122/><T70/><D70/><U106/><E116/><V64/><REACH who="2" step="1"/><F79/><REACH who="2" ten="360,156,166,298" step="2"/><W15/><G77/><T83/><D7/><U35/><E115/><V6/><F6/><W125/><G125/><T88/><D83/><U128/><E128/><V41/><F41/><W76/><G76/><T127/><D127/><U82/><E82/><V58/><F58/><W104/><G104/><T135/><D135/><U52/><E40/><V71/><F71/><W78/><G78/><T91/><D91/><U2/><E103/><V121/><F121/><W16/><G93/><T3/><D43/><U32/><E94/><V74/><F74/><W86/><G86/><T89/><D89/><U42/><E106/><V11/><F11/><N who="3" m="6207" /><G87/><T55/><D57/><U8/><E100/><V101/><F101/><RYUUKYOKU ba="4,2" sc="360,10,156,-30,166,10,298,10" hai0="3,9,18,21,25,44,45,47,54,55,88,95,98" hai2="1,5,10,26,34,36,38,39,56,63,64,80,81" hai3="14,15,24,30,33,48,49,50,53,62" /><INIT seed="4,5,2,4,4,31" ten="370,126,176,308" oya="0" hai0="130,131,102,14,0,116,28,125,11,135,36,55,107" hai1="99,42,105,54,57,82,32,96,134,56,21,89,79" hai2="43,115,8,47,39,63,29,109,40,133,1,110,127" hai3="118,26,78,98,75,41,68,53,84,122,129,49,73"/><T4/><D36/><U94/><E134/><V76/><F133/><W24/><G118/><T123/><D135/><U83/><E42/><V132/><F132/><W90/><G129/><N who="0" m="49163" /><D116/><U20/><E32/><V120/><F120/><W13/><G122/><T86/><D123/><U45/><E45/><V12/><F1/><W16/><G68/><T104/><D125/><U119/><E119/><V51/><F127/><W17/><G75/><T34/><D55/><U18/><E57/><V2/><F2/><W80/><G17/><T7/><D86/><U33/><E33/><V61/><F76/><W72/><G72/><T81/><D81/><U88/><E21/><V77/><F77/><W117/><G41/><T48/><D48/><U87/><E105/><V62/><F40/><W60/><G49/><T65/><D65/><U46/><E46/><V38/><F29/><W59/><G117/><T71/><D71/><U95/><E82/><V35/><F35/><W92/><G73/><T124/><D102/><U112/><E112/><V67/><F67/><W23/><AGARI ba="5,2" hai="13,16,23,24,26,53,59,60,78,80,84,90,92,98" machi="23" ten="20,5200,0" yaku="0,1,7,1,8,1,54,1" doraHai="31" who="3" fromWho="3" sc="370,-31,126,-18,176,-18,308,87" /><INIT seed="5,0,0,2,5,60" ten="339,108,158,395" oya="1" hai0="133,53,4,30,122,6,117,134,118,28,20,108,95" hai1="81,75,72,57,70,69,8,43,10,101,124,37,87" hai2="48,91,83,21,47,103,61,86,107,54,71,84,128" hai3="13,130,62,49,22,7,34,114,31,27,94,76,16"/><U1/><E101/><V105/><F128/><W73/><G114/><T85/><D53/><U121/><E121/><V111/><F111/><W115/><G115/><T42/><D42/><U64/><E124/><V125/><F125/><W120/><G120/><T55/><D55/><U110/><E110/><V45/><F103/><W50/><G130/><T99/><D85/><U51/><E37/><V79/><F45/><W65/><G94/><T46/><D46/><U68/><E75/><V119/><F119/><W132/><G132/><T98/><D95/><U78/><E1/><V116/><F116/><W89/><G89/><T0/><D20/><U29/><E29/><V131/><F21/><W2/><G76/><T3/><D108/><U26/><E26/><V104/><F131/><W56/><G73/><T33/><D122/><U12/><E72/><V24/><F24/><W96/><G96/><T41/><D41/><U112/><E112/><V11/><F11/><AGARI ba="0,0" hai="2,7,11,13,16,22,27,31,34,49,50,56,62,65" machi="11" ten="40,8000,1" yaku="24,2,52,1,54,1" doraHai="60" who="3" fromWho="2" sc="339,0,108,0,158,-80,395,80" /><INIT seed="6,0,0,4,0,131" ten="339,108,78,475" oya="2" hai0="101,128,0,94,80,26,37,81,99,126,97,133,66" hai1="129,61,23,75,3,124,30,114,15,98,135,71,116" hai2="63,50,19,85,22,16,100,54,45,91,86,64,60" hai3="76,130,12,43,18,9,117,79,118,53,33,106,4"/><V83/><F100/><W47/><G33/><T48/><D0/><U104/><RYUUKYOKU type="yao9" ba="0,0" sc="339,0,108,0,78,0,475,0" hai1="3,15,23,30,61,71,75,98,104,114,116,124,129,135" /><INIT seed="6,1,0,2,5,38" ten="339,108,78,475" oya="2" hai0="126,44,103,58,9,68,125,117,28,3,111,17,51" hai1="13,48,94,105,130,131,120,135,121,8,90,43,54" hai2="76,134,59,82,108,71,89,112,100,133,15,128,107" hai3="41,2,92,106,97,113,52,88,33,16,127,114,27"/><V75/><F71/><W66/><G2/><T109/><D68/><U47/><E105/><V22/><F128/><N who="1" m="49193" /><E135/><N who="2" m="51723" /><F112/><N who="3" m="43115" /><G127/><N who="0" m="48651" /><D103/><U81/><E81/><V10/><F108/><W1/><G1/><T6/><D28/><U18/><E54/><V123/><F123/><W61/><G52/><N who="0" m="32031" /><D117/><U104/><E104/><V93/><F59/><N who="3" m="37183" /><G106/><T40/><D17/><U102/><E102/><V34/><F34/><W67/><G67/><T39/><AGARI ba="1,0" hai="3,6,9,39,40,44,109,111" m="32031,48651" machi="39" ten="30,4000,0" yaku="18,1,52,1,54,1" doraHai="38" who="0" fromWho="0" sc="339,43,108,-11,78,-21,475,-11" /><INIT seed="7,0,0,1,5,66" ten="382,97,57,464" oya="3" hai0="77,45,14,55,98,22,75,76,113,96,64,24,31" hai1="99,106,9,54,41,80,26,71,69,42,4,52,0" hai2="92,8,115,129,33,28,126,27,130,135,65,1,30" hai3="29,108,133,67,46,3,16,110,43,93,103,19,79"/><W74/><G3/><T10/><D75/><U50/><E54/><V87/><F65/><W95/><G133/><T25/><D25/><U112/><E112/><V60/><F60/><W118/><G118/><T109/><D109/><N who="3" m="42089" /><G29/><T56/><D113/><U90/><E41/><V18/><F115/><W114/><G67/><T70/><D45/><U91/><E42/><V62/><F62/><W11/><G114/><T78/><D64/><U51/><E51/><V81/><F135/><W58/><G58/><T32/><D32/><U17/><E91/><V7/><F30/><W85/><G103/><T86/><D86/><U48/><E48/><V119/><F119/><W44/><G11/><T97/><D70/><U128/><E128/><V34/><F34/><W47/><G43/><T82/><D82/><U5/><E5/><V124/><F92/><N who="3" m="35403" /><G85/><T53/><REACH who="0" step="1"/><D56/><REACH who="0" ten="372,97,57,464" step="2"/><U127/><E80/><AGARI ba="0,1" hai="16,19,44,46,47,74,79,80" m="35403,42089" machi="80" ten="40,3900,0" yaku="10,1,54,1" doraHai="66" who="3" fromWho="1" sc="372,0,97,-39,57,0,464,49" owari="372,17.0,58,-34.0,57,-44.0,513,61.0" /></mjloggm>