<mjloggm ver="2.3"><GO type="185" lobby="0"/><UN n0="%E9%A0%88%E7%94%B0%E3%83%9F%E3%83%BC%E3%82%B3" n1="%E2%99%AA%E5%A4%A2%E5%85%88%E6%A1%88%E5%86%85%E4%BA%BA" n2="%E3%83%8F%E3%83%94%E3%83%AA%E3%83%83%E3%83%88" n3="" dan="16,16,17,0" rate="2165.28,2229.81,2229.82,1500.00" sx="M,F,M,C"/><TAIKYOKU oya="0"/><INIT seed="0,0,0,3,2,47" ten="350,350,350,0" oya="0" hai0="97,71,58,103,86,64,72,78,48,96,90,80,75" hai1="43,53,135,61,38,67,82,95,69,49,2,46,129" hai2="106,98,62,121,123,83,100,63,99,102,107,50,101" hai3=""/><T125/><D71/><U1/><E129/><V87/><N who="2" m="31008" /><V34/><N who="2" m="31520" /><V55/><F34/><T111/><D125/><U74/><E135/><V41/><F41/><T91/><D111/><U39/><E39/><V60/><F101/><T81/><D91/><U105/><E105/><V113/><F113/><T40/><D97/><U68/><E68/><V132/><F132/><T119/><D119/><U89/><E74/><V42/><F42/><T70/><D70/><U133/><E82/><V73/><F73/><T124/><D124/><U84/><REACH who="1" step="1"/><E133/><REACH who="1" ten="350,340,350,0" step="2"/><V52/><REACH who="2" step="1"/><F50/><REACH who="2" ten="350,340,340,0" step="2"/><T37/><D75/><U0/><E0/><V112/><F112/><T104/><D37/><U32/><E32/><V134/><F134/><T33/><D33/><U36/><E36/><V88/><AGARI ba="0,2" hai="52,55,60,62,63,83,87,88,98,99,100,102,106,107" m="31520,31008" machi="88" ten="30,9000,2" yaku="1,1,0,1,9,1,52,2,54,2,53,0" doraHai="47" doraHaiUra="108" who="2" fromWho="2" sc="350,-60,340,-30,340,110,0,0" /><INIT seed="1,0,0,0,4,50" ten="290,310,450,0" oya="1" hai0="119,79,107,102,80,94,127,125,117,131,124,126,134" hai1="128,135,99,120,86,93,53,38,113,96,83,54,39" hai2="110,70,48,35,104,88,42,122,100,3,33,58,115" hai3=""/><U0/><N who="1" m="30752" /><U103/><E113/><V60/><N who="2" m="31264" /><V56/><F3/><T40/><D40/><U71/><E0/><V109/><F115/><T76/><D131/><U49/><E128/><V130/><F130/><T78/><D134/><U43/><E71/><V111/><F70/><T61/><N who="0" m="31744" /><DORA hai="32" /><T75/><D61/><U63/><E135/><V123/><N who="2" m="31520" /><V77/><F77/><T46/><D46/><U105/><E43/><V81/><F100/><T45/><D45/><U108/><E108/><V118/><F104/><T112/><D112/><U87/><E63/><V66/><F118/><N who="0" m="45066" /><D107/><U121/><N who="1" m="31008" /><U67/><E67/><V132/><F132/><T82/><D75/><U34/><E34/><V41/><F33/><T73/><D73/><U52/><E49/><V62/><F35/><T98/><AGARI ba="0,0" hai="76,78,79,80,82,94,98,102" m="45066,31744" machi="98" ten="70,6000,1" yaku="18,1,12,1,34,2" doraHai="50,32" who="0" fromWho="0" sc="290,60,310,-40,450,-20,0,0" /><INIT seed="2,0,0,1,5,52" ten="350,270,430,0" oya="2" hai0="130,39,75,89,70,61,125,1,83,97,123,134,41" hai1="109,103,105,59,79,77,100,49,91,74,88,102,99" hai2="108,118,56,43,68,73,122,95,42,132,64,67,120" hai3=""/><V93/><N who="2" m="30752" /><V119/><N who="2" m="31264" /><V94/><F73/><T63/><N who="0" m="31520" /><T72/><D130/><U37/><E37/><V32/><F32/><T51/><D134/><U34/><E34/><V62/><F132/><T133/><D133/><U0/><E0/><V112/><F112/><T107/><D125/><U36/><E36/><V47/><F108/><T129/><D39/><U53/><E109/><V58/><F42/><T86/><D129/><U71/><E71/><V124/><F124/><T78/><D63/><U113/><E113/><V101/><F101/><T3/><D75/><U50/><E102/><V85/><F85/><T131/><D131/><U60/><E60/><V2/><F2/><T111/><D111/><U135/><E135/><V116/><REACH who="2" step="1"/><F67/><REACH who="2" ten="350,270,420,0" step="2"/><T110/><D110/><U117/><E100/><V84/><F84/><T82/><D1/><U57/><E74/><V106/><F106/><T35/><D35/><U45/><E103/><V96/><F96/><T104/><D97/><U33/><E105/><V80/><F80/><T92/><D83/><U87/><E33/><V69/><F69/><T65/><D3/><U44/><E99/><V46/><F46/><T115/><D115/><U90/><E87/><V128/><F128/><RYUUKYOKU ba="0,1" sc="350,10,270,-20,420,10,0,0" hai0="41,51,61,65,70,72,78,82,86,89,92,104,107" hai2="43,47,56,58,62,64,68,93,94,95,116,118,119" /><INIT seed="2,1,1,0,0,134" ten="360,250,430,0" oya="2" hai0="66,112,73,122,121,119,58,135,68,87,86,109,76" hai1="92,105,84,32,132,60,90,77,33,114,97,50,39" hai2="54,45,100,94,120,111,118,131,88,83,117,124,44" hai3=""/><V67/><N who="2" m="30752" /><V62/><F124/><T57/><N who="0" m="31008" /><T36/><D66/><U52/><E114/><V93/><F111/><T75/><D76/><U1/><E1/><V96/><F117/><T95/><N who="0" m="31264" /><T55/><D95/><U106/><E132/><V89/><F118/><T56/><D36/><U108/><E108/><V38/><F131/><T115/><D119/><U65/><E39/><V85/><F38/><T91/><D68/><U78/><E106/><V3/><F3/><T107/><D107/><U47/><E78/><V110/><F54/><T126/><D135/><U64/><E64/><V74/><F110/><T35/><D35/><U2/><E2/><V69/><REACH who="2" step="1"/><F74/><REACH who="2" ten="360,250,420,0" step="2"/><T113/><D109/><U81/><REACH who="1" step="1"/><E105/><REACH who="1" ten="360,240,420,0" step="2"/><V79/><F79/><T40/><D115/><U71/><AGARI ba="1,3" hai="32,33,47,50,52,60,65,71,77,81,84,90,92,97" machi="71" ten="20,6000,1" yaku="1,1,2,1,0,1,7,1,54,1,53,0" doraHai="134" doraHaiUra="130" who="1" fromWho="1" sc="360,-21,240,92,420,-41,0,0" /><INIT seed="4,0,0,4,2,112" ten="339,332,379,0" oya="0" hai0="105,102,111,38,3,130,115,64,119,81,93,97,109" hai1="51,127,87,132,63,45,133,58,129,35,86,52,75" hai2="94,124,134,118,76,95,42,108,125,39,88,121,83" hai3=""/><T107/><D3/><U67/><E35/><V123/><N who="2" m="31008" /><V78/><N who="2" m="31520" /><V99/><F108/><N who="0" m="41546" /><D38/><U60/><E75/><V37/><F134/><N who="1" m="51817" /><E127/><N who="2" m="48715" /><F118/><T54/><D115/><U79/><E129/><V2/><F2/><T49/><D130/><U135/><N who="1" m="51825" /><U44/><DORA hai="122" /><E79/><N who="2" m="30251" /><F42/><T56/><D81/><U43/><E63/><V36/><F83/><T65/><D119/><U34/><E34/><V46/><F46/><T74/><D74/><U33/><E33/><V41/><F94/><T131/><D131/><U120/><N who="1" m="30752" /><U40/><E40/><V98/><F41/><T71/><D71/><U57/><E57/><V106/><F106/><AGARI ba="0,0" hai="49,54,56,64,65,93,97,102,105,106,107" m="41546" machi="106" ten="30,11600,0" yaku="10,1,52,3" doraHai="112,122" who="0" fromWho="2" sc="339,116,332,0,379,-116,0,0" /><INIT seed="4,1,0,0,3,61" ten="455,332,263,0" oya="0" hai0="122,115,41,45,106,90,131,129,82,73,76,56,93" hai1="123,62,48,113,132,72,51,98,121,43,114,42,33" hai2="95,96,55,110,118,53,105,50,39,86,3,74,124" hai3=""/><T52/><N who="0" m="31264" /><T89/><D115/><N who="1" m="44043" /><E33/><V36/><F110/><T108/><D106/><U38/><N who="1" m="31008" /><U68/><N who="1" m="31520" /><U60/><E72/><V70/><F3/><T54/><D54/><U120/><N who="1" m="30752" /><U47/><E132/><V109/><F74/><T2/><D2/><U134/><E134/><V130/><F109/><T128/><D93/><U100/><E42/><V87/><F70/><T97/><D97/><U101/><E101/><V46/><F105/><T37/><REACH who="0" step="1"/><D108/><REACH who="0" ten="445,332,263,0" step="2"/><U84/><E60/><AGARI ba="1,1" hai="37,41,45,52,56,60,73,76,82,89,90,128,129,131" m="31264" machi="60" ten="40,18000,2" yaku="1,1,2,1,19,1,52,1,54,1,53,1" doraHai="61" doraHaiUra="57" who="0" fromWho="1" sc="445,192,332,-182,263,0,0,0" /><INIT seed="4,2,0,2,5,118" ten="637,150,263,0" oya="0" hai0="106,122,94,58,103,98,79,40,89,110,124,105,82" hai1="47,112,74,131,49,128,86,125,102,32,134,72,104" hai2="114,83,121,120,0,52,129,73,117,95,48,127,54" hai3=""/><T100/><N who="0" m="31264" /><T96/><D124/><U38/><E32/><V113/><N who="2" m="30752" /><V51/><N who="2" m="31008" /><V3/><F117/><T50/><D110/><U123/><N who="1" m="31520" /><U65/><E125/><V88/><F127/><T99/><D58/><U1/><E1/><V57/><F129/><T66/><D66/><U2/><E2/><V33/><F33/><T60/><D60/><U56/><E112/><N who="2" m="43115" /><F73/><T42/><REACH who="0" step="1"/><D50/><REACH who="0" ten="627,150,263,0" step="2"/><U115/><E49/><V70/><F70/><T71/><D71/><U81/><E56/><V39/><F39/><T34/><D34/><U101/><E65/><V132/><F132/><T108/><D108/><U107/><E134/><V77/><F0/><T43/><D43/><U80/><E115/><V97/><F3/><T69/><D69/><U91/><E38/><V87/><F54/><T119/><D119/><U116/><E116/><V111/><F111/><T75/><AGARI ba="2,1" hai="40,42,75,79,82,89,94,96,98,99,100,103,105,106" m="31264" machi="75" ten="20,12000,2" yaku="1,1,0,1,7,1,9,1,52,2,53,0" doraHai="118" doraHaiUra="64" who="0" fromWho="0" sc="627,134,150,-62,263,-62,0,0" /><INIT seed="4,3,0,2,0,39" ten="761,88,201,0" oya="0" hai0="102,99,91,96,49,65,61,2,127,124,98,88,114" hai1="59,74,134,117,86,80,35,85,60,122,32,110,46" hai2="40,108,43,130,121,51,131,118,90,132,50,113,34" hai3=""/><T3/><D114/><U104/><N who="1" m="31264" /><U37/><E117/><V45/><N who="2" m="31008" /><V112/><F108/><T120/><N who="0" m="30752" /><T97/><D49/><U38/><E110/><V125/><F34/><T133/><D133/><U92/><E104/><V1/><F1/><T84/><D91/><U115/><E74/><V0/><F0/><T44/><D44/><U103/><E134/><V62/><F132/><T72/><D72/><U67/><E115/><N who="2" m="44107" /><F125/><N who="0" m="48202" /><D102/><U73/><E73/><V82/><F118/><T53/><D53/><U36/><E46/><V109/><F109/><T58/><N who="0" m="24576" /><DORA hai="64" /><T95/><AGARI ba="3,0" hai="2,3,58,61,65,84,88,95" m="24576,48202,30752" machi="95" ten="50,8000,1" yaku="4,1,18,1,52,1,54,1" doraHai="39,64" who="0" fromWho="0" sc="761,86,88,-43,201,-43,0,0" /><INIT seed="4,4,0,3,0,93" ten="847,45,158,0" oya="0" hai0="89,55,122,85,105,60,56,112,75,121,114,110,45" hai1="62,50,63,97,126,90,133,36,54,47,117,49,82" hai2="102,100,64,113,76,52,48,46,68,130,65,88,71" hai3=""/><T131/><N who="0" m="31008" /><T132/><N who="0" m="31264" /><T106/><D75/><U104/><E117/><V40/><F76/><T81/><D132/><U61/><E133/><V79/><F79/><T32/><D32/><U39/><E126/><V67/><F113/><N who="0" m="43626" /><D131/><U72/><E72/><V127/><F127/><T118/><D118/><U57/><E82/><V33/><F71/><T128/><D128/><U41/><E90/><V94/><F68/><T80/><D110/><U38/><E97/><V84/><F33/><T135/><D135/><U116/><E104/><N who="0" m="40041" /><D45/><U0/><E0/><V43/><F130/><T70/><D70/><U111/><E116/><V134/><F134/><T59/><D59/><U107/><E107/><V87/><F46/><T119/><D119/><U115/><E115/><V101/><F40/><T129/><D129/><U74/><E74/><V73/><F43/><T95/><AGARI ba="4,0" hai="55,56,60,80,81,85,89,95" m="40041,43626,31264,31008" machi="95" ten="30,4000,0" yaku="15,1,52,2" doraHai="93" who="0" fromWho="0" sc="847,48,45,-24,158,-24,0,0" /><INIT seed="4,5,0,5,2,130" ten="895,21,134,0" oya="0" hai0="90,62,82,75,44,101,2,58,37,43,68,122,99" hai1="50,120,69,54,108,121,115,116,66,42,88,32,132" hai2="84,127,51,110,129,79,135,45,60,78,131,128,36" hai3=""/><T105/><N who="0" m="31264" /><T91/><D68/><U119/><N who="1" m="30752" /><U72/><N who="1" m="31008" /><U98/><E108/><V102/><F110/><T71/><D71/><U46/><E32/><V80/><F127/><T96/><D96/><U83/><E115/><V85/><F36/><T76/><REACH who="0" step="1"/><D2/><REACH who="0" ten="885,21,134,0" step="2"/><U52/><E116/><V94/><F129/><T134/><D134/><U38/><E119/><V86/><F135/><T77/><D77/><U63/><E132/><V81/><F128/><T47/><D47/><U34/><E34/><V39/><F45/><T33/><D33/><U74/><E54/><AGARI ba="5,1" hai="37,43,44,54,58,62,75,76,82,90,91,99,101,105" m="31264" machi="54" ten="30,11600,0" yaku="1,1,7,1,52,1,53,1" doraHai="130" doraHaiUra="40" who="0" fromWho="1" sc="885,136,21,-126,134,0,0,0" owari="1021,98.0,-105,-71.0,134,-27.0,0,0.0" /></mjloggm>