<mjloggm ver="2.3"><GO type="169" lobby="0"/><UN n0="%61%72%6D%65%64" n1="%53%63%61%6E%64%61%6C" n2="%E9%87%A3%E3%82%8A%E6%97%A5%E5%92%8C" n3="%E8%91%B5%E3%81%A1%E3%82%83%E3%82%93" dan="16,17,17,17" rate="2061.71,2185.59,2179.41,2206.41" sx="M,M,M,M"/><TAIKYOKU oya="0"/><INIT seed="0,0,0,2,4,8" ten="250,250,250,250" oya="0" hai0="59,65,42,115,122,2,20,96,118,132,76,101,23" hai1="32,114,131,81,78,130,9,53,60,62,107,47,124" hai2="13,94,61,48,111,0,108,126,71,123,120,89,54" hai3="104,22,106,29,102,24,51,36,18,105,88,41,34"/><T91/><D115/><U33/><E107/><V39/><F39/><W49/><G102/><T134/><D118/><U121/><E114/><V84/><F0/><W3/><G3/><T35/><D35/><U103/><E103/><V12/><F126/><W133/><G133/><N who="0" m="51307" /><D2/><U57/><E121/><N who="2" m="46667" /><F61/><W19/><G36/><T95/><D76/><U69/><E124/><V21/><F21/><N who="0" m="8266" /><D42/><U40/><E32/><V99/><F71/><W50/><G41/><T30/><D30/><U128/><E33/><V5/><F5/><W14/><REACH who="3" step="1"/><G18/><REACH who="3" ten="250,250,250,240" step="2"/><T7/><D122/><U79/><E40/><V98/><F99/><W117/><G117/><T63/><D7/><U4/><E128/><V75/><F98/><W1/><G1/><T17/><D17/><U56/><E131/><V129/><F129/><W25/><G25/><T135/><D135/><U86/><E130/><V15/><F75/><W93/><G93/><T92/><D92/><U73/><E73/><V72/><F72/><W58/><G58/><T16/><D16/><U113/><E57/><V127/><F127/><W77/><G77/><T52/><D101/><U38/><E78/><V74/><F74/><W11/><G11/><T87/><D96/><U97/><E97/><V83/><F94/><W119/><G119/><T26/><D26/><U6/><E79/><V109/><F13/><W100/><G100/><T68/><D68/><U116/><E69/><V46/><AGARI ba="0,1" hai="12,15,46,48,54,83,84,89,108,109,111" m="46667" machi="46" ten="40,5200,0" yaku="14,1,52,2" doraHai="8" who="2" fromWho="2" sc="250,-26,250,-13,250,62,240,-13" /><INIT seed="1,0,0,2,2,20" ten="224,237,312,227" oya="1" hai0="89,125,42,5,100,30,56,91,71,76,6,34,57" hai1="61,97,74,50,88,106,99,40,72,114,120,111,27" hai2="41,51,122,49,37,29,104,80,131,109,0,77,55" hai3="21,70,35,32,26,39,23,92,78,18,47,75,7"/><U1/><E114/><V117/><F117/><W25/><G70/><T121/><D71/><U24/><E120/><V98/><F122/><W65/><G65/><T127/><D121/><U86/><E1/><V112/><F0/><W126/><G126/><T110/><D42/><U128/><E128/><V10/><F131/><W28/><G7/><T119/><D76/><U17/><E111/><V38/><F109/><W16/><G92/><T116/><D110/><U54/><E40/><V63/><F10/><W124/><G124/><T82/><D82/><U115/><E61/><V108/><F112/><W22/><G78/><T105/><D30/><U8/><E115/><V103/><F108/><W118/><G75/><T67/><D34/><U4/><E17/><V87/><F63/><W95/><G118/><T2/><D2/><U69/><E69/><V83/><F29/><W44/><G95/><T90/><D90/><U133/><E133/><V113/><F113/><W11/><G11/><T93/><D93/><N who="1" m="54423" /><E72/><V130/><F130/><W135/><G135/><T14/><D67/><U53/><E74/><V36/><F80/><W129/><G129/><T60/><D60/><U58/><E54/><V12/><F55/><W102/><G102/><T43/><D43/><U73/><E73/><V134/><F41/><W101/><G101/><T15/><D100/><N who="1" m="62735" /><E99/><V46/><F134/><W31/><G39/><N who="2" m="14921" /><F12/><W45/><AGARI ba="0,0" hai="16,18,21,22,23,25,26,28,31,32,35,44,45,47" machi="45" ten="30,8000,1" yaku="0,1,9,1,52,2,54,1" doraHai="20" who="3" fromWho="3" sc="224,-20,237,-40,312,-20,227,80" /><INIT seed="2,0,0,1,1,22" ten="204,197,292,307" oya="2" hai0="63,39,42,70,76,16,56,127,65,78,116,40,35" hai1="60,110,44,117,132,20,99,106,2,120,91,27,5" hai2="102,83,105,28,50,57,124,74,18,4,114,90,46" hai3="43,123,41,32,23,84,134,8,58,95,131,9,34"/><V26/><F114/><W53/><G123/><T62/><D35/><U61/><E120/><V86/><F124/><W19/><G131/><T118/><D127/><U87/><E117/><V47/><F4/><W30/><G134/><T68/><D39/><U109/><E132/><V115/><F115/><W73/><G73/><T0/><D0/><U7/><E44/><V14/><F74/><W128/><G34/><T80/><D65/><U45/><E45/><V37/><F37/><W52/><G53/><T29/><D29/><U103/><E7/><V126/><F102/><W75/><G75/><T17/><D56/><U13/><E13/><V51/><F105/><W113/><G30/><T64/><D64/><U97/><E97/><V94/><F83/><AGARI ba="0,0" hai="16,17,40,42,62,63,68,70,76,78,80,83,116,118" machi="83" ten="25,3200,0" yaku="22,2,54,1" doraHai="22" who="0" fromWho="2" sc="204,32,197,0,292,-32,307,0" /><INIT seed="3,0,0,1,5,78" ten="236,197,260,307" oya="3" hai0="5,108,11,13,105,121,41,82,63,69,43,103,47" hai1="93,114,128,21,53,28,97,102,135,116,50,23,127" hai2="1,115,25,104,90,54,94,106,26,74,84,125,92" hai3="22,29,17,95,86,89,87,14,107,131,113,0,130"/><W10/><G107/><T20/><D121/><U35/><E114/><V83/><F115/><W120/><G120/><T33/><D33/><U58/><E116/><V72/><F1/><W16/><G113/><T37/><D108/><U111/><E111/><V112/><F112/><W76/><G29/><T4/><D43/><U9/><E128/><N who="3" m="49194" /><G0/><T59/><D69/><U119/><E135/><V56/><F104/><W117/><G117/><T12/><D103/><U19/><E119/><V80/><F106/><W27/><G76/><T124/><D105/><U75/><E75/><V79/><F72/><W6/><G6/><T98/><D98/><AGARI ba="0,0" hai="10,14,16,17,22,27,86,87,89,95,98" m="49194" machi="98" ten="30,2900,0" yaku="19,1,54,1" doraHai="78" who="3" fromWho="0" sc="236,-29,197,0,260,0,307,29" /><INIT seed="3,1,0,1,0,117" ten="207,197,260,336" oya="3" hai0="99,103,72,48,129,76,31,63,118,50,40,56,33" hai1="9,58,49,109,126,127,42,101,119,28,133,7,19" hai2="124,4,1,83,131,5,15,10,3,79,62,66,36" hai3="68,130,34,116,60,98,2,53,12,0,123,16,75"/><W89/><G116/><T100/><D118/><U61/><E119/><V122/><F36/><W94/><G75/><T96/><D72/><U25/><E109/><V121/><F131/><W95/><G34/><T54/><D76/><U71/><E133/><V52/><F124/><N who="1" m="47657" /><E71/><V77/><F52/><W111/><G130/><T22/><D33/><U8/><E101/><V90/><F90/><W113/><G113/><T45/><D129/><U14/><E49/><V105/><F105/><W64/><G111/><T39/><D31/><U41/><E28/><V21/><F21/><W82/><G82/><T46/><D22/><N who="1" m="13535" /><E8/><V24/><F24/><W85/><G53/><AGARI ba="1,0" hai="7,9,14,41,42,53,58,61" m="13535,47657" machi="53" ten="30,1000,0" yaku="18,1" doraHai="117" who="1" fromWho="3" sc="207,0,197,13,260,0,336,-13" /><INIT seed="4,0,0,2,1,110" ten="207,210,260,323" oya="0" hai0="55,129,76,1,133,51,111,50,45,75,90,57,2" hai1="61,115,30,91,121,132,41,25,9,14,48,13,67" hai2="134,72,16,11,54,39,131,10,18,65,34,3,122" hai3="62,5,107,89,69,127,108,87,4,126,124,22,52"/><T20/><D111/><U84/><E121/><V92/><F122/><W56/><G108/><T31/><D129/><U28/><E132/><V112/><F72/><W23/><G107/><T47/><D133/><U109/><E109/><V118/><F134/><W135/><G69/><T117/><D117/><U98/><E98/><V63/><F34/><W46/><G135/><T97/><D75/><U93/><E115/><V15/><F39/><W94/><G46/><T88/><D76/><U100/><E100/><V116/><F131/><W35/><G35/><T43/><D57/><N who="1" m="37295" /><E25/><V8/><F54/><W71/><G71/><T119/><D119/><N who="2" m="45610" /><F92/><W77/><G77/><T74/><D74/><U86/><E84/><V106/><F106/><W95/><G95/><T102/><D1/><U128/><E128/><V58/><F3/><W49/><G62/><T73/><D2/><U27/><E27/><V78/><F78/><W80/><G94/><N who="0" m="58679" /><D73/><U68/><E68/><V12/><F112/><W120/><G120/><T7/><D7/><AGARI ba="0,0" hai="4,5,7,22,23,49,52,56,80,87,89,124,126,127" machi="7" ten="40,2600,0" yaku="18,1,54,1" doraHai="110" who="3" fromWho="0" sc="207,-26,210,0,260,0,323,26" /><INIT seed="5,0,0,4,4,5" ten="181,210,260,349" oya="1" hai0="76,25,96,78,102,48,16,116,80,47,107,85,71" hai1="10,87,59,120,112,99,83,119,31,17,77,3,90" hai2="125,24,113,33,6,45,131,74,105,72,41,61,8" hai3="28,60,63,108,66,35,42,67,0,134,92,56,89"/><U15/><E119/><V13/><F105/><W21/><G108/><T130/><D130/><U40/><E120/><V124/><F131/><W86/><G0/><T18/><D116/><U117/><E117/><V98/><F98/><W9/><G134/><T64/><D76/><U114/><E3/><V12/><F113/><N who="1" m="43625" /><E40/><V19/><F61/><W94/><G35/><T115/><D115/><U106/><E31/><V58/><F58/><W111/><G111/><T54/><REACH who="0" step="1"/><D25/><REACH who="0" ten="171,210,260,349" step="2"/><U23/><E77/><V22/><F24/><W7/><G67/><T30/><D30/><U34/><E34/><V101/><F33/><W62/><G66/><T73/><D73/><U128/><E128/><V122/><F122/><W70/><G28/><T29/><D29/><U110/><E110/><V81/><F72/><W100/><G70/><T27/><D27/><U75/><E75/><V135/><F74/><W49/><G62/><AGARI ba="0,1" hai="16,18,47,48,54,62,64,71,78,80,85,96,102,107" machi="62" ten="40,2600,0" yaku="1,1,54,1,53,0" doraHai="5" doraHaiUra="109" who="0" fromWho="3" sc="171,36,210,0,260,0,349,-26" /><INIT seed="6,0,0,5,5,54" ten="207,210,260,323" oya="2" hai0="121,83,96,58,8,124,79,4,81,127,1,50,131" hai1="76,24,103,29,61,73,72,116,62,52,21,132,88" hai2="129,51,75,17,107,28,65,16,114,13,3,67,111" hai3="30,15,95,84,110,18,112,35,109,42,82,119,64"/><V134/><F3/><W86/><G119/><T11/><D121/><U2/><E116/><V57/><F75/><W33/><G42/><T122/><D122/><U123/><E123/><V26/><F107/><W20/><G64/><T87/><D131/><U90/><E132/><V14/><F129/><W78/><G112/><T60/><D50/><U19/><E2/><V44/><F134/><W68/><G68/><T108/><D108/><U66/><E103/><V85/><F67/><W40/><G40/><T27/><D96/><U6/><E6/><V31/><F85/><W25/><G35/><T74/><D11/><U55/><E29/><V128/><F26/><W5/><G5/><T46/><D46/><U37/><E37/><V38/><F114/><W133/><G133/><T120/><D27/><U41/><E41/><V69/><F69/><W89/><AGARI ba="0,0" hai="15,18,20,25,30,33,78,82,84,86,89,95,109,110" machi="89" ten="30,1100,0" yaku="0,1" doraHai="54" who="3" fromWho="3" sc="207,-3,210,-3,260,-5,323,11" /><INIT seed="7,0,0,1,1,5" ten="204,207,255,334" oya="3" hai0="117,54,58,30,73,41,9,6,111,53,107,118,106" hai1="127,114,129,49,39,51,67,0,115,131,23,100,119" hai2="17,7,124,11,35,112,64,52,4,72,94,34,81" hai3="57,13,21,132,69,32,12,99,36,102,29,59,70"/><W24/><G36/><T27/><D111/><U103/><E0/><V68/><F112/><N who="1" m="43049" /><E67/><V42/><F124/><W40/><G40/><T96/><D73/><U26/><E39/><V60/><F42/><W108/><G108/><T71/><D71/><U3/><E3/><V65/><F17/><W48/><G59/><T45/><D118/><U2/><E2/><V44/><F4/><W135/><G57/><T123/><D123/><U76/><E76/><V16/><F16/><N who="3" m="10375" /><G48/><N who="1" m="18506" /><E127/><V120/><F65/><W77/><G77/><T87/><D107/><U63/><E63/><V38/><F60/><W90/><G90/><T126/><D117/><U28/><E119/><V74/><F64/><W78/><G78/><T55/><D126/><U88/><E88/><V79/><F79/><W19/><G13/><T33/><D58/><U133/><E133/><N who="3" m="51274" /><G19/><T80/><D106/><AGARI ba="0,0" hai="24,29,32,69,70,99,102,106" m="51274,10375" machi="106" ten="30,2900,0" yaku="20,1,54,1" doraHai="5" who="3" fromWho="0" sc="204,-29,207,0,255,0,334,29" owari="175,-32.0,207,-19.0,255,6.0,363,45.0" /></mjloggm>