<mjloggm ver="2.3"><GO type="185" lobby="0"/><UN n0="%E3%82%8C%E3%81%99%E3%81%93" n1="%E3%83%8F%E3%83%94%E3%83%AA%E3%83%83%E3%83%88" n2="%E6%A8%BD%E3%81%AA%E3%81%AE%E5%A3%8A%E3%81%95%E3%81%AA%E3%81%84%E3%81%A7" n3="" dan="16,17,18,0" rate="2212.95,2250.97,2344.01,1500.00" sx="F,M,M,C"/><TAIKYOKU oya="0"/><INIT seed="0,0,0,1,1,98" ten="350,350,350,0" oya="0" hai0="93,36,49,70,123,101,113,106,66,102,54,96,127" hai1="42,55,75,117,104,112,86,132,90,44,131,118,105" hai2="114,122,77,120,61,83,2,80,99,41,130,129,89" hai3=""/><T73/><N who="0" m="31520" /><T53/><D113/><U58/><E75/><V121/><N who="2" m="30752" /><V82/><N who="2" m="31008" /><V116/><N who="2" m="31264" /><V84/><F114/><T97/><D36/><U43/><E112/><V64/><F2/><T126/><D73/><U72/><E72/><V71/><F116/><T39/><D39/><U40/><E132/><V74/><F41/><T94/><D106/><U79/><E131/><N who="2" m="50187" /><F99/><T88/><D88/><U38/><E42/><V35/><F35/><T107/><D107/><U52/><E40/><V125/><F125/><N who="0" m="47626" /><D49/><U85/><E117/><V115/><F115/><T47/><D47/><U46/><E44/><V81/><AGARI ba="0,0" hai="61,64,71,74,77,80,81,82,83,84,89" m="50187,31264,31008,30752" machi="81" ten="30,5900,0" yaku="19,1,52,3" doraHai="98" who="2" fromWho="2" sc="350,-39,350,-20,350,59,0,0" /><INIT seed="1,0,0,1,2,96" ten="311,330,409,0" oya="1" hai0="92,64,84,56,40,98,112,80,100,50,130,124,66" hai1="45,90,107,106,74,59,32,44,118,103,75,88,115" hai2="78,113,127,67,65,0,68,51,48,61,117,95,123" hai3=""/><U116/><E32/><V132/><N who="2" m="31520" /><V87/><F117/><T57/><D112/><U105/><E59/><V70/><F0/><T49/><D130/><U128/><E115/><V91/><F132/><T134/><D124/><U83/><E128/><V54/><F127/><T93/><D134/><U114/><E114/><V76/><F113/><T125/><D125/><U34/><E34/><V108/><F108/><T129/><D129/><U35/><E35/><V63/><REACH who="2" step="1"/><F48/><REACH who="2" ten="311,330,399,0" step="2"/><T89/><D50/><U36/><E36/><V110/><F110/><T119/><D49/><U62/><E116/><V52/><F52/><T109/><D119/><U55/><E118/><V120/><N who="2" m="30752" /><V37/><F37/><T86/><D109/><U102/><E55/><V94/><F94/><T41/><D66/><U99/><E106/><V121/><N who="2" m="31008" /><V2/><F2/><T97/><D64/><U126/><E126/><V42/><F42/><T101/><D80/><U77/><E83/><V33/><F33/><T85/><D40/><U133/><E133/><V60/><F60/><T3/><D41/><U111/><E62/><V72/><F72/><T39/><D39/><U47/><E111/><V73/><F73/><T43/><D43/><U1/><E1/><RYUUKYOKU ba="0,1" sc="311,-10,330,-10,399,20,0,0" hai2="51,54,61,63,65,67,68,70,76,78,87,91,95" /><INIT seed="2,1,1,2,1,134" ten="301,320,419,0" oya="2" hai0="130,40,96,60,82,84,2,80,115,86,95,129,52" hai1="90,69,92,100,106,77,35,65,116,123,42,70,128" hai2="44,46,107,67,57,73,89,72,66,133,49,114,132" hai3=""/><V51/><F107/><T38/><D2/><U101/><N who="1" m="31520" /><U118/><E35/><V47/><F89/><T74/><D74/><U104/><E42/><V121/><N who="2" m="31008" /><V88/><F88/><T120/><N who="0" m="30752" /><T76/><D115/><U37/><E37/><V97/><F97/><T32/><D32/><U53/><E53/><V41/><F114/><T109/><D40/><U68/><E65/><N who="2" m="24587" /><F73/><T85/><D38/><U43/><E43/><V3/><F72/><T59/><D109/><U61/><E61/><V58/><F3/><T54/><D54/><U83/><E128/><N who="0" m="49257" /><D76/><U98/><E106/><V102/><F102/><AGARI ba="1,1" hai="52,59,60,80,82,84,85,86,95,96,102" m="49257,30752" machi="102" ten="30,3900,0" yaku="19,1,52,1,54,1" doraHai="134" who="0" fromWho="2" sc="301,51,320,0,419,-41,0,0" /><INIT seed="4,0,0,0,0,115" ten="352,320,378,0" oya="0" hai0="72,47,61,40,119,123,112,120,60,74,56,84,118" hai1="117,48,71,124,36,46,130,41,93,73,122,45,92" hai2="95,104,77,102,129,82,135,94,3,59,105,69,57" hai3=""/><T62/><N who="0" m="30752" /><T79/><N who="0" m="31520" /><T121/><N who="0" m="31008" /><T0/><D0/><U49/><N who="1" m="31264" /><U55/><E73/><V54/><F3/><T34/><D34/><U44/><E71/><V80/><F69/><T39/><D112/><U106/><E106/><V75/><F135/><T107/><D107/><U64/><E64/><V38/><F129/><T53/><D84/><U42/><E130/><V78/><F38/><T101/><D101/><U70/><E70/><V58/><F54/><T131/><D131/><U87/><E124/><V90/><F102/><T86/><D86/><U98/><E117/><V43/><F43/><T114/><D114/><U91/><REACH who="1" step="1"/><E98/><REACH who="1" ten="352,310,378,0" step="2"/><V89/><F105/><T35/><D35/><U85/><E85/><V81/><F104/><T66/><D66/><U110/><E110/><V134/><F75/><T65/><D65/><U50/><E50/><V99/><F134/><T51/><REACH who="0" step="1"/><D72/><REACH who="0" ten="342,310,378,0" step="2"/><U88/><E88/><V111/><F111/><T126/><D126/><U133/><E133/><V83/><N who="2" m="20480" /><DORA hai="125" /><V132/><F132/><T113/><D113/><U68/><E68/><V108/><F108/><T67/><D67/><U100/><E100/><V32/><F32/><T52/><D52/><U96/><E96/><AGARI ba="0,2" hai="57,58,59,77,78,89,90,94,95,96,99" m="20480" machi="96" ten="50,6400,0" yaku="6,1,9,1,8,1" doraHai="115,125" who="2" fromWho="1" sc="342,0,310,-64,378,84,0,0" /><INIT seed="5,0,0,0,5,90" ten="342,246,462,0" oya="1" hai0="46,37,58,109,86,104,60,132,67,61,32,78,127" hai1="70,59,38,111,3,124,87,49,134,92,73,52,88" hai2="72,53,64,122,115,81,54,51,34,91,121,120,96" hai3=""/><U84/><E3/><V69/><N who="2" m="30752" /><V114/><N who="2" m="31008" /><V106/><N who="2" m="31264" /><V98/><F34/><T1/><D32/><U47/><E73/><V85/><F72/><T75/><D1/><U39/><E70/><V99/><F106/><T77/><D109/><U103/><E111/><V79/><F79/><T102/><D75/><U40/><E134/><V94/><F81/><T43/><D132/><U95/><E124/><V130/><F130/><T83/><D127/><U36/><REACH who="1" step="1"/><E87/><REACH who="1" ten="342,236,462,0" step="2"/><V62/><REACH who="2" step="1"/><F54/><REACH who="2" ten="342,236,452,0" step="2"/><T129/><D129/><U100/><E100/><V128/><F128/><T65/><D102/><U33/><E33/><V35/><F35/><T2/><D2/><U101/><E101/><V131/><F131/><T82/><D86/><U63/><E63/><V0/><F0/><T105/><D61/><U50/><E50/><V42/><F42/><T110/><D110/><U117/><E117/><V41/><F41/><T125/><D125/><U107/><E107/><V112/><F112/><T119/><D119/><U123/><N who="1" m="31520" /><U126/><E126/><V108/><F108/><T71/><D105/><U44/><E44/><AGARI ba="0,2" hai="44,51,53,62,64,69,85,91,94,96,98,99,114,115" m="31264,31008,30752" machi="44" ten="40,8000,1" yaku="1,1,52,4,53,0" doraHai="90" doraHaiUra="74" who="2" fromWho="1" sc="342,0,236,-80,452,100,0,0" /><INIT seed="6,0,0,1,4,75" ten="342,156,552,0" oya="2" hai0="134,74,77,69,46,37,115,108,41,131,126,53,116" hai1="107,76,103,51,68,101,45,72,83,130,104,35,129" hai2="63,82,92,102,133,54,52,64,111,98,90,112,66" hai3=""/><V59/><F112/><T119/><D77/><U105/><E68/><V36/><F133/><T118/><D53/><U40/><E35/><V94/><F111/><T86/><D86/><U117/><E51/><V65/><F36/><T48/><D46/><U123/><N who="1" m="31520" /><U132/><E45/><V62/><F82/><T56/><D41/><U121/><N who="1" m="31008" /><U44/><E44/><V91/><F94/><T78/><D78/><U110/><E40/><V124/><F124/><T42/><D56/><AGARI ba="0,0" hai="52,54,56,59,62,63,64,65,66,90,91,92,98,102" machi="56" ten="40,7700,0" yaku="9,1,8,1,54,1" doraHai="75" who="2" fromWho="0" sc="342,-77,156,0,552,77,0,0" owari="265,-13.0,156,-44.0,629,57.0,0,0.0" /></mjloggm>