<mjloggm ver="2.3"><GO type="185" lobby="0"/><UN n0="%E3%82%B0%E3%83%A9%E3%83%B3%E3%83%84%39%30" n1="%6D%61%77%69%6C%65" n2="%E7%99%BE%E7%80%AC%E6%BD%A4" n3="" dan="16,16,16,0" rate="2140.23,2067.50,2188.67,1500.00" sx="M,M,M,C"/><TAIKYOKU oya="0"/><INIT seed="0,0,0,5,3,76" ten="350,350,350,0" oya="0" hai0="64,60,85,45,109,70,50,98,83,103,55,63,69" hai1="113,51,129,77,71,35,97,86,67,66,100,107,131" hai2="81,54,116,44,110,126,99,37,57,120,65,123,101" hai3=""/><T75/><D75/><U61/><E35/><V114/><N who="2" m="30752" /><V42/><N who="2" m="31520" /><V38/><F114/><T74/><D74/><U130/><E113/><V33/><F33/><T59/><D109/><U36/><E67/><V134/><F110/><T89/><REACH who="0" step="1"/><D63/><REACH who="0" ten="340,350,350,0" step="2"/><U124/><E124/><V3/><F126/><T112/><D112/><U135/><E131/><V125/><F125/><T118/><D118/><U53/><E130/><V117/><F117/><T102/><D102/><U43/><E129/><V84/><F116/><T46/><D46/><U40/><E61/><V111/><F111/><T105/><AGARI ba="0,1" hai="45,50,55,59,60,64,69,70,83,85,89,98,103,105" machi="105" ten="20,5200,0" yaku="1,1,0,1,7,1,52,1,53,0" doraHai="76" doraHaiUra="91" who="0" fromWho="0" sc="340,62,350,-26,350,-26,0,0" /><INIT seed="0,1,0,2,5,72" ten="402,324,324,0" oya="0" hai0="102,131,74,132,91,84,121,69,42,126,133,101,113" hai1="2,106,114,128,77,41,53,92,99,111,105,119,100" hai2="120,39,80,123,134,95,59,90,118,66,56,1,129" hai3=""/><T115/><N who="0" m="31008" /><T43/><D69/><U62/><E119/><V36/><N who="2" m="30752" /><V110/><N who="2" m="31520" /><V98/><F1/><T35/><D35/><U122/><N who="1" m="31264" /><U103/><E2/><V34/><F34/><T112/><D74/><U124/><E111/><V104/><F110/><T89/><D126/><U93/><E124/><V61/><F118/><T54/><D54/><U108/><E108/><V97/><F129/><T127/><D127/><U46/><E128/><V37/><F134/><N who="0" m="51818" /><D131/><U83/><E114/><V135/><F135/><T55/><D55/><U88/><E62/><V33/><F33/><T60/><D60/><U107/><E53/><V65/><F80/><T52/><D52/><U117/><E117/><V58/><REACH who="2" step="1"/><F61/><REACH who="2" ten="402,324,314,0" step="2"/><T44/><D113/><U0/><E0/><V109/><F109/><T87/><D115/><U79/><E83/><V94/><F94/><T50/><D112/><U51/><REACH who="1" step="1"/><E103/><AGARI ba="1,1" hai="36,37,39,56,58,59,65,66,90,95,97,98,103,104" m="31520,30752" machi="103" ten="50,12000,2" yaku="1,1,52,2,53,3" doraHai="72" doraHaiUra="68" who="2" fromWho="1" sc="402,0,324,-122,314,132,0,0" /><INIT seed="1,0,0,0,5,97" ten="402,202,446,0" oya="1" hai0="48,66,62,77,121,75,104,37,57,87,41,113,55" hai1="83,34,69,118,123,85,46,81,59,89,108,106,131" hai2="130,91,72,47,64,95,103,105,132,51,127,33,115" hai3=""/><U73/><N who="1" m="31520" /><U43/><E118/><V70/><F33/><T114/><N who="0" m="31008" /><T35/><D75/><U134/><E34/><V111/><F111/><T1/><D104/><U102/><E108/><V100/><F105/><T39/><D1/><U61/><E69/><V52/><F72/><T124/><D35/><U49/><E131/><V32/><F32/><T112/><D77/><U135/><E73/><V80/><F130/><T53/><D87/><U92/><E106/><V38/><F127/><T120/><N who="0" m="30752" /><T93/><D93/><U128/><E128/><V99/><F132/><N who="1" m="50729" /><E102/><V79/><F115/><T86/><D86/><U36/><E36/><N who="0" m="13897" /><D124/><U50/><E49/><V110/><F38/><T65/><D41/><U94/><E94/><V96/><F103/><T84/><D84/><U107/><E107/><V63/><F110/><T119/><D119/><U116/><E116/><V76/><F99/><T3/><D3/><U68/><E68/><V60/><F100/><T122/><N who="0" m="31264" /><T44/><AGARI ba="0,0" hai="44,48,53,55,57,62,65,66,112,113,114" m="31264,13897,30752,31008" machi="44" ten="40,9000,2" yaku="4,1,34,2,52,3" doraHai="97" who="0" fromWho="0" sc="402,90,202,-60,446,-30,0,0" /><INIT seed="2,0,0,1,1,92" ten="492,142,416,0" oya="2" hai0="96,121,41,70,65,64,88,62,104,0,60,44,35" hai1="102,85,68,2,77,75,106,99,134,101,100,108,76" hai2="128,51,82,37,53,32,54,113,69,3,80,66,109" hai3=""/><V126/><F113/><T133/><N who="0" m="31008" /><T40/><D35/><U130/><E2/><V87/><F3/><T95/><D0/><U135/><E68/><V79/><F32/><T123/><N who="0" m="31520" /><T47/><D133/><N who="1" m="50699" /><E108/><V116/><F116/><T120/><N who="0" m="30752" /><T72/><D72/><U91/><E130/><V71/><F37/><T50/><D104/><U131/><E131/><V57/><F126/><T56/><D47/><U73/><E73/><V129/><F109/><T52/><AGARI ba="0,0" hai="40,41,44,50,52,56,60,62,64,65,70,88,95,96" m="30752,31520,31008" machi="52" ten="20,12000,3" yaku="0,1,7,1,52,4,54,2" doraHai="92" who="0" fromWho="0" sc="492,120,142,-40,416,-80,0,0" /><INIT seed="4,0,0,3,3,127" ten="612,102,336,0" oya="0" hai0="88,66,92,2,84,94,116,47,77,38,55,90,124" hai1="36,96,68,44,109,71,33,61,106,69,32,37,75" hai2="119,62,60,134,86,70,46,82,113,123,74,76,108" hai3=""/><T63/><D2/><U72/><E109/><V110/><N who="2" m="31520" /><V54/><F113/><T111/><D116/><U83/><E61/><V120/><N who="2" m="30752" /><V52/><F119/><T100/><D111/><U64/><E64/><V99/><F134/><T40/><D124/><U42/><E36/><V79/><F99/><T118/><D118/><U50/><E50/><V81/><F86/><T125/><D100/><U133/><E133/><V97/><F97/><T78/><D55/><U39/><E39/><V128/><F128/><T126/><D126/><U58/><E58/><V1/><F70/><T131/><D131/><U34/><E83/><V3/><REACH who="2" step="1"/><F46/><REACH who="2" ten="612,102,326,0" step="2"/><T65/><D125/><U87/><REACH who="1" step="1"/><E87/><REACH who="1" ten="612,92,326,0" step="2"/><V45/><F45/><T102/><D84/><U35/><N who="1" m="8192" /><DORA hai="95" /><U49/><E49/><V130/><F130/><T98/><D47/><U103/><AGARI ba="0,2" hai="37,42,44,68,69,71,72,75,96,103,106" m="8192" machi="103" ten="70,12000,3" yaku="1,1,0,1,33,3,52,1,53,2" doraHai="127,95" doraHaiUra="105,121" who="1" fromWho="1" sc="612,-80,92,140,326,-40,0,0" /><INIT seed="5,0,0,5,5,56" ten="532,232,286,0" oya="1" hai0="3,0,40,126,69,84,1,52,90,86,118,71,99" hai1="117,72,103,49,100,127,80,43,48,101,131,125,68" hai2="57,73,74,89,82,121,114,108,87,79,46,78,124" hai3=""/><U97/><E117/><V44/><N who="2" m="31008" /><V107/><F108/><T35/><D35/><U83/><E68/><V88/><F107/><T76/><D118/><U38/><E131/><V37/><F124/><N who="1" m="47689" /><E97/><V119/><F119/><T54/><D126/><U33/><E33/><V122/><N who="2" m="31264" /><V77/><F114/><T116/><D116/><U85/><E72/><V92/><F73/><T59/><D69/><U65/><E65/><V120/><N who="2" m="30752" /><V128/><F128/><T81/><D71/><U58/><E58/><V135/><F135/><T64/><D99/><U61/><E61/><V113/><F113/><T132/><D132/><U112/><E112/><V96/><F74/><T133/><D133/><U60/><E60/><V66/><F37/><T51/><D64/><U55/><E55/><V36/><F36/><T98/><D98/><U111/><E111/><V32/><F32/><T104/><D104/><U94/><E38/><V70/><F70/><T2/><D2/><U115/><E115/><V50/><F66/><T47/><REACH who="0" step="1"/><D59/><REACH who="0" ten="522,232,286,0" step="2"/><U67/><E67/><V63/><F63/><T134/><D134/><U102/><N who="1" m="25600" /><DORA hai="93" /><U91/><E43/><V53/><AGARI ba="0,1" hai="44,46,50,53,57,77,78,79,82,87,88,89,92,96" m="30752,31264,31008" machi="53" ten="30,9000,2" yaku="0,1,8,1,52,4,54,1" doraHai="56,93" who="2" fromWho="2" sc="522,-30,232,-60,286,100,0,0" /><INIT seed="6,0,0,5,4,45" ten="492,172,386,0" oya="2" hai0="95,76,44,91,55,43,32,87,112,49,109,90,117" hai1="72,69,105,103,104,82,98,94,67,2,54,84,131" hai2="65,121,59,58,119,81,120,53,89,46,125,37,66" hai3=""/><V122/><N who="2" m="30752" /><V40/><N who="2" m="31008" /><V71/><N who="2" m="31264" /><V56/><F119/><T39/><D109/><U129/><E2/><V68/><F89/><T116/><D32/><U86/><E54/><V0/><F0/><T74/><D112/><U70/><E67/><N who="2" m="25611" /><F81/><T3/><D3/><U124/><E69/><N who="2" m="26699" /><F125/><T97/><D76/><U41/><E70/><V110/><F110/><T88/><D74/><U107/><E41/><V101/><F101/><T63/><D91/><U51/><E51/><AGARI ba="0,0" hai="37,40,46,51,53,56,58,59" m="26699,25611,31264,31008,30752" machi="51" ten="30,24000,3" yaku="35,5,52,4" doraHai="45" who="2" fromWho="1" sc="492,0,172,-240,386,240,0,0" owari="492,9.0,-68,-67.0,626,58.0,0,0.0" /></mjloggm>