<mjloggm ver="2.3"><GO type="185" lobby="0"/><UN n0="%E5%86%AC%E7%81%AF" n1="%E3%82%A2%E3%82%B9%E3%82%BF%E3%83%AD%E3%83%88%E3%81%AE%E5%AE%A3%E5%91%8A" n2="%E6%B5%84%E6%8B%AD%E5%B1%8B%E4%B8%80" n3="" dan="19,17,16,0" rate="2393.53,2245.50,2076.14,1500.00" sx="M,M,M,C"/><TAIKYOKU oya="0"/><INIT seed="0,0,0,3,4,126" ten="350,350,350,0" oya="0" hai0="111,118,59,52,120,56,75,117,48,37,129,108,90" hai1="123,58,93,100,36,35,45,81,41,46,124,44,92" hai2="97,76,67,105,53,110,40,80,63,34,86,47,96" hai3=""/><T61/><N who="0" m="30752" /><T94/><D37/><U103/><N who="1" m="31520" /><U68/><E35/><V106/><F34/><T91/><D75/><U135/><E68/><V49/><F110/><N who="0" m="42026" /><D129/><U115/><E124/><V54/><F106/><T84/><D91/><U39/><E135/><V98/><REACH who="2" step="1"/><F105/><REACH who="2" ten="350,350,340,0" step="2"/><T85/><D84/><U95/><E115/><V83/><F83/><T71/><D71/><AGARI ba="0,1" hai="40,47,49,53,54,63,67,71,76,80,86,96,97,98" machi="71" ten="40,2600,0" yaku="1,1,53,1" doraHai="126" doraHaiUra="74" who="2" fromWho="0" sc="350,-26,350,0,340,36,0,0" /><INIT seed="1,0,0,1,1,126" ten="324,350,376,0" oya="1" hai0="116,47,45,58,36,33,55,89,104,79,91,114,128" hai1="108,112,50,82,41,85,60,37,87,96,32,106,64" hai2="117,35,81,97,72,44,52,105,43,83,39,63,124" hai3=""/><U98/><E112/><V103/><F124/><T34/><D114/><U119/><E119/><V132/><F117/><T94/><D104/><U48/><E32/><V99/><F35/><T92/><D79/><U77/><E108/><V42/><F132/><T122/><N who="0" m="31264" /><T134/><D116/><U118/><E118/><V100/><F72/><T2/><D134/><U67/><E106/><V76/><F43/><T54/><D58/><U1/><E37/><V51/><F63/><T107/><D107/><U68/><E1/><V125/><F125/><T133/><D133/><U123/><N who="1" m="31520" /><U3/><E3/><V109/><F109/><T90/><D90/><U62/><E41/><V84/><F83/><T113/><D113/><U110/><E110/><V49/><F52/><T127/><D127/><U65/><E65/><V70/><F70/><T53/><D55/><U102/><E102/><V71/><F71/><T75/><D2/><U0/><E0/><V74/><F74/><T46/><D75/><U86/><E82/><V56/><F56/><T95/><D33/><U57/><REACH who="1" step="1"/><E77/><REACH who="1" ten="324,340,376,0" step="2"/><V131/><F105/><T120/><N who="0" m="30752" /><T121/><D34/><U59/><E59/><V61/><F103/><T115/><N who="0" m="31008" /><T80/><D80/><RYUUKYOKU ba="0,1" sc="324,-10,340,20,376,-10,0,0" hai1="48,50,57,60,62,64,67,68,85,86,87,96,98" /><INIT seed="1,1,1,2,0,129" ten="314,360,366,0" oya="1" hai0="71,85,68,49,50,75,118,58,125,104,82,61,41" hai1="108,60,123,56,114,107,0,62,65,130,90,100,39" hai2="94,73,106,34,40,96,77,97,48,101,102,126,103" hai3=""/><U80/><N who="1" m="31520" /><U38/><E114/><V133/><F34/><T32/><D75/><U93/><E130/><V92/><F40/><T132/><D104/><U78/><E0/><V43/><F43/><T86/><D125/><U76/><E108/><V45/><F126/><T115/><D115/><U110/><E110/><V112/><F112/><T51/><D41/><U53/><E100/><V67/><F67/><T72/><D72/><U37/><E107/><V57/><F103/><T116/><D58/><U109/><E80/><V98/><F98/><T54/><D82/><U44/><E109/><V127/><F127/><T70/><D32/><U81/><E81/><V59/><F77/><T88/><D88/><U128/><E128/><V122/><N who="2" m="31264" /><V135/><F73/><T131/><D131/><U134/><E44/><V36/><F36/><T113/><D113/><U99/><REACH who="1" step="1"/><E134/><REACH who="1" ten="314,350,366,0" step="2"/><N who="2" m="51211" /><F106/><T117/><D132/><U69/><AGARI ba="1,2" hai="37,38,39,53,56,60,62,65,69,76,78,90,93,99" m="31520" machi="69" ten="30,7800,0" yaku="1,1,0,1,52,1,53,1" doraHai="129" doraHaiUra="84" who="1" fromWho="1" sc="314,-40,350,100,366,-40,0,0" /><INIT seed="1,2,0,3,1,37" ten="274,450,326,0" oya="1" hai0="123,126,118,60,121,109,98,99,133,40,95,56,33" hai1="82,112,58,101,55,85,134,47,86,122,94,50,66" hai2="49,69,124,70,52,61,127,77,42,48,96,103,92" hai3=""/><U93/><N who="1" m="31264" /><U131/><E112/><V73/><F73/><T3/><N who="0" m="31008" /><T114/><N who="0" m="31520" /><T72/><D114/><U79/><E131/><V68/><F77/><T90/><D109/><U106/><E134/><V64/><F42/><T119/><D133/><U132/><E132/><V45/><REACH who="2" step="1"/><F49/><REACH who="2" ten="274,450,316,0" step="2"/><T115/><D72/><U36/><E36/><V57/><AGARI ba="2,1" hai="45,48,52,57,61,64,68,69,70,92,96,103,124,127" machi="57" ten="40,6000,1" yaku="1,1,2,1,0,1,54,1,53,0" doraHai="37" doraHaiUra="78" who="2" fromWho="2" sc="274,-22,450,-42,316,74,0,0" /><INIT seed="2,0,0,4,4,90" ten="252,408,390,0" oya="2" hai0="65,69,78,95,84,122,123,74,120,93,82,100,55" hai1="37,97,125,91,116,59,0,130,117,81,72,66,70" hai2="112,39,48,41,126,40,79,52,51,98,46,56,80" hai3=""/><V34/><F34/><T92/><N who="0" m="30752" /><T49/><N who="0" m="31264" /><T124/><N who="0" m="31520" /><T127/><D100/><U67/><E0/><V3/><F3/><T53/><D74/><U1/><E1/><V133/><F112/><T101/><D101/><U73/><E130/><V32/><F32/><T77/><D77/><U89/><E70/><V87/><F133/><T61/><REACH who="0" step="1"/><D55/><REACH who="0" ten="242,408,390,0" step="2"/><U105/><E73/><V119/><F119/><T35/><D35/><U45/><E72/><V106/><F126/><T58/><AGARI ba="0,1" hai="49,53,58,61,65,69,78,82,84,92,93,95,124,127" m="31520,31264,30752" machi="58" ten="30,12000,3" yaku="1,1,0,1,52,6,53,0" doraHai="90" doraHaiUra="71" who="0" fromWho="0" sc="242,130,408,-40,390,-80,0,0" /><INIT seed="4,0,0,3,5,80" ten="372,368,310,0" oya="0" hai0="133,79,71,130,32,104,42,135,124,126,94,50,55" hai1="107,125,70,111,57,134,100,88,37,129,112,99,33" hai2="90,96,116,120,40,118,66,89,83,86,3,76,62" hai3=""/><T105/><D32/><U38/><RYUUKYOKU type="yao9" ba="0,0" sc="372,0,368,0,310,0,0,0" hai1="33,37,38,57,70,88,99,100,107,111,112,125,129,134" /><INIT seed="4,1,0,5,0,94" ten="372,368,310,0" oya="0" hai0="99,108,120,51,89,83,82,48,126,132,115,67,78" hai1="103,122,65,39,44,130,129,98,60,127,43,117,42" hai2="128,50,69,121,116,88,110,2,85,77,135,55,35" hai3=""/><T109/><N who="0" m="30752" /><T38/><D38/><U124/><N who="1" m="31264" /><U66/><E117/><V101/><N who="2" m="31008" /><V106/><F116/><T107/><D115/><U112/><E43/><V86/><F110/><N who="0" m="42602" /><D126/><N who="1" m="48171" /><E112/><V118/><F69/><T0/><D0/><U54/><E54/><V96/><F35/><T100/><D132/><U119/><E119/><V59/><F2/><T63/><D89/><U79/><E79/><V87/><F118/><T3/><D3/><U57/><E66/><V80/><F135/><T71/><D83/><U105/><AGARI ba="1,0" hai="39,42,44,57,60,65,98,103,105,129,130" m="48171,31264" machi="105" ten="30,3000,0" yaku="18,1,52,2" doraHai="94" who="1" fromWho="1" sc="372,-21,368,32,310,-11,0,0" /><INIT seed="5,0,0,5,5,129" ten="351,400,299,0" oya="1" hai0="123,3,44,69,116,111,66,55,110,48,117,102,38" hai1="120,108,58,105,97,127,68,43,45,39,60,87,84" hai2="64,53,51,40,73,124,54,107,80,83,94,1,114" hai3=""/><U32/><N who="1" m="30752" /><U67/><E127/><V132/><F124/><T50/><N who="0" m="31520" /><T36/><D102/><U59/><E32/><V56/><F107/><T115/><D3/><U52/><E108/><N who="0" m="41513" /><D115/><U74/><E74/><V93/><F114/><T98/><D98/><U78/><E78/><V92/><F1/><T121/><N who="0" m="31008" /><T75/><D75/><U34/><E59/><V90/><F64/><T122/><N who="0" m="31264" /><T88/><D88/><U33/><E105/><V131/><F40/><T35/><D50/><U42/><E42/><V65/><F73/><T71/><D35/><N who="1" m="13323" /><E97/><V81/><F90/><T77/><D77/><U2/><E2/><V99/><F99/><T61/><D71/><U47/><E47/><V103/><F103/><T119/><AGARI ba="0,0" hai="36,38,44,48,55,61,66,69,116,117,119" m="31264,31008,41513,31520" machi="119" ten="40,9000,2" yaku="12,1,34,2,52,3" doraHai="129" who="0" fromWho="0" sc="351,90,400,-60,299,-30,0,0" /><INIT seed="6,0,0,3,2,54" ten="441,340,269,0" oya="2" hai0="133,65,64,104,39,93,77,3,57,129,97,84,91" hai1="83,123,105,89,66,52,62,80,68,82,61,41,101" hai2="103,58,44,88,48,59,95,117,40,92,118,32,69" hai3=""/><V100/><F69/><T49/><D39/><U94/><N who="1" m="31520" /><U99/><E41/><V107/><F32/><T0/><D129/><U60/><REACH who="1" step="1"/><E52/><REACH who="1" ten="441,330,269,0" step="2"/><V96/><F117/><T35/><D35/><U78/><E78/><V119/><F118/><T114/><D77/><U36/><E36/><V45/><F119/><T34/><D34/><U56/><E56/><V124/><F124/><T47/><D57/><U86/><AGARI ba="0,1" hai="60,61,62,66,68,80,82,83,86,89,94,99,101,105" m="31520" machi="86" ten="30,3000,0" yaku="1,1,0,1,52,1,53,0" doraHai="54" doraHaiUra="131" who="1" fromWho="1" sc="441,-10,330,40,269,-20,0,0" owari="431,38.0,370,-3.0,249,-35.0,0,0.0" /></mjloggm>