<mjloggm ver="2.3"><GO type="169" lobby="0"/><UN n0="%E4%BE%8D" n1="%E3%83%8F%E3%82%AC%E3%82%BF%E3%82%AB%E3%81%AE%E3%81%88%E3%81%98%E3%81%8D" n2="%E3%81%94%E3%82%8B%E3%81%A3" n3="%E3%82%BC%E3%83%B3%E3%83%84%E5%9E%8B%50" dan="18,16,16,16" rate="2236.68,2161.38,2130.70,2153.09" sx="M,M,M,M"/><TAIKYOKU oya="0"/><INIT seed="0,0,0,2,1,68" ten="250,250,250,250" oya="0" hai0="13,2,120,53,41,107,37,88,63,21,1,49,45" hai1="78,131,75,44,57,134,106,32,114,101,39,70,135" hai2="79,9,121,95,64,56,126,122,124,109,66,67,103" hai3="71,115,130,102,50,27,89,86,110,22,97,40,118"/><T23/><D120/><N who="2" m="46186" /><F95/><W116/><G115/><T51/><D107/><U74/><E57/><V62/><F79/><W127/><G71/><T96/><D63/><U6/><E114/><V7/><F103/><W93/><G110/><T28/><D51/><U60/><E6/><V10/><F7/><W34/><G34/><T24/><D13/><U33/><E131/><V11/><F56/><W91/><G130/><T52/><D23/><U47/><E101/><V84/><F62/><W12/><G12/><T65/><D65/><U87/><E87/><V20/><F20/><W31/><G127/><N who="2" m="48681" /><F84/><W59/><G91/><T128/><D128/><U38/><E106/><V132/><F132/><W36/><G59/><T55/><REACH who="0" step="1"/><D49/><REACH who="0" ten="240,250,250,250" step="2"/><U69/><E60/><V129/><F129/><W108/><G50/><T77/><D77/><AGARI ba="0,1" hai="32,33,38,39,44,47,69,70,74,75,77,78,134,135" machi="77" ten="25,6400,0" yaku="22,2,52,2" doraHai="68" who="1" fromWho="0" sc="240,-64,250,74,250,0,250,0" /><INIT seed="1,0,0,3,3,68" ten="176,324,250,250" oya="1" hai0="44,50,34,89,47,56,55,93,1,62,101,99,49" hai1="37,82,127,43,95,70,11,24,66,85,73,98,61" hai2="9,46,122,19,102,104,42,30,25,114,51,130,123" hai3="125,118,107,32,132,40,64,2,21,3,80,12,22"/><U116/><E127/><V54/><F130/><W113/><G107/><T124/><D1/><N who="3" m="9" /><G80/><T131/><D124/><U91/><E116/><V92/><F104/><W7/><G40/><T110/><D110/><U31/><E73/><V87/><F114/><W79/><G79/><T72/><D131/><U5/><E43/><V115/><F115/><W45/><G45/><T108/><D108/><U96/><E37/><V84/><F84/><W71/><G64/><T88/><D34/><U112/><E112/><V60/><F60/><W33/><G71/><T14/><D72/><U53/><E53/><V77/><F102/><W134/><G113/><T15/><D47/><U17/><E17/><V100/><F54/><W38/><G38/><T13/><REACH who="0" step="1"/><D49/><REACH who="0" ten="166,324,250,250" step="2"/><U75/><E75/><V86/><F51/><W39/><G125/><T69/><D69/><U58/><E70/><V27/><F46/><W4/><G118/><T128/><D128/><U10/><E58/><V6/><F122/><W36/><G36/><T29/><D29/><U83/><E31/><V67/><F30/><W41/><G39/><T20/><D20/><N who="3" m="7785" /><G41/><AGARI ba="0,1" hai="13,14,15,41,44,50,55,56,62,88,89,93,99,101" machi="41" ten="40,8000,1" yaku="1,1,8,1,54,1,53,1" doraHai="68" doraHaiUra="97" who="0" fromWho="3" sc="166,90,324,0,250,0,250,-80" /><INIT seed="2,0,0,4,1,89" ten="256,324,250,170" oya="2" hai0="93,121,26,36,4,38,63,25,107,126,57,133,11" hai1="44,64,132,97,7,72,18,53,32,9,91,92,52" hai2="23,98,120,59,54,110,15,134,46,41,51,113,74" hai3="13,90,81,8,112,16,117,95,131,50,29,5,66"/><V20/><F113/><W47/><G117/><T103/><D121/><U30/><E132/><V96/><F120/><W68/><G131/><T127/><D107/><U115/><E115/><V80/><F134/><W84/><G112/><T83/><D83/><U116/><E116/><V99/><F110/><W45/><G29/><T19/><D133/><U6/><E72/><V48/><F74/><W105/><G105/><T129/><BYE who="3" /><D129/><UN n3="%E3%82%BC%E3%83%B3%E3%83%84%E5%9E%8B%50" /><U70/><E70/><V111/><F111/><W73/><G68/><T78/><D78/><U39/><E64/><V130/><F130/><W101/><G66/><T79/><D79/><U69/><E69/><V12/><F80/><W128/><G128/><T77/><D77/><U43/><E30/><V58/><F58/><W14/><G73/><T114/><D93/><U22/><E32/><V125/><F125/><N who="0" m="47626" /><D103/><U100/><E100/><V106/><F106/><W71/><G71/><T87/><D87/><U102/><E102/><V104/><F104/><W86/><G50/><T60/><D60/><U67/><E67/><V24/><REACH who="2" step="1"/><F23/><REACH who="2" ten="256,324,240,170" step="2"/><N who="3" m="11663" /><G101/><T88/><D114/><U34/><E34/><V37/><F37/><W40/><G40/><T85/><D38/><U31/><E39/><V17/><AGARI ba="0,1" hai="12,15,17,20,24,41,46,48,51,54,59,96,98,99" machi="17" ten="30,6000,0" yaku="1,1,0,1,8,1,53,0" doraHai="89" doraHaiUra="61" who="2" fromWho="2" sc="256,-20,324,-20,240,70,170,-20" /><INIT seed="2,1,0,1,1,65" ten="236,304,310,150" oya="2" hai0="122,93,28,135,44,21,105,15,50,109,13,20,80" hai1="78,48,121,66,30,118,96,111,62,75,1,120,97" hai2="81,14,27,73,17,18,42,58,32,116,5,9,104" hai3="6,77,115,133,54,119,4,85,34,19,24,114,2"/><V68/><F116/><W90/><G119/><T79/><D122/><N who="1" m="47211" /><E1/><V83/><F104/><W123/><G123/><T11/><D105/><U43/><E30/><V7/><F68/><W23/><G133/><T124/><D135/><U88/><E111/><V40/><F73/><W102/><G77/><T125/><D109/><U0/><E0/><V61/><F32/><W72/><G72/><T69/><D93/><N who="1" m="56359" /><E97/><V134/><F134/><W92/><G102/><T33/><D33/><U74/><E78/><V12/><F27/><W35/><G35/><T128/><D15/><U31/><E31/><V52/><F83/><W106/><G34/><T89/><D89/><U29/><E29/><V127/><F81/><W26/><G106/><T67/><D28/><U39/><E39/><V99/><F127/><W84/><G26/><T57/><D80/><U70/><E118/><V38/><F99/><W131/><G131/><T98/><D128/><U132/><E132/><V8/><REACH who="2" step="1"/><F38/><REACH who="2" ten="236,304,300,150" step="2"/><W51/><G85/><T53/><D98/><U86/><E86/><V94/><F94/><W103/><G103/><T76/><D125/><U107/><E107/><V47/><F47/><AGARI ba="1,1" hai="43,47,48,62,66,70,74,75" m="56359,47211" machi="47" ten="30,3900,0" yaku="13,1,52,1,54,1" doraHai="65" who="1" fromWho="2" sc="236,0,304,52,300,-42,150,0" /><INIT seed="3,0,0,4,4,15" ten="236,356,258,150" oya="3" hai0="28,61,91,94,122,96,16,101,48,107,117,88,81" hai1="126,52,92,90,58,11,46,75,10,35,123,73,14" hai2="114,3,130,84,133,66,24,45,50,59,53,54,113" hai3="26,119,20,131,13,25,44,39,4,65,104,31,125"/><W71/><G104/><T129/><D117/><U41/><E35/><V99/><F3/><W27/><G119/><T128/><D28/><U29/><E29/><V34/><F130/><N who="0" m="50282" /><D122/><U74/><E126/><V40/><F133/><W87/><G131/><T1/><D1/><U68/><E68/><V121/><F121/><W100/><G100/><T116/><D116/><U93/><E10/><V17/><F66/><W111/><G125/><T43/><D61/><U12/><E12/><V60/><F34/><W30/><G111/><T76/><D43/><U78/><E78/><V102/><F84/><W37/><G87/><N who="0" m="48551" /><D48/><U63/><E90/><N who="0" m="34345" /><D16/><U19/><REACH who="1" step="1"/><E123/><REACH who="1" ten="236,346,258,150" step="2"/><V67/><F113/><W22/><G27/><T32/><D32/><U80/><E80/><V5/><F114/><W109/><G109/><T124/><D124/><U103/><E103/><V64/><F102/><W77/><G77/><T112/><D112/><U55/><E55/><V97/><F53/><W127/><G127/><T82/><D82/><U132/><E132/><V36/><F24/><W69/><G69/><T7/><D7/><U120/><E120/><V110/><F5/><W21/><G4/><T23/><D23/><U2/><E2/><V118/><F110/><W51/><G13/><T86/><D107/><U83/><E83/><V8/><F118/><W106/><G20/><T135/><D135/><U42/><E42/><V79/><F79/><W47/><G106/><T33/><D33/><U89/><E89/><V105/><F105/><W95/><G71/><T57/><D86/><U49/><AGARI ba="0,1" hai="11,14,19,41,46,49,52,58,63,73,74,75,92,93" machi="49" ten="30,8000,1" yaku="1,1,0,1,52,1,54,1,53,1" doraHai="15" doraHaiUra="56" who="1" fromWho="1" sc="236,-20,346,90,258,-20,150,-40" /><INIT seed="4,0,0,3,2,38" ten="216,436,238,110" oya="0" hai0="112,48,66,3,94,6,85,75,57,74,89,22,25" hai1="51,90,82,72,28,63,128,39,81,123,91,116,46" hai2="97,53,110,125,30,127,135,121,52,70,83,133,65" hai3="102,73,107,68,101,2,5,37,67,120,131,130,86"/><T92/><D112/><U40/><E116/><V29/><F121/><W108/><G108/><T7/><D75/><U54/><E128/><V60/><F110/><W17/><G73/><T126/><D74/><U13/><E123/><V64/><F83/><W49/><G120/><T76/><D126/><N who="2" m="48138" /><F97/><W96/><G37/><T18/><D3/><U45/><E28/><N who="2" m="10859" /><F64/><W24/><G101/><T87/><D76/><U21/><E63/><V80/><F80/><W27/><G86/><T77/><D77/><U8/><E21/><V31/><N who="2" m="10867" /><V58/><DORA hai="42" /><F70/><W100/><G100/><T35/><D35/><U23/><E23/><V32/><F32/><W33/><G33/><T129/><D129/><U56/><E56/><V55/><AGARI ba="0,0" hai="52,53,55,58,60,65,133,135" m="10867,48138" machi="55" ten="40,2700,0" yaku="18,1,54,1" doraHai="38,42" who="2" fromWho="2" sc="216,-13,436,-7,238,27,110,-7" /><INIT seed="5,0,0,0,3,20" ten="203,429,265,103" oya="1" hai0="41,10,65,113,45,61,91,36,92,54,128,3,120" hai1="7,26,83,95,71,106,0,77,2,104,40,37,49" hai2="114,94,111,102,33,4,99,34,5,108,42,74,13" hai3="55,70,11,51,52,66,12,85,118,69,18,86,28"/><U23/><E71/><V84/><F74/><W8/><G118/><T90/><D113/><U126/><E126/><V93/><F114/><W127/><G127/><T103/><D128/><U119/><E119/><V6/><F42/><W46/><G55/><T64/><D120/><U116/><E37/><V109/><F13/><W123/><G123/><T62/><D103/><U88/><E104/><V115/><F115/><W60/><G70/><T89/><D92/><U21/><E106/><V122/><F122/><W16/><G28/><T50/><D3/><U130/><E23/><V87/><REACH who="2" step="1"/><F94/><REACH who="2" ten="203,429,255,103" step="2"/><W100/><G100/><T121/><D121/><U27/><E116/><V68/><F68/><W97/><G97/><T76/><D41/><U129/><E129/><V96/><F96/><W124/><G124/><T82/><D36/><U110/><E130/><V24/><F24/><W48/><G48/><T67/><REACH who="0" step="1"/><D10/><REACH who="0" ten="193,429,255,103" step="2"/><U1/><E40/><V9/><F9/><W35/><G35/><AGARI ba="0,2" hai="4,5,6,33,34,35,84,87,93,99,102,108,109,111" machi="35" ten="50,1600,0" yaku="1,1,53,0" doraHai="20" doraHaiUra="72" who="2" fromWho="3" sc="193,0,429,0,255,36,103,-16" /><INIT seed="6,0,0,0,5,53" ten="193,429,291,87" oya="2" hai0="94,95,18,67,33,119,7,135,123,15,121,16,32" hai1="97,92,106,117,22,17,96,88,85,45,5,134,110" hai2="3,69,57,130,9,73,63,124,6,36,125,80,41" hai3="103,46,105,114,112,23,54,127,51,62,59,102,113"/><V66/><F130/><W122/><G122/><T108/><D67/><U77/><E117/><V14/><F14/><W98/><G103/><T93/><D108/><U83/><E110/><V8/><F8/><W58/><G127/><T44/><D44/><U49/><E134/><V55/><F55/><W79/><G79/><T47/><D47/><U76/><E5/><V129/><F57/><N who="3" m="35127" /><G23/><T30/><D7/><U29/><E29/><V65/><F65/><W101/><G101/><T132/><D15/><N who="1" m="9535" /><E106/><V128/><F128/><W11/><G11/><T100/><D100/><N who="1" m="60423" /><E97/><V71/><F71/><W133/><G133/><N who="0" m="51275" /><D30/><U52/><AGARI ba="0,0" hai="45,49,52,76,77,83,85,88" m="60423,9535" machi="52" ten="30,4000,0" yaku="8,1,54,2" doraHai="53" who="1" fromWho="1" sc="193,-10,429,40,291,-20,87,-10" /><INIT seed="7,0,0,1,2,91" ten="183,469,271,77" oya="3" hai0="64,11,76,103,81,27,24,109,115,126,62,34,79" hai1="33,38,104,37,20,82,131,102,3,43,36,14,10" hai2="130,25,133,29,95,123,40,105,100,69,72,13,66" hai3="80,89,83,112,111,9,114,132,113,119,41,97,90"/><W118/><G9/><T51/><D109/><U134/><E20/><V85/><F130/><W70/><G41/><T125/><D103/><U65/><E14/><V99/><F133/><W18/><G18/><T88/><D115/><U19/><E19/><V117/><F40/><W49/><G49/><T30/><D51/><U35/><E82/><N who="3" m="31274" /><G70/><T50/><D50/><U48/><E65/><V61/><F13/><W94/><G111/><T26/><D88/><N who="3" m="33897" /><G132/><T1/><D79/><U17/><E17/><V87/><F25/><W28/><G28/><T78/><D78/><U121/><E48/><V45/><F29/><W108/><G108/><T53/><D53/><U92/><E10/><V39/><F45/><W21/><G21/><T55/><D55/><U120/><E43/><V46/><F46/><W73/><G73/><N who="0" m="43151" /><D11/><U122/><E3/><V98/><F72/><W101/><AGARI ba="0,0" hai="94,97,101,112,113,114,118,119" m="33897,31274" machi="101" ten="40,12000,1" yaku="15,1,34,2,52,1,54,1" doraHai="91" who="3" fromWho="3" sc="183,-40,469,-40,271,-40,77,120" /><INIT seed="7,1,0,5,0,76" ten="143,429,231,197" oya="3" hai0="72,129,107,84,71,132,42,120,11,0,27,23,78" hai1="116,36,115,103,44,85,105,40,5,119,63,113,8" hai2="15,108,43,109,6,62,79,87,83,69,51,29,60" hai3="95,97,124,100,126,106,65,58,122,121,96,90,55"/><W48/><REACH who="3" step="1"/><G65/><REACH who="3" ten="143,429,231,187" step="2"/><T1/><D120/><AGARI ba="1,1" hai="48,55,58,90,95,96,97,100,106,120,121,122,124,126" machi="120" ten="40,12000,1" yaku="21,2,2,1,53,2" doraHai="76" doraHaiUra="94" who="3" fromWho="0" sc="143,-123,429,0,231,0,187,133" /><INIT seed="7,2,0,5,4,16" ten="20,429,231,320" oya="3" hai0="131,114,93,37,73,26,80,123,27,46,98,9,86" hai1="74,62,33,8,101,124,51,96,126,24,1,2,83" hai2="32,128,48,121,35,43,85,4,135,119,18,63,40" hai3="88,29,65,95,20,118,23,12,15,106,134,39,113"/><W0/><G118/><T13/><D123/><U6/><E51/><V52/><F119/><W41/><G106/><T78/><D114/><U130/><E130/><V91/><F121/><W72/><G0/><T30/><D131/><U21/><E33/><V102/><F128/><W122/><G72/><T97/><D73/><U111/><E111/><V89/><F135/><W34/><G122/><T87/><D37/><U77/><E62/><V47/><F102/><W36/><G113/><T5/><D87/><U17/><REACH who="1" step="1"/><E2/><REACH who="1" ten="20,419,231,320" step="2"/><V19/><F32/><W105/><G34/><T94/><D98/><U56/><E56/><V71/><F35/><W25/><G134/><T54/><D97/><U84/><E84/><V132/><F132/><W117/><G117/><T103/><D103/><U76/><E76/><V108/><F108/><W115/><G115/><T66/><D66/><U60/><E60/><V110/><F110/><W70/><G105/><AGARI ba="2,1" hai="1,6,8,17,21,24,74,77,83,96,101,105,124,126" machi="105" ten="40,2600,0" yaku="1,1,52,1,53,0" doraHai="16" doraHaiUra="81" who="1" fromWho="3" sc="20,0,419,42,231,0,320,-32" owari="20,-48.0,461,56.0,231,-17.0,288,9.0" /></mjloggm>