<mjloggm ver="2.3"><GO type="169" lobby="0"/><UN n0="%6B%6F%6D%69" n1="%E3%82%B7%E3%83%A9%2E" n2="%43%6F%6D%65%64%69%61%6E" n3="%E7%81%AB%E9%9C%8A%E5%A4%A2" dan="16,17,16,17" rate="2149.62,2176.27,2135.12,2261.84" sx="M,M,M,M"/><TAIKYOKU oya="0"/><INIT seed="0,0,0,1,3,102" ten="250,250,250,250" oya="0" hai0="60,100,135,124,80,94,30,70,46,21,104,91,115" hai1="26,111,56,25,84,72,29,49,109,78,16,58,31" hai2="95,76,8,7,35,27,133,48,68,107,87,75,103" hai3="23,6,108,22,97,37,64,125,130,42,113,92,47"/><T14/><D115/><U126/><E72/><V67/><F133/><W41/><G113/><T73/><D135/><U118/><E118/><V89/><F48/><W20/><G108/><N who="1" m="41546" /><E126/><V32/><F67/><W4/><G125/><T44/><D124/><U38/><E38/><V134/><F68/><W116/><G116/><T74/><D60/><U2/><E2/><V132/><F27/><W1/><G130/><T34/><D34/><U98/><E98/><N who="2" m="61943" /><F132/><W54/><G64/><T13/><D70/><U122/><E49/><V120/><F120/><W82/><G41/><T71/><D71/><U99/><E99/><V81/><F134/><W112/><G112/><T127/><D74/><U117/><E16/><V57/><F57/><W52/><G82/><T33/><D80/><N who="1" m="47127" /><E122/><V36/><F36/><W123/><G123/><T39/><D73/><U119/><E119/><V55/><F55/><W28/><G28/><T9/><D30/><U18/><E18/><V24/><F24/><W77/><G1/><AGARI ba="0,0" hai="1,7,8,32,35,75,76,81,87,89,95" m="61943" machi="1" ten="30,2000,0" yaku="24,1,52,1" doraHai="102" who="2" fromWho="3" sc="250,0,250,0,250,20,250,-20" /><INIT seed="1,0,0,4,1,109" ten="250,250,270,230" oya="1" hai0="53,77,112,20,16,10,121,115,110,81,98,73,37" hai1="65,113,67,0,87,62,82,124,119,34,36,107,94" hai2="96,88,44,52,35,45,102,69,49,80,23,56,28" hai3="132,125,12,91,8,97,17,30,7,9,2,5,93"/><U103/><E119/><V14/><F35/><W1/><G125/><T70/><D110/><U76/><E34/><V42/><F69/><W89/><G132/><T105/><D121/><U75/><E0/><V118/><F118/><W127/><G127/><T46/><D70/><U123/><E36/><V116/><F116/><W38/><G38/><T92/><D105/><U21/><E123/><V60/><F45/><W120/><G120/><T83/><D83/><U90/><E124/><V13/><F102/><W104/><G104/><T84/><D10/><U128/><E128/><V31/><F96/><W57/><G30/><N who="2" m="11305" /><F23/><W131/><G131/><T58/><D73/><U51/><E21/><V63/><F63/><W95/><G57/><T55/><D46/><U27/><E27/><V130/><F130/><W39/><G39/><T24/><D37/><U111/><E111/><V4/><F4/><W74/><G74/><T11/><D11/><U78/><E78/><V19/><F19/><W22/><REACH who="3" step="1"/><G95/><REACH who="3" ten="250,250,270,220" step="2"/><T26/><D26/><U101/><E107/><V108/><F108/><W6/><G6/><T29/><D29/><U59/><E113/><V41/><F41/><W32/><G32/><T79/><D112/><U54/><REACH who="1" step="1"/><E67/><REACH who="1" ten="250,240,270,220" step="2"/><V122/><F122/><W71/><G71/><AGARI ba="0,2" hai="51,54,59,62,65,71,75,76,82,87,90,94,101,103" machi="71" ten="30,11600,0" yaku="1,1,2,1,7,1,53,1" doraHai="109" doraHaiUra="50" who="1" fromWho="3" sc="250,0,240,136,270,0,220,-116" /><INIT seed="1,1,0,4,0,69" ten="250,376,270,104" oya="1" hai0="34,97,117,54,99,76,50,84,134,110,51,94,63" hai1="56,78,79,8,123,18,81,25,6,32,67,95,120" hai2="45,125,119,96,91,85,111,0,86,71,48,64,68" hai3="12,47,58,46,35,101,10,3,107,133,66,88,87"/><U41/><E79/><V132/><F119/><W39/><G3/><T65/><D117/><U77/><E77/><V109/><F0/><W122/><G122/><T62/><D34/><U112/><E112/><V42/><F132/><W72/><G72/><T75/><D75/><U38/><E95/><N who="2" m="56447" /><F125/><W128/><G128/><T106/><D134/><U4/><E4/><V80/><F64/><W31/><G133/><T55/><D110/><N who="2" m="41994" /><F86/><W14/><G101/><T74/><D74/><N who="1" m="43223" /><E56/><V60/><F60/><W59/><G107/><T1/><D76/><AGARI ba="1,0" hai="42,45,48,68,71,76,80,85" m="41994,56447" machi="76" ten="30,1000,0" yaku="14,1" doraHai="69" who="2" fromWho="0" sc="250,-13,376,0,270,13,104,0" /><INIT seed="2,0,0,3,3,90" ten="237,376,283,104" oya="2" hai0="0,27,93,119,102,59,32,111,78,33,52,31,41" hai1="122,2,39,128,14,36,89,57,20,88,87,79,45" hai2="19,53,80,116,30,117,34,47,51,66,22,125,40" hai3="112,92,24,12,1,68,127,134,10,21,86,85,118"/><V74/><F125/><W37/><G118/><T131/><D119/><U129/><E2/><V28/><F66/><W101/><G1/><T99/><D0/><U9/><E122/><V3/><F3/><W97/><G127/><T56/><D111/><U13/><E79/><V61/><F34/><W70/><G134/><T133/><D133/><U63/><E20/><V83/><F116/><W135/><G135/><T15/><D131/><N who="1" m="50251" /><E45/><V55/><F74/><W8/><G37/><N who="1" m="14410" /><E9/><V77/><F117/><W113/><G8/><T132/><D132/><U91/><E87/><V110/><F110/><W54/><G54/><AGARI ba="0,0" hai="13,14,54,57,63,88,89,91" m="14410,50251" machi="54" ten="40,2600,0" yaku="19,1,54,1" doraHai="90" who="1" fromWho="3" sc="237,0,376,26,283,0,104,-26" /><INIT seed="3,0,0,0,1,74" ten="237,402,283,78" oya="3" hai0="12,33,120,43,31,16,36,86,56,65,61,104,105" hai1="82,83,35,80,100,99,24,50,39,134,3,132,8" hai2="11,5,0,109,37,123,129,90,81,76,114,133,73" hai3="96,69,57,34,22,13,46,121,110,4,29,97,101"/><W113/><G69/><T102/><D120/><U17/><E39/><V78/><F123/><W62/><G121/><T54/><D33/><U45/><E3/><V126/><F114/><W42/><G113/><T130/><D31/><U41/><E8/><V58/><F109/><W135/><G135/><N who="1" m="51754" /><E17/><V116/><F116/><W131/><G110/><T51/><D130/><U112/><E112/><V30/><F129/><W1/><G131/><T88/><D102/><U44/><E44/><V115/><F115/><W94/><G34/><T118/><D43/><U59/><E59/><V106/><F106/><W77/><G1/><T95/><D36/><U127/><E127/><V119/><F119/><W6/><G97/><T32/><D32/><U107/><E35/><V14/><F37/><W64/><G77/><N who="2" m="29801" /><F73/><W25/><REACH who="3" step="1"/><G13/><REACH who="3" ten="237,402,283,68" step="2"/><T98/><D98/><U108/><E108/><V124/><F0/><W70/><G70/><N who="0" m="42287" /><D118/><U111/><E111/><V48/><F133/><W47/><G47/><T27/><D27/><AGARI ba="0,1" hai="24,27,41,45,50,80,82,83,99,100,107" m="51754" machi="27" ten="30,1000,0" yaku="20,1" doraHai="74" who="1" fromWho="0" sc="237,-10,402,20,283,0,68,0" /><INIT seed="4,0,0,2,3,129" ten="227,422,283,68" oya="0" hai0="76,134,72,113,23,65,117,55,31,17,15,27,112" hai1="67,118,25,110,48,20,4,62,71,83,87,12,81" hai2="128,59,77,115,35,73,97,88,78,47,51,11,33" hai3="68,125,102,28,92,130,89,56,41,132,95,121,74"/><T70/><D117/><U24/><E118/><V135/><F115/><N who="0" m="44106" /><D55/><U6/><E110/><V40/><F128/><W49/><G68/><T119/><D119/><U122/><E122/><V99/><F135/><W22/><G74/><T7/><D7/><U93/><E93/><V84/><F35/><W94/><G121/><T109/><D109/><U44/><E12/><V10/><F33/><W36/><G36/><T2/><D2/><U106/><E106/><V60/><F97/><W124/><G130/><T34/><D134/><U46/><E83/><N who="2" m="49183" /><F99/><W69/><G69/><T100/><D100/><U127/><E127/><N who="3" m="48714" /><G102/><T26/><D15/><U45/><E48/><V101/><F101/><W80/><G132/><T103/><D103/><U53/><E53/><N who="2" m="33903" /><F73/><W3/><G3/><T38/><D38/><U19/><REACH who="1" step="1"/><E25/><REACH who="1" ten="227,412,283,68" step="2"/><V79/><AGARI ba="0,1" hai="10,11,40,47,51,77,78,79" m="33903,49183" machi="79" ten="30,2000,0" yaku="8,1,54,1" doraHai="129" who="2" fromWho="2" sc="227,-10,412,-5,283,30,68,-5" /><INIT seed="5,0,0,1,1,33" ten="217,407,313,63" oya="1" hai0="52,31,98,74,30,16,44,117,131,67,71,27,41" hai1="96,115,121,124,82,21,63,37,105,79,23,49,65" hai2="36,46,19,28,57,24,87,90,48,56,34,40,134" hai3="12,42,14,6,129,128,22,3,60,75,35,59,123"/><U88/><E121/><V54/><F134/><W91/><G75/><T104/><D117/><U47/><E37/><V89/><F19/><W97/><G35/><T99/><D74/><U50/><E115/><V15/><F15/><W86/><G123/><T83/><D131/><N who="3" m="50249" /><G42/><T62/><D83/><U107/><E107/><V68/><F68/><W81/><G97/><T66/><D66/><U45/><E124/><V130/><F130/><W4/><G22/><T111/><D111/><U43/><E105/><V0/><F0/><W1/><G12/><T101/><D98/><U95/><E82/><V32/><F32/><W13/><G13/><T64/><D41/><U8/><E79/><V76/><F76/><W73/><G73/><T11/><D11/><U118/><E8/><V38/><F38/><W77/><G77/><T135/><D135/><U113/><E113/><V26/><F26/><W2/><G14/><T51/><REACH who="0" step="1"/><D67/><AGARI ba="0,0" hai="1,2,3,4,6,59,60,67,81,86,91" m="50249" machi="67" ten="40,8000,1" yaku="19,1,52,3" doraHai="33" who="3" fromWho="0" sc="217,-80,407,0,313,0,63,80" /><INIT seed="6,0,0,5,5,26" ten="137,407,313,143" oya="2" hai0="131,16,91,119,6,69,50,81,66,70,27,96,98" hai1="40,97,20,19,52,53,3,116,60,30,38,37,41" hai2="107,59,134,61,71,72,56,54,111,83,80,36,109" hai3="34,67,122,49,11,39,120,28,133,29,15,57,12"/><V47/><F107/><W130/><G34/><T24/><D131/><U42/><E3/><V62/><F72/><W75/><G39/><T76/><D6/><U99/><E116/><V45/><F83/><W100/><G75/><T2/><D2/><U31/><E38/><V78/><F78/><W121/><G130/><T117/><D50/><U35/><E35/><V51/><F80/><W0/><G133/><T113/><D113/><U129/><E37/><V124/><F134/><W106/><G0/><T77/><D81/><U87/><E87/><V44/><F36/><W48/><G15/><T132/><D132/><U7/><E7/><V4/><F4/><W85/><G85/><T123/><D91/><U14/><E129/><V33/><F33/><W93/><G106/><T103/><D16/><U79/><E79/><V82/><F82/><W104/><G104/><T10/><D66/><U18/><E18/><V112/><F112/><W21/><G21/><T135/><D135/><U92/><E99/><V126/><F71/><W68/><G68/><T89/><D89/><N who="1" m="55439" /><E53/><N who="2" m="34031" /><F51/><N who="3" m="19531" /><G120/><T114/><D114/><U127/><E127/><AGARI ba="0,0" hai="44,45,47,54,56,62,109,111,124,126,127" m="34031" machi="127" ten="30,5800,0" yaku="18,1,34,2" doraHai="26" who="2" fromWho="1" sc="137,0,407,-58,313,58,143,0" /><INIT seed="6,1,0,1,0,64" ten="137,349,371,143" oya="2" hai0="25,30,120,17,18,58,71,23,38,26,66,72,0" hai1="15,92,114,129,112,79,75,9,95,29,118,108,10" hai2="4,49,104,102,37,55,116,32,100,68,44,128,81" hai3="80,41,126,48,83,27,14,36,31,8,86,90,127"/><V101/><F116/><W131/><G36/><T70/><D120/><U98/><E118/><V42/><F32/><W113/><G131/><T1/><D38/><U53/><E108/><V52/><F128/><W46/><G83/><T54/><D72/><U56/><E129/><V61/><F4/><W47/><G47/><T63/><D18/><U122/><E122/><V130/><F130/><W28/><G113/><N who="1" m="43626" /><E29/><V78/><F104/><W107/><G107/><T22/><REACH who="0" step="1"/><D70/><REACH who="0" ten="127,349,371,143" step="2"/><U119/><E119/><V117/><F117/><W12/><G31/><T132/><D132/><U91/><E75/><V65/><REACH who="2" step="1"/><F37/><REACH who="2" ten="127,349,361,143" step="2"/><W97/><G126/><T110/><D110/><U106/><E106/><V121/><F121/><W60/><G127/><T124/><D124/><U134/><E134/><V115/><F115/><W34/><G28/><T51/><AGARI ba="1,2" hai="0,1,17,22,23,25,26,30,51,54,58,63,66,71" machi="51" ten="20,5200,0" yaku="1,1,0,1,7,1,52,1,53,0" doraHai="64" doraHaiUra="2" who="0" fromWho="0" sc="127,75,349,-14,361,-27,143,-14" /><INIT seed="7,0,0,2,1,6" ten="202,335,334,129" oya="3" hai0="98,2,65,51,128,32,101,74,77,35,25,18,107" hai1="9,95,115,42,52,12,31,67,43,40,39,90,97" hai2="126,50,61,20,79,82,10,76,0,1,21,7,127" hai3="15,129,41,71,37,110,57,11,113,86,118,122,123"/><W87/><G71/><T121/><D121/><U46/><E115/><V58/><F1/><W4/><G118/><T108/><D108/><U53/><E67/><N who="2" m="39351" /><F50/><W59/><G113/><T64/><D2/><U48/><E31/><V100/><F100/><W130/><G110/><T30/><D35/><U99/><E39/><V49/><F49/><W134/><G134/><T75/><D128/><N who="3" m="49257" /><G37/><T5/><D5/><N who="1" m="3119" /><E53/><V8/><F8/><W105/><G105/><T36/><D51/><U112/><E112/><V62/><F62/><W69/><G69/><T93/><D18/><U22/><E22/><N who="2" m="8811" /><F82/><W81/><G41/><T80/><D25/><U117/><E117/><V102/><F102/><W111/><G111/><T133/><D98/><AGARI ba="0,0" hai="40,42,43,46,48,52,90,95,97,98,99" m="3119" machi="98" ten="30,3900,0" yaku="8,1,52,1,54,1" doraHai="6" who="1" fromWho="0" sc="202,-39,335,39,334,0,129,0" owari="163,-24.0,374,48.0,334,13.0,129,-37.0" /></mjloggm>