<mjloggm ver="2.3"><GO type="169" lobby="0"/><UN n0="%63%6C%75%74%63%68%37%33" n1="%61%72%6D%65%64" n2="%E3%81%86%E3%81%98%E3%81%93" n3="%E7%89%8C%E6%B5%81%E7%8A%B6%E6%85%8B%E9%BA%BB%E9%9B%80" dan="17,16,16,17" rate="2232.73,2064.00,2081.17,2192.34" sx="M,M,M,M"/><TAIKYOKU oya="0"/><INIT seed="0,0,0,4,1,113" ten="250,250,250,250" oya="0" hai0="132,91,105,96,104,66,134,95,37,23,125,52,81" hai1="28,51,3,99,29,1,44,94,112,10,22,118,108" hai2="114,110,93,46,13,24,115,98,57,47,26,88,34" hai3="123,119,97,71,54,61,130,7,128,101,19,126,77"/><T67/><D37/><U16/><E112/><V50/><F110/><W20/><G126/><T106/><D125/><U31/><E10/><V38/><F57/><W79/><G7/><T87/><D23/><U135/><E135/><N who="0" m="51753" /><D52/><U39/><E39/><V133/><F133/><W107/><G123/><T131/><D67/><U17/><E108/><V41/><F26/><W103/><G103/><N who="0" m="60831" /><D66/><U58/><E58/><V84/><F98/><W70/><G54/><T49/><D49/><U56/><E56/><V11/><F24/><W92/><G107/><T102/><D131/><N who="3" m="50217" /><G119/><T32/><D32/><U33/><E118/><V124/><F34/><W53/><G53/><T74/><D74/><U80/><E33/><V82/><F93/><W15/><G71/><T25/><D25/><U89/><E17/><V120/><F124/><W12/><G15/><T129/><D129/><U4/><E4/><V86/><F13/><W27/><G12/><T109/><D109/><U35/><E35/><V48/><F11/><W14/><G14/><T73/><D73/><U6/><E6/><V55/><F38/><W75/><G75/><T43/><D43/><N who="1" m="24991" /><E1/><V63/><F63/><W117/><G117/><T100/><AGARI ba="0,0" hai="81,87,91,100,102,104,105,106" m="60831,51753" machi="100" ten="40,7800,0" yaku="20,1,34,2" doraHai="113" who="0" fromWho="0" sc="250,78,250,-26,250,-26,250,-26" /><INIT seed="0,1,0,1,5,133" ten="328,224,224,224" oya="0" hai0="120,107,82,129,29,24,88,26,111,17,69,61,77" hai1="86,48,98,57,122,125,89,105,132,36,4,55,64" hai2="37,72,39,19,92,22,94,49,1,8,16,80,14" hai3="23,63,10,11,65,51,18,15,90,123,58,38,126"/><T40/><D120/><U62/><E122/><V5/><F39/><W101/><G123/><T43/><D129/><U128/><E36/><V87/><F37/><W74/><G38/><T81/><D107/><U12/><E132/><V13/><F72/><W67/><G74/><T32/><D111/><U73/><E73/><V97/><F49/><W135/><G135/><T53/><D77/><U70/><E105/><V102/><F94/><W7/><G101/><T95/><D43/><U134/><E98/><V56/><F56/><W108/><G108/><T85/><D40/><U115/><E115/><V93/><F93/><W79/><G79/><T34/><D53/><U28/><E28/><V47/><F47/><W99/><G11/><T106/><D106/><U66/><E66/><V3/><REACH who="2" step="1"/><F5/><REACH who="2" ten="328,224,214,224" step="2"/><W2/><G51/><T114/><D69/><U25/><E4/><V96/><F96/><W121/><G121/><T83/><D61/><U42/><E48/><V31/><F31/><W76/><G63/><T68/><D68/><U78/><E57/><V41/><F41/><W9/><G58/><T130/><D95/><U45/><E45/><V100/><F100/><W103/><G103/><T110/><D110/><U20/><E42/><V52/><F52/><W116/><G99/><T6/><D29/><U46/><E55/><V27/><F27/><W35/><G7/><T109/><D6/><U33/><E46/><V91/><AGARI ba="1,1" hai="1,3,8,13,14,16,19,22,80,87,91,92,97,102" machi="91" ten="20,5200,0" yaku="1,1,0,1,7,1,54,1,53,0" doraHai="133" doraHaiUra="59" who="2" fromWho="2" sc="328,-27,224,-14,214,65,224,-14" /><INIT seed="1,0,0,1,3,125" ten="301,210,279,210" oya="1" hai0="69,38,6,26,42,93,98,33,31,111,57,89,32" hai1="104,12,15,75,62,77,105,60,96,46,87,121,120" hai2="50,44,118,84,63,9,13,114,16,79,45,14,124" hai3="135,115,30,66,23,109,64,107,53,126,102,59,41"/><U37/><E75/><V65/><F118/><W86/><G115/><T82/><D69/><U20/><E37/><V0/><F0/><W35/><G35/><T8/><D111/><U110/><E77/><V108/><F108/><W67/><G109/><T132/><D132/><U19/><E87/><V88/><F79/><W10/><G126/><T49/><D82/><U92/><E46/><V40/><F124/><W76/><G41/><T61/><D49/><U43/><E43/><V54/><F14/><W55/><G135/><T2/><D42/><U131/><E110/><V91/><F114/><W99/><G10/><T78/><D78/><U7/><E7/><V127/><F127/><W85/><G55/><T116/><D116/><U83/><E83/><V72/><F72/><W5/><G5/><T123/><D123/><U58/><E58/><V117/><F117/><W51/><G76/><T80/><D80/><U68/><E68/><V24/><F24/><W28/><G23/><T1/><D38/><U119/><E119/><V122/><F84/><W34/><G34/><T25/><D1/><U81/><E81/><V74/><F74/><W112/><G112/><T128/><D33/><U101/><E12/><V113/><F122/><W103/><G102/><T39/><D25/><U22/><E120/><V94/><F94/><W100/><G103/><T48/><D39/><U4/><E92/><V36/><F113/><W27/><G27/><T134/><D134/><U129/><E121/><V90/><F90/><W11/><G11/><T71/><D2/><U52/><E101/><V130/><F130/><RYUUKYOKU ba="0,0" sc="301,-15,210,-15,279,15,210,15" hai2="9,13,16,36,40,44,45,50,54,63,65,88,91" hai3="28,30,51,53,59,64,66,67,85,86,99,100,107" /><INIT seed="2,1,0,5,5,126" ten="286,195,294,225" oya="2" hai0="3,33,39,27,59,10,98,133,93,89,83,128,119" hai1="129,80,35,78,71,26,114,121,41,99,101,0,122" hai2="23,48,120,86,91,110,67,60,77,96,75,40,7" hai3="38,127,44,24,72,47,36,88,1,34,13,6,105"/><V81/><F120/><W97/><G72/><T95/><D133/><U19/><E114/><V2/><F2/><W18/><G127/><T43/><D119/><U70/><E0/><V51/><F7/><W15/><G15/><T54/><D83/><U115/><E41/><V94/><F23/><W11/><G36/><T20/><D33/><U69/><E19/><V29/><F29/><W132/><G38/><T9/><D3/><U74/><E115/><V113/><F113/><W53/><G132/><T106/><D106/><U104/><REACH who="1" step="1"/><E129/><REACH who="1" ten="286,185,294,225" step="2"/><V124/><F124/><W63/><G18/><N who="0" m="12695" /><D128/><U108/><E108/><V111/><F40/><W130/><G1/><T79/><D43/><U5/><E5/><V17/><F17/><W76/><G130/><T55/><D39/><U25/><E25/><V62/><F62/><W125/><G63/><N who="0" m="36343" /><D79/><U37/><E37/><V123/><F123/><W66/><G76/><T102/><D55/><U117/><E117/><V103/><F111/><W92/><G53/><T68/><D68/><U16/><E16/><V30/><F30/><AGARI ba="1,1" hai="26,30,35,69,70,71,74,78,80,99,101,104,121,122" machi="30" ten="50,6400,0" yaku="1,1,23,2,53,0" doraHai="126" doraHaiUra="12" who="1" fromWho="2" sc="286,0,185,77,294,-67,225,0" /><INIT seed="3,0,0,2,1,41" ten="286,262,227,225" oya="3" hai0="79,52,26,17,65,58,90,121,9,37,108,111,91" hai1="11,67,86,12,128,82,94,2,70,57,125,25,40" hai2="1,46,122,81,16,29,104,64,10,74,72,30,6" hai3="97,77,100,36,73,20,126,80,34,39,109,68,107"/><W118/><G118/><T135/><D121/><U95/><E2/><V99/><F122/><W89/><G34/><T83/><D65/><U71/><E71/><V124/><F124/><W14/><G126/><T38/><D135/><U27/><E70/><V51/><F64/><W106/><G68/><T13/><D37/><U48/><E128/><V129/><F129/><W112/><G112/><T102/><D102/><U59/><E59/><V98/><F30/><W123/><G123/><T117/><D38/><U63/><E94/><V55/><F29/><W101/><G109/><N who="0" m="42059" /><D26/><U75/><E95/><V105/><F16/><W28/><G89/><T76/><D76/><N who="1" m="46407" /><E75/><V23/><F23/><W130/><G130/><T45/><D45/><N who="1" m="25639" /><E125/><V35/><F35/><W103/><G103/><T60/><D117/><U56/><E56/><V134/><F134/><W133/><G133/><T114/><D114/><U42/><E42/><V127/><F127/><W33/><G33/><T92/><D92/><U22/><E22/><V87/><F74/><AGARI ba="0,0" hai="9,13,17,52,58,60,74,79,83,90,91" m="42059" machi="74" ten="30,2000,0" yaku="14,1,54,1" doraHai="41" who="0" fromWho="2" sc="286,20,262,0,227,-20,225,0" /><INIT seed="4,0,0,3,3,28" ten="306,262,207,225" oya="0" hai0="123,125,94,12,111,103,132,42,74,30,76,18,11" hai1="47,45,95,77,9,24,87,2,99,109,131,78,3" hai2="83,39,62,120,112,72,113,46,91,92,37,33,15" hai3="20,80,6,63,21,54,10,73,32,55,102,100,124"/><T133/><D123/><U16/><E109/><V118/><F120/><W116/><G116/><T129/><D111/><U50/><E2/><V122/><F122/><W107/><G124/><T85/><D125/><U90/><E3/><V71/><F118/><W97/><G102/><T75/><D42/><U117/><E131/><V41/><F15/><W52/><G32/><T36/><D36/><U61/><E47/><V19/><F19/><W104/><G104/><T31/><D129/><U110/><E110/><V25/><F92/><W96/><G96/><N who="0" m="59799" /><D85/><U17/><E61/><V68/><F91/><W58/><G80/><N who="0" m="45079" /><D75/><U38/><E38/><V69/><F62/><W114/><G73/><T48/><D48/><U14/><E99/><V13/><F13/><W65/><REACH who="3" step="1"/><G114/><REACH who="3" ten="306,262,207,215" step="2"/><N who="2" m="44137" /><F39/><W86/><G86/><T23/><D23/><N who="1" m="13415" /><E117/><V29/><F71/><W26/><G26/><T60/><D133/><U101/><E101/><V27/><F27/><W59/><G59/><T79/><D132/><U82/><E95/><V43/><F43/><AGARI ba="0,1" hai="9,14,17,43,45,50,77,78,82,87,90" m="13415" machi="43" ten="30,2000,0" yaku="8,1,54,1" doraHai="28" who="1" fromWho="2" sc="306,0,262,30,207,-20,215,0" /><INIT seed="5,0,0,4,3,105" ten="306,292,187,215" oya="1" hai0="42,60,50,32,20,73,108,128,10,54,114,94,112" hai1="4,131,28,38,87,99,55,133,118,82,122,22,52" hai2="78,40,132,34,77,57,88,129,96,66,19,85,47" hai3="30,134,90,11,2,84,79,93,59,104,37,127,135"/><U62/><E118/><V103/><F132/><N who="3" m="50731" /><G104/><T5/><D32/><U35/><E122/><V92/><F34/><W100/><G37/><T101/><D73/><U83/><E38/><V41/><F129/><W89/><G100/><T13/><D108/><U44/><E99/><V72/><F19/><W53/><G30/><T16/><D60/><U98/><E98/><V39/><F41/><W113/><G113/><N who="0" m="43627" /><D42/><U74/><E74/><V69/><F69/><W15/><G79/><T68/><D68/><U29/><E131/><V31/><F31/><W102/><G102/><T76/><D76/><U1/><E29/><V121/><F121/><W116/><G90/><T49/><D49/><U8/><E35/><V51/><F72/><W14/><G127/><T115/><D94/><U119/><E119/><V12/><F12/><W3/><G15/><N who="0" m="9247" /><D101/><U63/><E82/><V27/><F27/><W110/><G110/><T71/><D71/><U81/><E83/><N who="2" m="49215" /><F39/><W125/><G125/><T70/><D70/><U26/><E133/><V24/><F24/><W130/><G116/><T80/><D80/><U7/><E7/><V17/><F17/><N who="3" m="8415" /><G130/><T126/><D128/><U46/><E81/><V33/><F33/><W120/><G120/><T111/><D126/><U56/><E87/><V61/><AGARI ba="0,0" hai="40,47,51,57,61,66,77,78,92,96,103" m="49215" machi="61" ten="30,2000,0" yaku="8,1,54,1" doraHai="105" who="2" fromWho="2" sc="306,-5,292,-10,187,20,215,-5" /><INIT seed="6,0,0,1,4,8" ten="301,282,207,210" oya="2" hai0="20,4,98,124,25,93,48,73,38,75,26,84,58" hai1="32,99,108,88,112,24,134,105,125,81,6,21,57" hai2="79,117,72,44,9,45,30,76,107,33,43,46,29" hai3="42,80,17,89,37,86,115,2,104,13,66,126,120"/><V7/><F117/><W71/><G120/><T27/><D38/><U11/><E108/><V121/><F121/><W67/><G2/><T69/><D69/><U5/><E32/><V64/><F107/><W132/><G104/><T123/><D123/><U119/><E119/><V3/><F64/><W74/><G132/><T0/><D0/><U122/><E5/><V59/><F59/><W95/><G126/><T10/><D84/><N who="1" m="50191" /><E105/><V35/><F43/><W22/><G71/><T65/><D75/><U111/><E111/><V83/><REACH who="2" step="1"/><F76/><REACH who="2" ten="301,282,197,210" step="2"/><W96/><G115/><T133/><D65/><U47/><E57/><V94/><F94/><W18/><G67/><T82/><D58/><U15/><E122/><V63/><F63/><W102/><G66/><T127/><D127/><U131/><E125/><V14/><F14/><W16/><REACH who="3" step="1"/><G74/><REACH who="3" ten="301,282,197,200" step="2"/><T101/><D124/><U41/><E112/><V28/><AGARI ba="0,2" hai="3,7,9,28,29,30,33,35,44,45,46,72,79,83" machi="28" ten="30,3000,0" yaku="1,1,0,1,53,0" doraHai="8" doraHaiUra="114" who="2" fromWho="2" sc="301,-10,282,-10,197,50,200,-10" /><INIT seed="6,1,0,5,3,129" ten="291,272,247,190" oya="2" hai0="11,105,6,132,80,75,107,35,124,50,0,20,76" hai1="106,100,119,68,128,4,52,120,51,43,131,31,97" hai2="109,65,93,82,91,98,7,57,121,18,58,111,8" hai3="63,39,88,55,81,17,23,56,130,103,19,78,10"/><V41/><F121/><W21/><G130/><N who="1" m="49706" /><E119/><V34/><F41/><W72/><G39/><T125/><D132/><U25/><E120/><V54/><F34/><W77/><G103/><T73/><D73/><U117/><E117/><V99/><F99/><W90/><G77/><T71/><D71/><U64/><E4/><V95/><F95/><W37/><G10/><T134/><D134/><U87/><E87/><V85/><F65/><W112/><G37/><T3/><D3/><U122/><E43/><V83/><F18/><W42/><G42/><T1/><D1/><U108/><E108/><N who="2" m="41547" /><F54/><W62/><G112/><T30/><D20/><U2/><E2/><N who="2" m="119" /><F82/><W38/><G38/><T110/><D110/><U48/><E52/><V53/><F53/><W74/><G62/><T40/><D50/><U59/><E59/><V89/><AGARI ba="1,0" hai="57,58,83,85,89,91,93,98" m="119,41547" machi="89" ten="30,1500,0" yaku="10,1" doraHai="129" who="2" fromWho="2" sc="291,-6,272,-6,247,18,190,-6" /><INIT seed="6,2,0,2,0,111" ten="285,266,265,184" oya="2" hai0="30,68,0,96,85,17,6,127,115,25,29,67,124" hai1="122,15,7,63,39,43,91,130,37,18,56,126,12" hai2="78,47,3,107,70,83,104,14,9,90,50,22,112" hai3="58,123,64,120,54,65,100,128,94,52,36,105,61"/><V49/><F70/><W8/><G105/><T102/><D115/><U72/><E72/><V55/><F112/><W13/><G36/><T76/><D17/><U16/><E7/><V31/><F3/><W69/><G128/><T119/><D119/><U21/><E43/><V66/><F66/><W129/><G129/><T77/><D30/><U113/><E113/><V103/><F90/><W86/><G65/><T121/><D85/><U132/><E132/><V73/><F103/><W34/><G34/><N who="0" m="20783" /><D6/><U26/><E26/><V27/><REACH who="2" step="1"/><F50/><REACH who="2" ten="285,266,255,184" step="2"/><W44/><G69/><T40/><D0/><U116/><E37/><V80/><F80/><W4/><G100/><T109/><D67/><U20/><E39/><V106/><F106/><W48/><G64/><T88/><D68/><U19/><E130/><V134/><F134/><W98/><G123/><T135/><D135/><U53/><E122/><V74/><F74/><W114/><G120/><T79/><D121/><U89/><E116/><V28/><F28/><W51/><G114/><T5/><D88/><N who="1" m="33867" /><E126/><V108/><F108/><W1/><G1/><T81/><D81/><U118/><E118/><V131/><F131/><W93/><G51/><T87/><D109/><U10/><E12/><V62/><F62/><W95/><G86/><T82/><D127/><U24/><E24/><V11/><F11/><W97/><AGARI ba="2,1" hai="4,8,13,44,48,52,54,58,61,93,94,95,97,98" machi="97" ten="30,4000,0" yaku="0,1,8,1,54,1" doraHai="111" who="3" fromWho="3" sc="285,-12,266,-12,255,-22,184,56" /><INIT seed="7,0,0,1,0,34" ten="273,254,233,240" oya="3" hai0="17,112,40,119,116,125,70,26,45,96,23,69,9" hai1="31,64,84,29,67,88,90,73,107,124,100,15,0" hai2="41,71,104,16,126,114,30,52,86,77,101,46,43" hai3="120,58,131,6,72,92,21,20,127,79,18,8,103"/><W118/><G118/><T36/><D125/><U54/><E73/><V37/><F126/><W115/><G120/><T65/><D112/><U10/><E107/><V122/><F114/><W98/><G127/><T135/><D135/><U133/><E133/><V110/><F110/><W97/><G115/><T2/><D96/><U130/><E130/><V59/><F122/><W27/><G131/><T25/><D25/><U56/><E100/><V39/><F30/><N who="1" m="11273" /><E0/><V82/><F71/><W12/><G72/><T75/><D75/><U28/><N who="1" m="11281" /><U128/><DORA hai="108" /><E90/><V78/><F41/><W66/><G79/><T111/><D111/><U49/><E128/><V14/><F101/><W87/><G21/><T47/><D70/><U102/><E102/><V99/><F99/><N who="3" m="59879" /><G87/><T48/><D69/><U35/><E35/><V32/><F32/><W121/><G121/><T132/><D132/><U53/><E53/><V57/><F104/><W5/><G5/><T50/><D65/><U11/><E11/><V22/><F59/><W44/><G44/><T19/><D36/><U117/><E117/><V80/><F80/><W60/><AGARI ba="0,0" hai="6,8,12,18,20,27,58,60,66,97,98" m="59879" machi="60" ten="30,1500,0" yaku="8,1" doraHai="34,108" who="3" fromWho="3" sc="273,-5,254,-5,233,-5,240,15" /><INIT seed="7,1,0,4,1,97" ten="268,249,228,255" oya="3" hai0="112,37,48,3,47,85,28,53,42,127,129,62,14" hai1="51,10,120,70,8,50,24,57,32,45,98,17,13" hai2="103,88,11,34,117,0,60,27,15,59,9,55,130" hai3="110,29,100,92,78,77,19,16,102,36,133,86,116"/><W25/><G116/><T21/><D3/><U66/><E70/><V67/><F117/><W22/><G36/><T63/><D129/><U79/><E32/><V104/><F130/><W84/><G133/><T89/><D127/><U81/><E24/><V101/><F104/><W41/><G41/><T2/><D2/><U94/><E8/><V49/><F0/><W135/><G135/><T80/><D112/><U108/><E120/><V91/><F11/><W76/><G110/><T18/><REACH who="0" step="1"/><D28/><REACH who="0" ten="258,249,228,255" step="2"/><U40/><E108/><V38/><F38/><W121/><G121/><T61/><D61/><U68/><E68/><V54/><F34/><W113/><G113/><T23/><D23/><U71/><E71/><V105/><F27/><W7/><G29/><T52/><D52/><U58/><E66/><V123/><F55/><W99/><G22/><T33/><D33/><U107/><E51/><V74/><F123/><W124/><G124/><T73/><D73/><U5/><E50/><V96/><F74/><W31/><G31/><T128/><D128/><U118/><E118/><V132/><F132/><W119/><G119/><T44/><AGARI ba="1,1" hai="14,18,21,37,42,44,47,48,53,62,63,80,85,89" machi="44" ten="20,2700,0" yaku="1,1,0,1,7,1,53,0" doraHai="97" doraHaiUra="75" who="0" fromWho="0" sc="258,40,249,-8,228,-8,255,-14" /><INIT seed="8,0,0,2,1,126" ten="298,241,220,241" oya="0" hai0="123,87,97,1,24,28,41,95,127,128,43,113,80" hai1="70,25,103,107,109,21,102,10,45,58,63,8,131" hai2="115,66,100,106,51,64,120,105,15,36,20,67,19" hai3="6,13,78,7,117,108,0,60,85,130,124,82,33"/><T69/><D128/><U98/><E70/><V57/><F36/><W23/><G33/><T84/><D123/><U65/><E109/><V73/><F73/><W96/><G108/><T89/><D113/><U37/><E103/><V81/><F115/><W53/><G124/><T91/><D127/><U75/><E75/><V52/><F120/><W34/><G34/><T92/><D1/><U30/><E37/><V3/><F3/><W48/><G0/><T76/><D69/><U42/><E131/><V86/><REACH who="2" step="1"/><F100/><REACH who="2" ten="298,241,210,241" step="2"/><W16/><G130/><T68/><D68/><U26/><E26/><V104/><F104/><W61/><G117/><T17/><D17/><U133/><E133/><V111/><F111/><W47/><G96/><T39/><D39/><U93/><E107/><V88/><AGARI ba="0,1" hai="15,19,20,51,52,57,64,66,67,81,86,88,105,106" machi="88" ten="30,8000,1" yaku="1,1,0,1,54,2,53,1" doraHai="126" doraHaiUra="50" who="2" fromWho="2" sc="298,-40,241,-20,210,90,241,-20" owari="258,6.0,221,-18.0,300,40.0,221,-28.0" /></mjloggm>