<mjloggm ver="2.3"><GO type="225" lobby="0"/><UN n0="%E4%BA%95%E5%B8%AF" n1="%E4%BF%BA%E3%81%A8%E5%A6%96%E5%A4%A2" n2="%E3%82%BC%E3%83%AB%E3%83%80%E3%81%AE%E4%BC%9D%E8%AA%AC" n3="%E8%A8%88%E7%AE%97%E6%A9%9F%E8%87%AA%E7%84%B6" dan="16,17,17,17" rate="2146.20,2174.24,2224.49,2233.07" sx="M,F,M,M"/><TAIKYOKU oya="0"/><INIT seed="0,0,0,1,4,19" ten="250,250,250,250" oya="0" hai0="115,36,44,28,55,92,42,118,95,0,49,24,134" hai1="75,9,68,114,57,82,113,34,38,105,10,74,135" hai2="53,77,129,54,85,132,17,12,25,127,93,11,48" hai3="41,2,73,131,88,97,56,121,23,103,27,30,51"/><T125/><D118/><U111/><E68/><V16/><F127/><W20/><G2/><T76/><D115/><N who="1" m="44043" /><E34/><V101/><F132/><W122/><G73/><N who="1" m="27658" /><E105/><V109/><F109/><W15/><G131/><T84/><D125/><U3/><E38/><V60/><F129/><W18/><G88/><T22/><D0/><U120/><E120/><N who="3" m="46186" /><G56/><T123/><D123/><U124/><E124/><V107/><F107/><N who="3" m="63983" /><G51/><T86/><D134/><U37/><E37/><V91/><F101/><W133/><G133/><T67/><D67/><U5/><E135/><V112/><F112/><W63/><G41/><T46/><REACH who="0" step="1"/><D84/><REACH who="0" ten="240,250,250,250" step="2"/><U64/><E3/><V33/><F85/><W72/><G72/><T45/><D45/><U59/><E64/><V69/><F69/><W71/><G71/><T104/><D104/><U94/><E111/><V66/><F66/><W106/><G106/><T39/><D39/><U26/><E59/><V128/><F128/><W96/><G96/><T126/><D126/><U13/><E57/><V4/><F53/><W65/><G65/><T70/><D70/><U98/><E98/><V130/><F54/><W21/><G63/><T81/><AGARI ba="0,1" hai="22,24,28,36,42,44,46,49,55,76,81,86,92,95" machi="81" ten="30,6000,0" yaku="1,1,0,1,52,1,53,0" doraHai="19" doraHaiUra="32" who="0" fromWho="0" sc="240,70,250,-20,250,-20,250,-20" /><INIT seed="0,1,0,4,1,63" ten="310,230,230,230" oya="0" hai0="118,99,60,98,12,32,56,36,135,21,40,22,38" hai1="50,15,76,68,114,133,115,104,2,1,91,47,123" hai2="113,74,49,65,48,6,57,66,94,75,35,107,54" hai3="42,31,70,52,128,14,16,112,124,125,129,27,84"/><T51/><D32/><U0/><E123/><V19/><F107/><W28/><G42/><T45/><D118/><U4/><E104/><V82/><F113/><N who="1" m="43017" /><E68/><V67/><F35/><W121/><G112/><T24/><D12/><U78/><E133/><V132/><F132/><W29/><G70/><T103/><D21/><U106/><E106/><V108/><F108/><W120/><G84/><T81/><D81/><U62/><E91/><V58/><F6/><W55/><G27/><T43/><D135/><U127/><E62/><V83/><F19/><W64/><G64/><T134/><D134/><U69/><E127/><N who="3" m="48714" /><G52/><T11/><D40/><N who="1" m="24935" /><E69/><V5/><F5/><W110/><G55/><T39/><D43/><U72/><E72/><V18/><F66/><W33/><G33/><T93/><D39/><U61/><E61/><V41/><F41/><W23/><G110/><T100/><D60/><U126/><E126/><V71/><F71/><W87/><G87/><T105/><D38/><U85/><E85/><V13/><F75/><W53/><G53/><T34/><D36/><U10/><AGARI ba="1,0" hai="0,1,2,4,10,15,76,78" m="24935,43017" machi="10" ten="40,1500,0" yaku="11,1" doraHai="63" who="1" fromWho="1" sc="310,-8,230,18,230,-5,230,-5" /><INIT seed="1,0,0,2,1,43" ten="302,248,225,225" oya="1" hai0="7,107,73,105,80,71,118,75,113,93,22,115,99" hai1="81,17,108,74,133,20,39,103,40,66,11,64,110" hai2="25,85,9,53,134,69,129,32,111,58,50,21,100" hai3="10,63,127,47,117,14,61,91,45,0,90,97,48"/><U37/><E103/><V87/><F69/><W51/><G0/><T52/><D71/><U35/><E35/><V34/><F111/><N who="1" m="42537" /><E11/><V96/><F134/><W41/><G127/><T44/><D7/><U70/><E133/><V49/><F129/><W72/><G72/><T16/><D118/><U31/><E31/><V82/><F50/><W119/><G97/><T23/><D23/><U121/><E121/><V67/><F67/><N who="1" m="25641" /><E70/><V42/><F9/><W104/><G104/><T65/><D107/><U125/><E125/><V62/><F34/><W12/><G10/><T89/><D105/><U123/><E123/><V56/><F32/><W26/><REACH who="3" step="1"/><G41/><REACH who="3" ten="302,248,225,215" step="2"/><T130/><D75/><U102/><E40/><V101/><F42/><W68/><G68/><T8/><D73/><U126/><E126/><V112/><F96/><W84/><G84/><T59/><D99/><U116/><E116/><V83/><F87/><W94/><G94/><T86/><D93/><U2/><E2/><V92/><F92/><W38/><G38/><T98/><D98/><U109/><E102/><N who="2" m="39531" /><F85/><W114/><G114/><T88/><D115/><U77/><N who="1" m="42545" /><U27/><AGARI ba="0,1" hai="17,20,27,37,39,74,77,81" m="25641,42545" machi="27" ten="40,7800,0" yaku="4,1,14,1,10,1" doraHai="43" who="1" fromWho="1" sc="302,-26,248,88,225,-26,215,-26" /><INIT seed="1,1,0,3,4,96" ten="276,336,199,189" oya="1" hai0="80,73,91,120,87,75,36,64,16,17,128,81,108" hai1="107,14,65,31,129,44,12,37,125,74,97,124,0" hai2="27,9,11,94,72,34,47,70,82,35,90,45,126" hai3="55,101,119,86,57,39,23,25,78,67,79,132,24"/><U102/><E0/><V21/><F70/><W116/><G39/><T133/><D108/><U85/><E74/><V66/><F66/><W19/><G132/><T104/><D133/><U110/><E110/><V48/><F126/><N who="1" m="48745" /><E129/><V5/><F82/><W49/><G67/><T135/><D120/><U29/><E65/><V18/><F72/><W117/><G86/><T61/><D36/><U1/><E1/><V127/><F127/><W42/><G42/><T130/><D135/><U63/><E63/><V131/><F131/><N who="0" m="50218" /><D104/><U32/><E85/><V38/><F38/><W2/><G2/><T68/><D75/><U46/><E32/><V59/><F35/><W95/><REACH who="3" step="1"/><G25/><REACH who="3" ten="276,336,199,179" step="2"/><T56/><D68/><U7/><E37/><V134/><F134/><W106/><G106/><T122/><D122/><U109/><E109/><V99/><F27/><W100/><G100/><T114/><D114/><U123/><E123/><V60/><F99/><AGARI ba="1,1" hai="19,23,24,49,55,57,78,79,95,99,101,116,117,119" machi="99" ten="40,8000,1" yaku="1,1,12,1,52,1,53,1" doraHai="96" doraHaiUra="54" who="3" fromWho="2" sc="276,0,336,0,199,-83,179,93" /><INIT seed="2,0,0,3,0,29" ten="276,336,116,272" oya="2" hai0="7,77,84,2,109,54,28,52,124,105,61,129,98" hai1="30,81,79,26,76,4,31,20,111,40,121,6,66" hai2="33,44,39,102,12,13,25,18,62,60,50,67,21" hai3="57,42,107,1,68,64,16,106,127,17,82,15,70"/><V53/><F39/><W32/><G1/><T117/><D109/><U14/><E111/><V128/><F128/><W38/><G127/><T55/><D124/><U132/><E132/><V93/><F33/><W51/><G32/><T24/><D117/><U108/><E108/><V65/><F102/><W133/><G82/><T11/><D129/><U72/><E79/><V134/><F134/><W83/><G83/><T112/><D112/><U119/><E119/><V125/><F125/><W96/><G17/><T116/><D84/><U48/><E66/><V88/><F65/><W27/><G27/><T90/><D77/><U104/><E104/><V73/><F73/><W37/><G96/><T3/><D3/><U113/><E113/><V92/><F92/><W41/><G133/><T45/><D116/><U131/><E121/><V94/><F94/><W47/><G57/><T69/><D45/><U80/><E80/><V118/><F118/><W34/><G34/><N who="0" m="20743" /><D90/><U19/><E31/><V130/><F130/><W36/><G41/><T115/><D55/><U91/><E91/><V9/><F67/><W5/><G5/><T71/><D71/><U22/><E131/><V8/><F8/><W58/><G58/><T126/><D126/><U103/><E103/><V35/><F35/><W101/><G64/><N who="0" m="41103" /><D115/><U63/><E63/><N who="2" m="24107" /><F9/><N who="3" m="6255" /><G101/><AGARI ba="0,0" hai="2,7,11,52,54,98,101,105" m="41103,20743" machi="101" ten="30,3900,0" yaku="25,1,52,1,54,1" doraHai="29" who="0" fromWho="3" sc="276,39,336,0,116,0,272,-39" /><INIT seed="3,0,0,5,1,114" ten="315,336,116,233" oya="3" hai0="19,117,131,0,56,10,49,95,7,133,2,129,64" hai1="48,34,79,132,11,22,18,59,27,13,28,75,4" hai2="83,47,53,21,17,123,122,111,99,55,69,91,121" hai3="61,130,63,38,23,105,96,102,76,50,127,94,8"/><W87/><G38/><T82/><D133/><U30/><E132/><V97/><F111/><W128/><G127/><T1/><D117/><U67/><E30/><V43/><F69/><W5/><G23/><T32/><D32/><U134/><E134/><V98/><F83/><N who="3" m="47591" /><G105/><T57/><D19/><U70/><E70/><V16/><F91/><W124/><G50/><T20/><D20/><U120/><E120/><V89/><F89/><W113/><G124/><T85/><D95/><U72/><E79/><V46/><F21/><W73/><G73/><T42/><D64/><U31/><E31/><V40/><F53/><W60/><G113/><T54/><D57/><U92/><E92/><V101/><F55/><W66/><G5/><T44/><D131/><N who="3" m="50217" /><G8/><T6/><D6/><U68/><E48/><V77/><F77/><W119/><G66/><T15/><D129/><U29/><E29/><V112/><F112/><W9/><G9/><T104/><D104/><U33/><E33/><V74/><F74/><W25/><G25/><T110/><D110/><U45/><E45/><N who="2" m="16907" /><F101/><W107/><G107/><T135/><D135/><U125/><E125/><V81/><F81/><W93/><G93/><T86/><REACH who="0" step="1"/><D82/><REACH who="0" ten="305,336,116,233" step="2"/><U41/><E34/><V126/><F126/><W24/><G102/><T65/><D65/><U62/><E28/><V39/><F39/><AGARI ba="0,1" hai="0,1,2,7,10,15,39,42,44,49,54,56,85,86" machi="39" ten="40,2600,0" yaku="1,1,53,1" doraHai="114" doraHaiUra="37" who="0" fromWho="2" sc="305,36,336,0,116,-26,233,0" owari="341,44.0,336,14.0,90,-41.0,233,-17.0" /></mjloggm>