<mjloggm ver="2.3"><GO type="169" lobby="0"/><UN n0="%7A%6F%6F%31%39%36%34" n1="%E8%91%B5%E3%81%A1%E3%82%83%E3%82%93" n2="%E8%8D%92%E6%9C%A8%E6%AF%94%E5%A5%88" n3="%E3%81%88%E3%81%99%E3%81%9F%E3%81%BE%E3%82%8B" dan="16,17,17,17" rate="2171.64,2212.48,2147.11,2260.33" sx="M,M,F,M"/><TAIKYOKU oya="0"/><INIT seed="0,0,0,1,2,17" ten="250,250,250,250" oya="0" hai0="27,49,111,14,13,98,12,30,133,97,84,67,8" hai1="38,75,124,25,110,88,51,31,62,89,102,80,101" hai2="78,55,48,121,41,47,82,1,125,69,32,15,81" hai3="64,71,53,16,36,127,63,29,26,106,104,126,99"/><T70/><D133/><U120/><E120/><V28/><F1/><W54/><G36/><T73/><D73/><U20/><E38/><V22/><F121/><W108/><G108/><T68/><D8/><U4/><E110/><V42/><F69/><W0/><G0/><T79/><D111/><U77/><E124/><N who="3" m="47658" /><G99/><T118/><D118/><U117/><E117/><V34/><F82/><W56/><G54/><T83/><D70/><U10/><E62/><V65/><F65/><W114/><G114/><T90/><D68/><U3/><REACH who="1" step="1"/><E51/><REACH who="1" ten="250,240,250,250" step="2"/><V85/><F125/><W74/><G74/><T33/><D49/><U96/><E96/><V11/><F41/><W134/><G134/><T52/><D67/><U95/><E95/><V128/><F42/><W93/><G93/><T9/><D9/><U115/><E115/><V5/><F128/><W40/><G40/><T119/><D119/><U86/><E86/><V107/><F107/><W135/><G135/><T130/><D130/><U105/><E105/><V131/><F131/><W91/><G106/><T43/><D43/><U21/><E21/><V132/><F132/><W129/><G104/><T59/><D98/><U87/><E87/><V24/><AGARI ba="0,1" hai="5,11,15,22,24,28,32,34,47,48,55,78,81,85" machi="24" ten="30,2000,0" yaku="0,1,52,1" doraHai="17" who="2" fromWho="2" sc="250,-10,240,-5,250,30,250,-5" /><INIT seed="1,0,0,2,4,2" ten="240,235,280,245" oya="1" hai0="125,69,132,111,65,121,89,16,42,118,92,20,36" hai1="8,79,15,10,103,96,110,117,90,23,59,120,13" hai2="77,76,95,48,126,33,70,49,61,17,35,75,98" hai3="25,45,46,53,54,3,73,91,102,113,51,123,127"/><U38/><E117/><V67/><F126/><W63/><G123/><T80/><D118/><U28/><E120/><V62/><F33/><W124/><G73/><T60/><D121/><U68/><E38/><V135/><F35/><W131/><G102/><T27/><D111/><U34/><E68/><V0/><F0/><W44/><G25/><T122/><D122/><U55/><E34/><V56/><F17/><W86/><G3/><T87/><D132/><U12/><E79/><V43/><F135/><W30/><G30/><T116/><D116/><U66/><E66/><V85/><F75/><W112/><G86/><T115/><D115/><N who="3" m="44105" /><G91/><T9/><D125/><N who="3" m="48201" /><G131/><T78/><D9/><U93/><E110/><V84/><F85/><W24/><G24/><T107/><D107/><U99/><E23/><V58/><F84/><W1/><G1/><T18/><D18/><U4/><E28/><V41/><F77/><W83/><G83/><T6/><D6/><U7/><E13/><V50/><F76/><W129/><G129/><T108/><D108/><U64/><E64/><N who="2" m="38951" /><F70/><W52/><G63/><T101/><D101/><AGARI ba="0,0" hai="41,43,48,49,50,58,62,67,95,98,101" m="38951" machi="101" ten="30,1000,0" yaku="8,1" doraHai="2" who="2" fromWho="0" sc="240,-10,235,0,280,10,245,0" /><INIT seed="2,0,0,4,0,66" ten="230,235,290,245" oya="2" hai0="2,63,131,84,26,5,74,13,29,12,34,92,46" hai1="132,35,91,52,49,125,79,6,77,42,47,118,10" hai2="72,78,100,130,73,82,121,110,15,107,24,64,128" hai3="14,113,96,59,27,33,31,109,44,43,3,16,115"/><V99/><F64/><W108/><G59/><T60/><D74/><U67/><E118/><V19/><F121/><W95/><G3/><T126/><D126/><U90/><E35/><V135/><F24/><W88/><G109/><T93/><D131/><N who="2" m="50218" /><F110/><W105/><G105/><T30/><D30/><U112/><E112/><V97/><F135/><W55/><G55/><T76/><D2/><U68/><E125/><V117/><F117/><W45/><G108/><T11/><D13/><U48/><E132/><V58/><F58/><W28/><G31/><T53/><D46/><U39/><E39/><V87/><F97/><W98/><G96/><T134/><D134/><U4/><E42/><V116/><F116/><W114/><REACH who="3" step="1"/><G43/><REACH who="3" ten="230,235,290,235" step="2"/><T51/><D63/><U18/><E52/><V85/><F73/><W89/><G89/><T38/><D60/><U69/><E67/><V70/><F70/><W127/><G127/><T120/><D120/><U71/><E69/><V32/><F32/><W111/><G111/><T21/><D34/><U56/><E56/><V37/><F37/><W86/><G86/><T54/><D38/><U81/><E91/><V75/><F75/><W83/><G83/><N who="0" m="47207" /><D54/><U23/><E71/><V1/><F1/><W36/><G36/><T50/><D53/><U41/><E68/><V62/><F62/><W80/><G80/><T123/><D123/><U20/><E41/><V102/><F102/><W7/><G7/><T129/><D129/><U124/><E124/><V103/><F103/><W119/><G119/><T101/><D101/><U133/><E133/><V61/><F61/><RYUUKYOKU ba="0,1" sc="230,10,235,-30,290,10,235,10" hai0="5,11,12,21,26,29,50,51,92,93" hai2="15,19,72,78,82,85,87,99,100,107" hai3="14,16,27,28,33,44,45,88,95,98,113,114,115" /><INIT seed="2,1,1,2,2,101" ten="240,205,300,245" oya="2" hai0="117,132,16,18,83,120,39,71,35,21,124,1,126" hai1="105,8,108,37,77,11,19,22,56,15,133,12,4" hai2="103,45,50,72,130,116,119,51,110,98,52,92,20" hai3="54,23,40,80,109,85,115,33,96,66,91,114,134"/><V129/><F72/><W47/><G33/><T31/><D71/><U87/><E37/><V73/><F73/><W0/><G0/><T99/><D39/><U5/><E108/><V88/><F110/><W14/><G109/><T2/><D83/><U89/><E133/><V49/><F20/><W34/><G34/><T32/><D99/><U131/><E131/><N who="2" m="50187" /><F103/><W76/><G134/><T62/><D62/><U97/><E77/><V128/><N who="2" m="50195" /><V122/><DORA hai="78" /><F122/><W28/><G66/><T90/><D90/><U26/><E97/><V69/><F69/><W75/><G54/><T82/><D82/><U43/><E43/><N who="2" m="24767" /><F50/><W102/><G14/><T93/><D132/><U30/><E56/><AGARI ba="1,1" hai="51,52,56,88,92,98,116,119" m="24767,50195" machi="56" ten="40,7700,0" yaku="19,1,54,2" doraHai="101,78" who="2" fromWho="1" sc="240,0,205,-80,300,90,245,0" /><INIT seed="2,2,0,3,0,106" ten="240,125,390,245" oya="2" hai0="38,20,32,51,18,8,26,9,133,110,23,105,79" hai1="65,95,122,83,34,125,63,77,28,55,48,54,62" hai2="124,36,93,91,73,87,116,118,81,66,94,92,2" hai3="114,61,85,1,82,108,107,27,121,101,39,42,70"/><V3/><F36/><W78/><G121/><T24/><D38/><U119/><E119/><V46/><F46/><W103/><G108/><T31/><D105/><U37/><E122/><V33/><F33/><W135/><G135/><T45/><D110/><U4/><E37/><V123/><F123/><W59/><G114/><T6/><D79/><U97/><E125/><V16/><F124/><W132/><G70/><T40/><D133/><U120/><E120/><V29/><F29/><W104/><G104/><T53/><D40/><U43/><E4/><V7/><F66/><W14/><G1/><T100/><D100/><U19/><E19/><V88/><F73/><W22/><G107/><T89/><D6/><U71/><E63/><V115/><F115/><W113/><G132/><T74/><D32/><U126/><E126/><V10/><F3/><W30/><G113/><T80/><REACH who="0" step="1"/><D74/><REACH who="0" ten="230,125,390,245" step="2"/><U49/><E43/><V127/><F127/><W111/><G111/><T21/><D21/><U41/><E41/><V68/><F116/><W56/><G42/><T47/><D47/><U35/><E34/><V75/><F118/><W117/><G117/><T129/><D129/><U15/><E35/><V99/><F75/><W130/><G130/><T64/><D64/><U0/><E77/><V52/><F7/><W67/><G39/><T25/><D25/><U84/><E65/><V57/><F91/><W50/><REACH who="3" step="1"/><G14/><REACH who="3" ten="230,125,390,235" step="2"/><T131/><D131/><U112/><E15/><V96/><F2/><W90/><G90/><T102/><D102/><U5/><E112/><V44/><F88/><W60/><G60/><RYUUKYOKU ba="2,2" sc="230,15,125,-15,390,-15,235,15" hai0="8,9,18,20,23,24,26,31,45,51,53,80,89" hai3="22,27,30,50,56,59,61,67,78,82,85,101,103" /><INIT seed="3,3,2,1,1,87" ten="245,110,375,250" oya="3" hai0="126,102,30,100,132,40,4,121,105,50,11,56,122" hai1="54,13,125,90,38,95,128,79,20,10,46,130,37" hai2="127,34,44,6,48,94,111,135,77,107,63,29,131" hai3="59,74,83,33,65,124,57,84,103,53,104,109,134"/><W62/><G33/><T123/><D132/><U106/><E106/><V70/><F107/><W12/><G134/><T96/><D126/><U26/><E79/><V117/><F127/><W112/><G124/><T0/><D102/><U75/><E75/><V101/><F117/><W2/><G2/><T115/><D30/><U36/><E125/><V51/><F111/><W82/><G112/><T25/><D25/><U43/><E54/><V98/><F77/><W119/><G119/><T72/><D72/><U92/><E92/><V9/><F131/><N who="1" m="50217" /><E20/><V68/><F48/><W114/><G114/><T67/><D115/><U15/><E26/><V1/><F135/><W28/><G28/><T113/><D113/><U7/><E15/><V129/><F129/><W39/><G39/><T55/><D67/><U66/><E66/><V73/><F73/><W76/><G109/><T99/><D99/><AGARI ba="3,2" hai="7,10,13,36,37,38,43,46,90,95,99" m="50217" machi="99" ten="30,2000,0" yaku="19,1,52,1" doraHai="87" who="1" fromWho="0" sc="245,-29,110,49,375,0,250,0" /><INIT seed="4,0,0,4,1,62" ten="216,159,375,250" oya="0" hai0="23,39,112,58,134,120,83,125,43,20,118,46,73" hai1="35,88,82,127,57,22,76,42,15,84,128,31,124" hai2="70,44,64,106,115,7,19,51,72,79,130,111,93" hai3="99,47,41,78,59,86,85,33,123,96,30,74,68"/><T129/><D118/><U102/><E128/><V65/><F111/><W101/><G68/><T87/><D120/><U60/><E35/><V1/><F106/><W90/><G123/><T116/><D116/><U5/><E102/><V6/><F115/><W122/><G122/><T109/><D112/><U63/><E42/><V37/><F37/><W26/><G74/><T95/><D129/><U17/><E31/><V52/><F70/><W77/><G59/><T18/><D134/><U114/><E114/><V135/><F135/><W11/><G11/><T54/><D125/><U50/><E5/><V104/><F104/><W16/><G86/><T69/><D69/><U2/><E2/><V107/><F107/><W61/><G61/><T36/><D95/><U28/><E28/><V48/><F1/><W100/><G100/><T126/><D126/><N who="1" m="48171" /><E76/><V113/><F113/><W105/><G99/><T117/><D117/><U97/><E97/><V98/><F79/><W94/><REACH who="3" step="1"/><G16/><REACH who="3" ten="216,159,375,240" step="2"/><T89/><D109/><U14/><E63/><V40/><F19/><W32/><G32/><T119/><D119/><U10/><E10/><V103/><F72/><W8/><G8/><T92/><D18/><U45/><E60/><V108/><F108/><W38/><AGARI ba="0,1" hai="26,30,33,38,41,47,77,78,85,90,94,96,101,105" machi="38" ten="20,2700,0" yaku="1,1,0,1,7,1,53,0" doraHai="62" doraHaiUra="49" who="3" fromWho="3" sc="216,-13,159,-7,375,-7,240,37" /><INIT seed="5,0,0,4,0,51" ten="203,152,368,277" oya="1" hai0="34,5,24,92,18,89,0,98,45,22,40,11,37" hai1="111,86,73,14,130,116,29,26,83,15,48,10,128" hai2="57,13,27,62,91,112,84,19,25,53,70,94,113" hai3="38,42,55,75,68,121,78,100,132,135,65,35,30"/><U127/><E116/><V117/><F70/><W49/><G100/><T129/><REACH who="0" step="1"/><D34/><REACH who="0" ten="193,152,368,277" step="2"/><U108/><E127/><V103/><F117/><W85/><G35/><T125/><D125/><U66/><E73/><V20/><F103/><W28/><G75/><T8/><D8/><U52/><E66/><V2/><F2/><W120/><G65/><T82/><D82/><U80/><E83/><V118/><F118/><W12/><G121/><T1/><D1/><U17/><E15/><V126/><F126/><W71/><G120/><T96/><D96/><U77/><E111/><V133/><F133/><W123/><G123/><T72/><D72/><U90/><E108/><V9/><REACH who="2" step="1"/><F27/><REACH who="2" ten="193,152,358,277" step="2"/><W56/><G132/><T21/><D21/><U7/><E130/><AGARI ba="0,2" hai="0,5,11,18,22,24,37,40,45,89,92,98,129,130" machi="130" ten="40,2600,0" yaku="21,2,53,0" doraHai="51" doraHaiUra="107" who="0" fromWho="1" sc="193,46,152,-26,358,0,277,0" /><INIT seed="6,0,0,1,0,49" ten="239,126,358,277" oya="2" hai0="95,122,72,57,7,1,91,10,94,46,126,39,114" hai1="121,62,102,96,89,12,40,17,107,53,109,106,78" hai2="28,135,93,64,84,71,41,3,100,85,38,54,27" hai3="118,87,69,108,75,13,47,81,79,83,24,55,117"/><V32/><F3/><W44/><G108/><T25/><D122/><U101/><E109/><V132/><F38/><W134/><G69/><T42/><D114/><U50/><E121/><V82/><F41/><W20/><G134/><T98/><D126/><U80/><E40/><V92/><F84/><W5/><G13/><T59/><D25/><U119/><E119/><V115/><F115/><W43/><G5/><T104/><D104/><U125/><E125/><V133/><F100/><W110/><G110/><T51/><D72/><U65/><E89/><V128/><F128/><W127/><G127/><T19/><D19/><U130/><E130/><V105/><F105/><W37/><G47/><T18/><D18/><U11/><E102/><V113/><F113/><W48/><G43/><T88/><REACH who="0" step="1"/><D39/><REACH who="0" ten="229,126,358,277" step="2"/><U123/><E123/><V74/><F74/><W23/><G37/><T70/><D70/><U86/><E107/><V112/><F112/><W116/><REACH who="3" step="1"/><G24/><REACH who="3" ten="229,126,358,267" step="2"/><T103/><D103/><U45/><REACH who="1" step="1"/><E65/><REACH who="1" ten="229,116,358,267" step="2"/><V66/><F64/><W63/><G63/><AGARI ba="0,3" hai="11,12,17,45,50,53,62,63,78,80,86,96,101,106" machi="63" ten="40,5200,0" yaku="1,1,2,1,52,1,53,0" doraHai="49" doraHaiUra="33" who="1" fromWho="3" sc="229,0,116,82,358,0,267,-52" /><INIT seed="7,0,0,3,3,109" ten="229,198,358,215" oya="3" hai0="49,115,29,132,40,79,101,76,73,96,67,123,99" hai1="84,7,92,2,26,81,20,110,64,11,70,71,57" hai2="3,127,4,133,128,53,113,17,90,51,85,12,36" hai3="118,39,59,120,60,134,16,1,117,74,48,18,23"/><W105/><G39/><T34/><D123/><U54/><E110/><V78/><F36/><W87/><G74/><T31/><D34/><U68/><E92/><V130/><F127/><W121/><G1/><T135/><D115/><U95/><E95/><V116/><F113/><W32/><G32/><T30/><D67/><U15/><E64/><V58/><F116/><W94/><G105/><N who="0" m="63655" /><D73/><U88/><E2/><V27/><F27/><W72/><G72/><T28/><D28/><U114/><E114/><V14/><F78/><W9/><G121/><T124/><D99/><U5/><E5/><V41/><F41/><W45/><G120/><T108/><D108/><U55/><REACH who="1" step="1"/><E57/><REACH who="1" ten="229,188,358,215" step="2"/><V75/><F58/><W97/><G118/><T98/><D98/><U22/><E22/><V69/><F4/><W100/><G117/><T91/><D135/><U106/><E106/><V93/><F93/><W77/><G134/><T119/><D132/><U66/><E66/><V102/><F3/><W129/><G129/><T6/><D6/><U33/><E33/><V13/><F133/><W8/><G8/><T122/><D119/><U25/><E25/><V35/><F35/><W80/><G9/><T21/><D21/><U61/><E61/><V19/><F130/><W42/><REACH who="3" step="1"/><G23/><REACH who="3" ten="229,188,358,205" step="2"/><T24/><D122/><U86/><E86/><V103/><F128/><W89/><G89/><T107/><D107/><U65/><E65/><AGARI ba="0,2" hai="16,18,42,45,48,59,60,65,77,80,87,94,97,100" machi="65" ten="30,11600,0" yaku="1,1,7,1,8,1,54,1,53,0" doraHai="109" doraHaiUra="131" who="3" fromWho="1" sc="229,0,188,-116,358,0,205,136" /><INIT seed="7,1,0,4,0,65" ten="229,72,358,341" oya="3" hai0="12,31,38,115,13,43,101,53,39,94,113,47,60" hai1="27,7,69,11,83,92,89,15,105,20,22,98,55" hai2="68,75,95,36,16,66,88,134,44,96,30,61,9" hai3="18,64,24,77,133,63,119,32,125,45,91,19,71"/><W46/><G119/><T34/><D39/><U17/><E105/><V0/><F75/><W41/><G133/><T123/><D123/><U100/><E83/><V82/><F134/><W72/><G125/><T49/><D34/><U59/><E22/><V97/><F30/><W99/><G77/><T102/><D31/><U58/><E58/><V90/><F36/><W111/><G72/><T112/><D60/><U70/><E100/><N who="0" m="38505" /><D94/><U50/><REACH who="1" step="1"/><E50/><REACH who="1" ten="229,62,358,341" step="2"/><V128/><F95/><W121/><G121/><T6/><D49/><U40/><E40/><V35/><F35/><W117/><G117/><T57/><D57/><U85/><E85/><V107/><F107/><W87/><G111/><T114/><D43/><U103/><E103/><V129/><F96/><W4/><G99/><T74/><D115/><U93/><E93/><V37/><F97/><W14/><G4/><T28/><D6/><U10/><E10/><V131/><F37/><W54/><G54/><T29/><D38/><U109/><E109/><V130/><F130/><W126/><G126/><T33/><D53/><U21/><E21/><V1/><F9/><N who="3" m="6479" /><G41/><T79/><D33/><U132/><E132/><V62/><F131/><W120/><G120/><T56/><D114/><U73/><E73/><V5/><F129/><W2/><G2/><T80/><D113/><U122/><E122/><V81/><F128/><W25/><G19/><T86/><D112/><U124/><E124/><V48/><F5/><W67/><G67/><T42/><D74/><U116/><E116/><V106/><F16/><W110/><G110/><T78/><D42/><RYUUKYOKU ba="1,1" sc="229,-10,62,30,358,-10,341,-10" hai1="7,11,15,17,20,27,55,59,69,70,89,92,98" owari="219,-18.0,92,-41.0,358,46.0,331,13.0" /></mjloggm>