<mjloggm ver="2.3"><GO type="169" lobby="0"/><UN n0="%E3%81%9F%E3%81%84%E3%81%9B" n1="%39%2D%62%61%79" n2="%E9%9B%A3%E6%94%BB%E4%B8%8D%E8%90%BD%E3%81%AE%E9%89%84%E9%A8%8E%E5%85%B5" n3="%E3%81%A9%E3%81%A9%E3%81%84%E3%81%A4" dan="17,16,16,17" rate="2227.99,2096.46,2113.80,2185.32" sx="F,M,M,M"/><TAIKYOKU oya="0"/><INIT seed="0,0,0,2,3,4" ten="250,250,250,250" oya="0" hai0="117,58,20,118,5,86,45,27,0,127,59,56,24" hai1="126,82,116,78,101,133,111,132,30,60,81,29,121" hai2="9,31,96,6,97,3,83,22,109,88,74,33,62" hai3="54,122,21,67,57,75,135,92,107,99,76,42,17"/><T120/><D120/><U87/><E121/><V8/><F109/><W90/><G122/><T104/><D104/><U130/><E116/><V37/><F37/><W106/><G135/><T25/><D127/><U113/><E111/><V39/><F39/><W46/><G67/><T125/><D125/><U98/><E126/><V28/><F74/><W41/><G76/><T15/><D0/><U49/><E82/><V102/><F33/><W80/><G80/><T19/><D118/><U35/><E113/><V55/><F3/><W16/><G75/><T26/><D117/><U115/><E115/><V72/><F72/><W119/><G119/><T89/><D45/><U123/><E123/><V73/><F73/><W110/><G110/><T105/><D105/><U94/><E130/><V34/><F34/><W84/><G17/><T85/><REACH who="0" step="1"/><D89/><REACH who="0" ten="240,250,250,250" step="2"/><U51/><E133/><V38/><F88/><W7/><G107/><T36/><D36/><U129/><E129/><V112/><F38/><W66/><G106/><T13/><D13/><U68/><E132/><V61/><F112/><W93/><G46/><T32/><D32/><U95/><E35/><V63/><F102/><W79/><G90/><T53/><D53/><U2/><E2/><V47/><F47/><W40/><G54/><T50/><D50/><U100/><E51/><V23/><F55/><W43/><G41/><T128/><D128/><U114/><E49/><V48/><F48/><W91/><G40/><T103/><D103/><U14/><E114/><V64/><F64/><W10/><G66/><T12/><D12/><U70/><E14/><RYUUKYOKU ba="0,1" sc="240,30,250,-10,250,-10,250,-10" hai0="5,15,19,20,24,25,26,27,56,58,59,85,86" /><INIT seed="0,1,1,0,3,80" ten="270,240,240,240" oya="0" hai0="10,0,88,5,53,104,119,62,11,122,54,107,111" hai1="98,120,89,60,3,45,117,63,46,66,59,101,56" hai2="29,78,26,1,50,47,85,116,135,127,121,68,20" hai3="96,33,129,84,108,28,8,109,7,41,4,130,124"/><T2/><D122/><U134/><E3/><V73/><F121/><W64/><G41/><T32/><D119/><U76/><E117/><V86/><F68/><W19/><G64/><T83/><D32/><U48/><E120/><V23/><F116/><W44/><G96/><T55/><D62/><U126/><E126/><V14/><F1/><W90/><G44/><T97/><D111/><N who="3" m="42569" /><G124/><T110/><D110/><U18/><E76/><V133/><F73/><W125/><G125/><T74/><D74/><U24/><E134/><N who="2" m="51211" /><F78/><W106/><G106/><T27/><D27/><U123/><E48/><V87/><F127/><W103/><G103/><T112/><D112/><U102/><E102/><V132/><N who="2" m="51219" /><V114/><DORA hai="35" /><F114/><W131/><G28/><T81/><D81/><U105/><E89/><V61/><F61/><W128/><G33/><T21/><D21/><U42/><E42/><N who="2" m="24951" /><F14/><N who="3" m="7623" /><G131/><T95/><REACH who="0" step="1"/><D83/><AGARI ba="1,1" hai="4,7,83,84,90,128,129,130" m="7623,42569" machi="83" ten="40,5200,0" yaku="19,1,14,1,52,1" doraHai="80,35" who="3" fromWho="0" sc="270,-55,240,0,240,0,240,65" /><INIT seed="1,0,0,1,3,54" ten="215,240,240,305" oya="1" hai0="80,64,97,22,102,73,122,15,36,18,23,93,29" hai1="83,94,96,49,0,133,135,114,47,27,120,110,128" hai2="8,60,58,57,88,89,14,46,76,69,16,121,113" hai3="40,70,6,2,31,30,13,61,28,103,53,21,105"/><U82/><E120/><V104/><F121/><W44/><G2/><T32/><D122/><U17/><E0/><V98/><F113/><W74/><G74/><T63/><D36/><U91/><E114/><V134/><F134/><N who="1" m="51209" /><E128/><V39/><F39/><W132/><G132/><T101/><D32/><U84/><E110/><V81/><F46/><W108/><G108/><T115/><D115/><U34/><E96/><V75/><F69/><W26/><G105/><T127/><D127/><U9/><E34/><V56/><REACH who="2" step="1"/><F60/><REACH who="2" ten="215,240,230,305" step="2"/><W90/><G61/><T129/><D129/><U38/><E38/><V52/><F52/><W86/><G53/><T37/><D37/><U20/><E9/><V92/><F92/><W5/><G70/><T55/><D55/><AGARI ba="0,1" hai="17,20,27,47,49,55,82,83,84,91,94" m="51209" machi="55" ten="30,1500,0" yaku="20,1" doraHai="54" who="1" fromWho="0" sc="215,-15,240,25,230,0,305,0" /><INIT seed="1,1,0,3,1,75" ten="200,265,230,305" oya="1" hai0="21,5,98,78,129,48,109,36,87,11,34,112,63" hai1="69,79,40,96,46,118,39,38,135,37,58,83,105" hai2="30,93,90,3,16,125,122,45,117,107,73,53,6" hai3="23,67,134,70,71,101,54,32,116,128,66,84,19"/><U55/><E69/><V29/><F117/><W131/><G32/><T77/><D36/><U65/><E65/><N who="3" m="24586" /><G116/><T12/><D34/><U100/><E118/><V18/><F73/><W20/><G101/><T15/><D112/><U120/><E135/><V92/><F107/><W124/><G134/><T51/><D109/><U22/><E22/><V44/><F122/><W14/><G124/><T114/><D114/><U74/><REACH who="1" step="1"/><E120/><REACH who="1" ten="200,255,230,305" step="2"/><V72/><F125/><W42/><G23/><T91/><D21/><U82/><E82/><V1/><F53/><W94/><G54/><T130/><D11/><U127/><E127/><V126/><F126/><W95/><G71/><T110/><D110/><U59/><E59/><V62/><F62/><AGARI ba="1,1" hai="37,38,39,40,46,55,58,62,74,79,83,96,100,105" machi="62" ten="30,11600,0" yaku="1,1,7,1,52,1,53,1" doraHai="75" doraHaiUra="49" who="1" fromWho="2" sc="200,0,255,129,230,-119,305,0" /><INIT seed="1,2,0,2,3,115" ten="200,384,111,305" oya="1" hai0="101,108,116,118,117,13,97,95,113,55,29,14,5" hai1="92,107,26,72,71,78,94,82,125,131,47,12,112" hai2="73,93,104,34,102,17,124,52,109,8,84,103,6" hai3="50,21,83,61,96,45,37,39,31,2,59,36,49"/><U67/><E112/><V134/><F73/><W121/><G2/><T40/><D113/><U68/><E107/><V44/><F34/><W132/><G121/><T19/><D29/><U38/><E131/><V99/><F109/><W0/><G0/><T120/><D108/><U133/><E133/><V126/><F134/><W127/><G132/><T18/><D40/><U81/><E125/><N who="2" m="48235" /><F17/><W63/><G127/><T80/><D120/><U74/><E26/><V70/><F70/><W10/><G10/><T129/><D129/><U100/><E12/><N who="2" m="5143" /><F84/><W35/><G35/><T76/><D55/><U89/><E100/><N who="2" m="60527" /><F104/><W110/><G110/><T4/><D14/><U88/><E67/><V27/><F27/><W64/><G96/><T77/><D18/><U123/><E123/><V135/><F135/><W57/><G31/><T25/><D25/><U7/><E7/><V20/><F20/><W3/><G21/><T51/><D51/><AGARI ba="2,0" hai="44,51,52,102,103" m="60527,5143,48235" machi="51" ten="30,2000,0" yaku="18,1,54,1" doraHai="115" who="2" fromWho="0" sc="200,-26,384,0,111,26,305,0" /><INIT seed="2,0,0,2,5,39" ten="174,384,137,305" oya="2" hai0="68,90,12,11,67,133,6,125,116,55,58,19,0" hai1="65,120,86,127,121,2,56,15,43,38,25,99,33" hai2="50,92,135,93,10,98,27,84,124,7,95,80,34" hai3="123,29,66,60,18,54,97,81,14,108,122,71,107"/><V37/><F124/><W85/><G108/><T119/><D125/><U45/><E2/><V5/><F135/><W74/><G74/><T57/><D133/><U78/><E127/><V105/><F37/><W75/><G75/><T96/><D68/><U131/><E131/><V109/><F109/><W46/><G29/><T110/><D110/><U83/><E99/><V128/><F128/><W102/><G46/><T21/><D67/><U126/><E126/><V42/><F105/><W35/><G54/><T49/><D57/><U61/><E15/><N who="2" m="5583" /><F34/><W101/><G101/><T117/><D96/><U106/><E106/><V113/><F27/><W31/><G31/><T28/><D28/><U76/><E76/><N who="2" m="46087" /><F7/><W87/><G87/><T94/><D94/><U103/><E103/><N who="2" m="60871" /><F113/><W70/><G35/><T62/><D90/><U112/><E112/><V47/><AGARI ba="0,0" hai="42,47,50,93,95" m="60871,46087,5583" machi="47" ten="30,6000,0" yaku="25,1,8,1,52,1" doraHai="39" who="2" fromWho="2" sc="174,-20,384,-20,137,60,305,-20" /><INIT seed="2,1,0,2,0,15" ten="154,364,197,285" oya="2" hai0="116,18,108,77,104,98,8,54,79,25,123,33,90" hai1="81,24,113,62,47,124,53,7,21,132,10,45,19" hai2="51,130,86,95,42,58,0,119,32,99,84,5,52" hai3="125,107,36,114,41,34,49,16,35,65,129,83,127"/><V55/><F119/><W30/><G107/><T6/><D123/><U88/><E113/><V121/><F32/><W3/><G3/><T57/><D116/><U28/><E132/><V120/><F130/><W50/><G129/><T110/><D33/><U103/><E103/><V37/><F37/><W23/><G114/><T134/><D134/><U135/><E124/><N who="3" m="47690" /><G65/><T39/><D39/><U87/><E135/><V71/><F71/><W92/><G83/><T2/><D104/><U74/><E74/><V106/><F106/><W61/><G61/><T67/><D67/><U56/><REACH who="1" step="1"/><E28/><REACH who="1" ten="154,354,197,285" step="2"/><V109/><F121/><W64/><G30/><T112/><D112/><U122/><E122/><V117/><F120/><W75/><G75/><T59/><D108/><U44/><E44/><V9/><F109/><W131/><G131/><T73/><D73/><U43/><E43/><V31/><F42/><W22/><G41/><T12/><D110/><U105/><E105/><V11/><F31/><W96/><G36/><T13/><D77/><U69/><E69/><V89/><F117/><W78/><G78/><T68/><D79/><U40/><E40/><V102/><F102/><W60/><G35/><T82/><D68/><U91/><E91/><V128/><F128/><W118/><G34/><T48/><D59/><U72/><E72/><V85/><F55/><W14/><G118/><T100/><D100/><U63/><E63/><V93/><F93/><W46/><G92/><N who="0" m="56599" /><D82/><U66/><E66/><V38/><F38/><W80/><G64/><T20/><D54/><U70/><E70/><V133/><F133/><RYUUKYOKU ba="1,1" sc="154,10,354,10,197,10,285,-30" hai0="2,6,8,12,13,18,20,25,48,57" hai1="7,10,19,21,24,45,47,53,56,62,81,87,88" hai2="0,5,9,11,51,52,58,84,85,86,89,95,99" /><INIT seed="2,2,1,5,2,17" ten="164,364,207,255" oya="2" hai0="49,55,65,2,129,42,32,105,79,53,94,95,118" hai1="93,88,43,63,85,127,76,74,113,61,134,82,99" hai2="46,48,18,66,38,68,4,78,89,75,57,40,0" hai3="27,91,5,80,20,126,84,62,28,83,13,34,15"/><V132/><F132/><W60/><G126/><T26/><D105/><U56/><E113/><V44/><F18/><W77/><G34/><T110/><D2/><U71/><E127/><V69/><F89/><W8/><REACH who="3" step="1"/><G15/><REACH who="3" ten="164,364,207,245" step="2"/><T120/><D32/><U100/><E134/><V109/><F109/><W86/><AGARI ba="2,2" hai="5,8,13,20,27,28,60,62,77,80,83,84,86,91" machi="86" ten="20,12000,2" yaku="1,1,2,1,0,1,7,1,8,1,52,1,53,0" doraHai="17" doraHaiUra="31" who="3" fromWho="3" sc="164,-32,364,-32,207,-62,245,146" /><INIT seed="3,0,0,0,3,22" ten="132,332,145,391" oya="3" hai0="43,116,56,6,30,21,109,92,28,131,93,47,73" hai1="18,31,105,83,46,32,101,41,85,9,82,123,110" hai2="49,132,58,37,59,45,76,27,63,40,103,5,16" hai3="3,134,135,57,119,97,66,74,133,121,50,17,122"/><W19/><G119/><T120/><D120/><U118/><E123/><N who="3" m="47114" /><G74/><T10/><D116/><U61/><E118/><V20/><F132/><W26/><G3/><T84/><D109/><U98/><E110/><V108/><F108/><W125/><G125/><T69/><D131/><U8/><E82/><V13/><F103/><W96/><G66/><T91/><D69/><U126/><E61/><V60/><F37/><W64/><G64/><T0/><D73/><U130/><E130/><V99/><F99/><N who="3" m="37963" /><G26/><T129/><D129/><U53/><E126/><V124/><F124/><W23/><G23/><T12/><D56/><N who="2" m="21546" /><F76/><W35/><G35/><T106/><D0/><U75/><E75/><V2/><F2/><W71/><G71/><T4/><D21/><U24/><E8/><AGARI ba="0,0" hai="5,8,13,16,20,27,40,45,49,60,63" m="21546" machi="8" ten="30,3900,0" yaku="8,1,52,1,54,1" doraHai="22" who="2" fromWho="1" sc="132,0,332,-39,145,39,391,0" /><INIT seed="4,0,0,3,1,82" ten="132,293,184,391" oya="0" hai0="110,33,126,41,122,67,123,16,74,134,97,63,54" hai1="19,44,22,13,27,35,102,36,104,61,7,86,120" hai2="38,5,1,124,130,81,57,58,3,50,55,25,15" hai3="40,95,2,42,17,132,127,10,56,91,46,119,85"/><T71/><D41/><U18/><E120/><V94/><F124/><W125/><G119/><T59/><D126/><N who="3" m="48137" /><G132/><T26/><D134/><U109/><E109/><V34/><F130/><W23/><G56/><T30/><D74/><U43/><E7/><V98/><F38/><W107/><G107/><T131/><D131/><U12/><E61/><V93/><F81/><W114/><G114/><T11/><D110/><U73/><E73/><V6/><F58/><W99/><G46/><T47/><D47/><U14/><E35/><V100/><F94/><N who="3" m="54639" /><G10/><T29/><D29/><U66/><E66/><V21/><F34/><W68/><G2/><T117/><D117/><U80/><E102/><V115/><F115/><W112/><G68/><T83/><D83/><U111/><E104/><V49/><F49/><W48/><G48/><T64/><D64/><U78/><REACH who="1" step="1"/><E111/><REACH who="1" ten="132,283,184,391" step="2"/><V65/><F65/><W87/><G112/><T135/><D135/><U31/><AGARI ba="0,1" hai="12,13,14,18,19,22,27,31,36,43,44,78,80,86" machi="31" ten="30,7900,0" yaku="1,1,2,1,0,1,52,1,53,0" doraHai="82" doraHaiUra="108" who="1" fromWho="1" sc="132,-39,283,89,184,-20,391,-20" /><INIT seed="5,0,0,4,1,82" ten="93,372,164,371" oya="1" hai0="37,73,15,57,50,10,45,46,110,101,40,134,16" hai1="68,94,116,92,95,84,53,103,8,119,11,135,96" hai2="9,77,22,75,115,60,25,47,74,13,72,99,32" hai3="54,5,71,23,67,125,56,19,122,97,4,33,31"/><U123/><E123/><V55/><F32/><W133/><G122/><T39/><D110/><U128/><E68/><V104/><F115/><W69/><G125/><T51/><D134/><U80/><E135/><V43/><F77/><W111/><G133/><T117/><D117/><U44/><E128/><V70/><F104/><W17/><G111/><T129/><D129/><U58/><E44/><V85/><F99/><W127/><G127/><T0/><D73/><U102/><E119/><V118/><F118/><W2/><G19/><T35/><D35/><U100/><E96/><V93/><F55/><W76/><G76/><T62/><D101/><U87/><E116/><V12/><F60/><W26/><G67/><T86/><D0/><U89/><REACH who="1" step="1"/><E87/><REACH who="1" ten="93,362,164,371" step="2"/><V113/><F70/><W6/><G97/><T38/><D86/><U107/><E107/><V28/><F113/><W59/><G71/><T120/><D120/><U49/><AGARI ba="0,1" hai="8,11,49,53,58,80,84,89,92,94,95,100,102,103" machi="49" ten="30,11700,0" yaku="1,1,0,1,8,1,52,1,53,0" doraHai="82" doraHaiUra="124" who="1" fromWho="1" sc="93,-39,362,127,164,-39,371,-39" /><INIT seed="5,1,0,4,5,119" ten="54,489,125,332" oya="1" hai0="82,80,42,25,39,5,104,75,68,77,35,89,40" hai1="50,48,6,99,122,118,19,34,81,83,86,65,96" hai2="43,16,24,55,134,47,14,85,133,109,102,36,125" hai3="15,73,90,98,2,12,52,46,71,27,92,4,69"/><U130/><E118/><V128/><F109/><W132/><G73/><T38/><D68/><U44/><E34/><V105/><F125/><W62/><G132/><N who="2" m="50793" /><F128/><W17/><G2/><T49/><D104/><U11/><E65/><V18/><F85/><W58/><G46/><T57/><D5/><U56/><E56/><V110/><F110/><W22/><G15/><T123/><D39/><U103/><E19/><V10/><F55/><W63/><G62/><T64/><D38/><U67/><E67/><V121/><F121/><W3/><G12/><T107/><D107/><U51/><E122/><V101/><F105/><W76/><G76/><T26/><D123/><U23/><E23/><AGARI ba="1,0" hai="10,14,16,18,23,24,36,43,47,101,102" m="50793" machi="23" ten="30,2000,0" yaku="20,1,54,1" doraHai="119" who="2" fromWho="1" sc="54,0,489,-23,125,23,332,0" /><INIT seed="6,0,0,0,5,48" ten="54,466,148,332" oya="2" hai0="111,64,118,59,54,60,30,45,89,62,44,113,72" hai1="74,119,87,63,29,101,83,12,75,91,134,38,9" hai2="66,69,26,94,68,126,57,6,35,23,109,135,77" hai3="70,49,130,79,82,2,39,110,86,127,122,132,103"/><V96/><F126/><W121/><G103/><T16/><D111/><U85/><E119/><V40/><F135/><W61/><G49/><T105/><D118/><U114/><E38/><V97/><F35/><W102/><G86/><T42/><D105/><U84/><E29/><V1/><F109/><W34/><G82/><T8/><D72/><U14/><E114/><V104/><F40/><W18/><G61/><T129/><D113/><U22/><E101/><V47/><F77/><W20/><G79/><T124/><D124/><U0/><E0/><V31/><F47/><W131/><G102/><T80/><D129/><N who="3" m="49161" /><G39/><T78/><D30/><U58/><E134/><V15/><F1/><W107/><G70/><T36/><D89/><U37/><E37/><V27/><F27/><N who="3" m="14743" /><G107/><T73/><D45/><U19/><E75/><V52/><F97/><W99/><G99/><T55/><REACH who="0" step="1"/><D60/><REACH who="0" ten="44,466,148,332" step="2"/><U92/><E74/><V93/><F104/><W56/><G110/><T4/><D4/><N who="1" m="3111" /><E83/><V11/><F6/><W17/><G127/><T46/><D46/><U32/><E32/><V71/><F31/><W95/><G34/><T120/><D120/><U13/><E91/><V128/><F128/><W21/><G121/><T10/><D10/><U106/><E106/><V90/><F11/><W7/><G122/><T81/><D81/><U5/><E5/><V51/><F90/><W108/><G7/><T41/><D41/><U50/><E92/><V24/><F94/><W123/><G95/><T133/><D133/><U88/><E88/><V3/><F93/><W117/><G132/><T112/><D112/><RYUUKYOKU ba="0,1" sc="44,30,466,-10,148,-10,332,-10" hai0="8,16,36,42,44,54,55,59,62,64,73,78,80" /><INIT seed="7,1,1,0,3,43" ten="74,456,138,322" oya="3" hai0="16,52,42,71,93,84,96,48,47,25,69,37,111" hai1="123,8,115,1,12,104,88,94,78,129,77,14,108" hai2="118,68,124,33,13,100,32,70,21,99,56,85,90" hai3="49,109,7,51,132,34,63,133,134,57,38,126,46"/><W114/><G34/><T72/><D72/><U55/><E104/><V39/><F39/><W4/><G114/><T36/><D111/><U76/><E108/><V110/><F110/><W135/><G109/><T22/><D84/><U106/><E106/><V112/><F124/><W92/><N who="3" m="33792" /><DORA hai="9" /><W103/><G126/><T27/><D27/><U24/><E123/><V61/><F68/><W23/><G38/><T82/><D82/><U19/><E129/><V128/><F70/><W44/><G23/><T89/><REACH who="0" step="1"/><D37/><REACH who="0" ten="64,456,138,322" step="2"/><U120/><E24/><V11/><F85/><W122/><G122/><T87/><D87/><N who="1" m="52511" /><E1/><V81/><F81/><W113/><G113/><T95/><D95/><U26/><E26/><V64/><F112/><W73/><G73/><T10/><D10/><U116/><E116/><V28/><F118/><W83/><G83/><T131/><D131/><U117/><E117/><V59/><F11/><W29/><G29/><T18/><D18/><U35/><E35/><V45/><F33/><W41/><G92/><T40/><D40/><U53/><E120/><V6/><F32/><W119/><G119/><T130/><D130/><U60/><E115/><V127/><F128/><W101/><G4/><T62/><D62/><U79/><E60/><V65/><F61/><W54/><REACH who="3" step="1"/><G7/><REACH who="3" ten="64,456,138,312" step="2"/><T66/><D66/><AGARI ba="1,3" hai="41,44,46,49,51,54,57,63,66,101,103" m="33792" machi="66" ten="70,12000,1" yaku="1,1,2,1,20,1,52,2,53,0" doraHai="43,9" doraHaiUra="105,91" who="3" fromWho="0" sc="64,-123,456,0,138,0,312,153" owari="-59,-56.0,456,26.0,138,-26.0,465,56.0" /></mjloggm>