<mjloggm ver="2.3"><GO type="169" lobby="0"/><UN n0="%E3%83%9F%E3%83%8D%E3%83%A9%E3%83%AB" n1="%42%41%52%34" n2="%E3%81%AF%E3%81%98%E3%81%BE%E3%82%8A%E8%8F%AF%E3%80%81" n3="%E7%84%A1%E7%AD%8B%E9%96%8B%E6%8B%93%E3%83%9E%E3%82%B7%E3%83%BC%E3%83%B3" dan="16,16,16,16" rate="2155.11,2118.97,2089.85,2104.56" sx="M,M,F,M"/><TAIKYOKU oya="0"/><INIT seed="0,0,0,3,1,132" ten="250,250,250,250" oya="0" hai0="84,125,26,2,9,46,103,29,69,105,6,11,54" hai1="33,131,80,12,119,35,1,95,89,121,13,129,45" hai2="25,4,8,31,15,100,104,117,111,27,67,24,135" hai3="16,73,85,79,7,21,91,38,112,23,114,64,107"/><T37/><D84/><U102/><E1/><V32/><F135/><W106/><G38/><T126/><D11/><U113/><E119/><V57/><F111/><W75/><G7/><T17/><D17/><U30/><E121/><V63/><F117/><W61/><G23/><T110/><D110/><U74/><E102/><V82/><F82/><W43/><G43/><N who="0" m="22895" /><D54/><U20/><E45/><V128/><F128/><N who="1" m="49225" /><E20/><V3/><F3/><W40/><G40/><T10/><D10/><U97/><E113/><V81/><F81/><W18/><G18/><T83/><D83/><U98/><E97/><V59/><F104/><W93/><G106/><T49/><D49/><U116/><E116/><V99/><F59/><W120/><G107/><T70/><D103/><U124/><E12/><V92/><AGARI ba="0,0" hai="4,8,15,24,25,27,31,32,57,63,67,92,99,100" machi="92" ten="20,1500,0" yaku="0,1,7,1" doraHai="132" who="2" fromWho="2" sc="250,-7,250,-4,250,15,250,-4" /><INIT seed="1,0,0,5,4,89" ten="243,246,265,246" oya="1" hai0="79,97,83,22,113,18,35,69,13,56,59,48,93" hai1="107,3,77,133,1,126,10,8,58,130,109,12,61" hai2="31,62,70,26,46,84,66,6,112,19,102,23,123" hai3="0,51,9,44,60,75,43,118,14,87,65,92,88"/><U71/><E107/><V32/><F123/><W103/><G75/><T119/><D69/><U34/><E71/><V129/><F129/><W36/><G118/><T29/><D119/><U37/><E37/><V101/><F112/><W132/><G132/><T106/><D106/><U57/><E77/><V72/><F72/><W27/><G0/><T124/><D124/><U67/><E34/><V47/><F84/><W28/><G103/><T95/><D113/><U42/><E42/><V115/><F115/><W110/><G110/><T111/><D111/><U24/><E24/><V50/><F6/><W74/><G74/><T78/><D97/><U39/><E39/><V55/><REACH who="2" step="1"/><F46/><REACH who="2" ten="243,246,255,246" step="2"/><W49/><G27/><AGARI ba="0,1" hai="19,23,26,27,31,32,47,50,55,62,66,70,101,102" machi="27" ten="30,3900,0" yaku="1,1,2,1,7,1,53,0" doraHai="89" doraHaiUra="85" who="2" fromWho="3" sc="243,0,246,0,255,49,246,-39" /><INIT seed="2,0,0,1,5,63" ten="243,246,304,207" oya="2" hai0="39,42,51,131,105,60,62,121,12,117,100,6,81" hai1="83,73,61,115,31,34,45,57,16,53,74,38,89" hai2="111,133,4,17,101,79,48,120,124,36,76,65,112" hai3="21,40,126,110,68,64,37,52,35,71,24,23,8"/><V58/><F112/><W14/><G37/><T109/><D81/><U97/><E34/><V54/><F120/><W104/><G104/><T49/><D6/><U19/><E31/><V87/><F133/><W108/><G40/><T84/><D84/><U85/><E115/><V72/><F124/><W91/><G71/><T135/><D12/><U66/><E97/><V50/><F36/><W129/><G35/><T122/><D100/><U32/><E32/><V90/><F101/><W55/><G91/><T88/><D88/><U13/><E19/><V77/><F4/><W69/><G69/><T46/><D105/><U11/><REACH who="1" step="1"/><E53/><REACH who="1" ten="243,236,304,207" step="2"/><V134/><F17/><W20/><G126/><T99/><D99/><U127/><E127/><V59/><F54/><W78/><G55/><T0/><D122/><U118/><E118/><V96/><F96/><W70/><G52/><T10/><D117/><U116/><E116/><V130/><F134/><W7/><G24/><T29/><D121/><U43/><AGARI ba="0,1" hai="11,13,16,38,43,45,57,61,66,73,74,83,85,89" machi="43" ten="30,7900,0" yaku="1,1,0,1,52,1,54,1,53,0" doraHai="63" doraHaiUra="75" who="1" fromWho="1" sc="243,-20,236,89,304,-39,207,-20" /><INIT seed="3,0,0,2,4,57" ten="223,325,265,187" oya="3" hai0="28,5,29,131,64,99,11,76,121,104,101,8,67" hai1="1,72,4,107,42,66,83,27,6,124,36,80,125" hai2="105,106,40,69,19,90,74,26,30,88,22,10,59" hai3="7,113,77,2,17,133,85,12,116,24,50,51,114"/><W78/><G24/><T75/><D121/><U62/><E107/><V92/><F69/><W135/><G7/><T70/><D131/><U95/><E95/><V79/><F40/><W52/><G2/><T60/><D11/><U103/><E103/><V44/><F44/><W37/><G37/><T68/><D76/><N who="1" m="44039" /><E83/><V14/><F90/><W53/><G116/><T3/><D75/><U18/><E42/><V87/><F79/><W110/><G110/><T94/><D94/><U41/><E41/><V56/><F74/><W34/><G34/><T134/><D134/><N who="3" m="51209" /><G77/><T111/><D111/><U132/><E36/><V81/><F81/><N who="3" m="47287" /><G51/><T58/><REACH who="0" step="1"/><D67/><REACH who="0" ten="213,325,265,187" step="2"/><U16/><E132/><V98/><F106/><W120/><G120/><T43/><D43/><U96/><E66/><V54/><F105/><W123/><G123/><T128/><D128/><U109/><E109/><V127/><F54/><N who="3" m="21099" /><G50/><T84/><D84/><U82/><E1/><V130/><F130/><W49/><G49/><T118/><D118/><U39/><E39/><V65/><F87/><W48/><G48/><T100/><D100/><U21/><E96/><V97/><F97/><W61/><G114/><T38/><D38/><U102/><E102/><V46/><F65/><W9/><G113/><T117/><D117/><U73/><E73/><V23/><F10/><W47/><G47/><T112/><D112/><U63/><E82/><V108/><F108/><W35/><G35/><T86/><D86/><U13/><E125/><V91/><F127/><W0/><G0/><T25/><D25/><U31/><E124/><V45/><F91/><RYUUKYOKU ba="0,1" sc="213,10,325,-30,265,10,187,10" hai0="3,5,8,28,29,58,60,64,68,70,99,101,104" hai2="14,19,22,23,26,30,45,46,56,59,88,92,98" hai3="9,12,17,61" /><INIT seed="3,1,1,0,4,59" ten="223,295,275,197" oya="3" hai0="12,56,109,47,9,118,116,107,84,111,120,15,80" hai1="68,37,100,134,75,71,86,30,14,65,106,2,69" hai2="90,57,63,4,122,124,52,53,117,48,45,77,83" hai3="36,8,26,104,78,40,92,70,132,33,20,85,23"/><W128/><G104/><T16/><D107/><U35/><E2/><V18/><F117/><W6/><G33/><T1/><D1/><U66/><E75/><V82/><F124/><W125/><G23/><T105/><D105/><U108/><E37/><V102/><F122/><W60/><G125/><T103/><D103/><U22/><E86/><V98/><F4/><W11/><G11/><T133/><D47/><U114/><E114/><V25/><F77/><W115/><G115/><T54/><D120/><U97/><E108/><N who="0" m="41545" /><D15/><U42/><E42/><V126/><F102/><W55/><G92/><T28/><D28/><U50/><E50/><V27/><F126/><W73/><G73/><T81/><D133/><U34/><E34/><V131/><F131/><W76/><G128/><T17/><D17/><U46/><E46/><V24/><F18/><W95/><G132/><T96/><D96/><U74/><E74/><V21/><F21/><W113/><G113/><T129/><D129/><U135/><E135/><V62/><F63/><W88/><G36/><T7/><D7/><U51/><E134/><V13/><F13/><N who="3" m="5271" /><G40/><T0/><D0/><U64/><E35/><V67/><F67/><W44/><G44/><T3/><D3/><U121/><E121/><V79/><F79/><W61/><G70/><T127/><D127/><U49/><E14/><V119/><F119/><N who="0" m="45610" /><D84/><U58/><E30/><V29/><F29/><N who="3" m="17607" /><G55/><T43/><D43/><U38/><E22/><V99/><F83/><W31/><G31/><T110/><N who="0" m="41553" /><T39/><DORA hai="87" /><D39/><U91/><E38/><V19/><F19/><RYUUKYOKU ba="1,1" sc="223,10,295,-30,275,10,197,10" hai0="9,12,16,54,56,80,81" hai2="24,25,27,45,48,52,53,57,62,82,90,98,99" hai3="60,61,76,78,85,88,95" /><INIT seed="3,2,1,2,5,68" ten="233,265,285,207" oya="3" hai0="47,108,62,31,39,26,112,133,15,114,71,107,111" hai1="96,24,69,78,87,64,13,135,38,127,118,14,22" hai2="102,7,92,91,27,2,9,134,4,129,63,84,67" hai3="36,46,50,28,122,124,3,82,61,34,51,17,85"/><W95/><G122/><T60/><D107/><U100/><E69/><V0/><F134/><W81/><G3/><T104/><D104/><U74/><E135/><V73/><F129/><W131/><G131/><T45/><D15/><U19/><E74/><V42/><F73/><W77/><G124/><T93/><D93/><U33/><E127/><V83/><F42/><W72/><G95/><T132/><D26/><U90/><E78/><V89/><F102/><W53/><G34/><T5/><D71/><U119/><E64/><V94/><F83/><W79/><G28/><T106/><D106/><N who="1" m="63751" /><E38/><V86/><F27/><W65/><G17/><T110/><D31/><U130/><E33/><V37/><F67/><W18/><G18/><T48/><D5/><U10/><E10/><V1/><F63/><W101/><G101/><T98/><D98/><U54/><E54/><V76/><F76/><W117/><G50/><T16/><D16/><U57/><E57/><V120/><F0/><W59/><REACH who="3" step="1"/><G117/><REACH who="3" ten="233,265,285,197" step="2"/><N who="1" m="44554" /><E130/><V49/><F49/><W125/><G125/><T109/><D109/><U99/><E99/><V25/><F120/><W115/><G115/><N who="0" m="44075" /><D133/><U12/><E14/><V116/><F116/><W21/><G21/><T52/><D132/><U32/><E32/><V55/><F25/><W11/><G11/><T20/><D20/><U6/><E6/><V75/><F9/><W126/><G126/><T40/><AGARI ba="2,2" hai="39,40,45,47,48,52,60,62,108,110,111" m="44075" machi="40" ten="40,12000,2" yaku="14,1,11,1,34,2,52,1,54,1" doraHai="68" who="0" fromWho="0" sc="233,146,265,-32,285,-32,197,-62" /><INIT seed="4,0,0,1,3,122" ten="379,233,253,135" oya="0" hai0="99,25,111,20,82,40,22,46,38,97,71,6,129" hai1="42,78,120,106,54,124,32,118,4,53,64,7,74" hai2="18,98,85,126,56,79,10,90,100,76,65,101,19" hai3="93,84,26,130,72,95,60,52,28,103,50,116,92"/><T75/><D129/><U27/><E106/><V104/><F126/><W109/><G72/><T69/><D6/><U113/><E120/><V133/><F133/><W16/><G130/><T70/><D111/><U131/><E131/><V47/><F101/><W23/><G116/><T119/><D119/><U63/><E118/><V135/><F135/><W127/><G127/><T30/><REACH who="0" step="1"/><D22/><REACH who="0" ten="369,233,253,135" step="2"/><U86/><E124/><V102/><F10/><W2/><G109/><T105/><D105/><U110/><E4/><V17/><F104/><W8/><G60/><T83/><D83/><U59/><E7/><V107/><F107/><W125/><G125/><T134/><D134/><U80/><E110/><V88/><F102/><W35/><G2/><T73/><D73/><U12/><E80/><V33/><F100/><W48/><G48/><T61/><D61/><U123/><E63/><V67/><F33/><W87/><G103/><T11/><D11/><U81/><E81/><V62/><F67/><W51/><G51/><T21/><D21/><U31/><E64/><V94/><F47/><W13/><REACH who="3" step="1"/><G35/><REACH who="3" ten="369,233,253,125" step="2"/><T45/><D45/><AGARI ba="0,2" hai="8,13,16,23,26,28,45,50,52,84,87,92,93,95" machi="45" ten="40,8000,1" yaku="1,1,2,1,8,1,54,2,53,0" doraHai="122" doraHaiUra="114" who="3" fromWho="0" sc="369,-80,233,0,253,0,125,100" /><INIT seed="5,0,0,2,2,26" ten="289,233,253,225" oya="1" hai0="121,112,28,65,132,128,123,115,92,84,15,12,18" hai1="135,67,38,104,51,82,29,23,62,133,6,22,41" hai2="64,113,74,89,10,19,119,43,39,66,30,90,50" hai3="122,71,98,134,117,95,85,78,70,72,45,83,103"/><U97/><E38/><V76/><F119/><W91/><G134/><N who="1" m="51210" /><E6/><V57/><F39/><W27/><G122/><N who="0" m="46603" /><D65/><U94/><E104/><V2/><F76/><W125/><G125/><T130/><D132/><U37/><E37/><V56/><F74/><W58/><G117/><T124/><D124/><U129/><E82/><V48/><F19/><W47/><G58/><T36/><D36/><U17/><E17/><V75/><F10/><W32/><G70/><T81/><D92/><U101/><E29/><V34/><F34/><W5/><G5/><T63/><D28/><U99/><E99/><V100/><F30/><N who="3" m="19551" /><G71/><T59/><D18/><U40/><E129/><N who="0" m="49769" /><D15/><U3/><E3/><V11/><F2/><W42/><G42/><N who="1" m="16490" /><E51/><V60/><F48/><W107/><AGARI ba="0,0" hai="45,47,72,78,83,85,91,95,98,103,107" m="19551" machi="107" ten="30,2000,0" yaku="24,1,52,1" doraHai="26" who="3" fromWho="3" sc="289,-5,233,-10,253,-5,225,20" /><INIT seed="6,0,0,1,2,19" ten="284,223,248,245" oya="2" hai0="12,52,22,81,121,109,47,110,24,106,42,14,44" hai1="103,69,58,105,125,18,126,104,132,130,116,27,102" hai2="123,78,40,17,92,112,57,96,86,68,23,91,71" hai3="9,95,135,53,56,29,88,43,64,21,90,113,39"/><V55/><F112/><W26/><G113/><T66/><D66/><U100/><E69/><V129/><F129/><W94/><G135/><T111/><D106/><N who="1" m="41067" /><E58/><V119/><F119/><W82/><G82/><T98/><D121/><U28/><E18/><V13/><F123/><W50/><G64/><T128/><D128/><U63/><E63/><V89/><F40/><W11/><G39/><T76/><D47/><U60/><E60/><V15/><F78/><W46/><G43/><T108/><D108/><U48/><E48/><V5/><F5/><W49/><G49/><T3/><D52/><U74/><E130/><V114/><F114/><W75/><G75/><T133/><D3/><U70/><E74/><V38/><F13/><W122/><G46/><T85/><D133/><U77/><E77/><V83/><REACH who="2" step="1"/><F38/><REACH who="2" ten="284,223,238,245" step="2"/><W93/><G122/><T80/><D12/><U16/><E116/><V37/><F37/><W97/><REACH who="3" step="1"/><G95/><REACH who="3" ten="284,223,238,235" step="2"/><T72/><D111/><U84/><E132/><V45/><F45/><W10/><G10/><T7/><D110/><U2/><E126/><V120/><F120/><W73/><G73/><T79/><D109/><U134/><E125/><V4/><F4/><W118/><G118/><T99/><D44/><U67/><E134/><V0/><F0/><W51/><G51/><AGARI ba="0,2" hai="15,17,23,51,55,57,68,71,83,86,89,91,92,96" machi="51" ten="30,5800,0" yaku="1,1,7,1,52,1,53,0" doraHai="19" doraHaiUra="59" who="2" fromWho="3" sc="284,0,223,0,238,78,235,-58" /><INIT seed="6,1,0,2,2,54" ten="284,223,316,177" oya="2" hai0="81,63,134,41,14,11,103,129,58,60,99,83,88" hai1="35,25,24,115,75,13,94,34,130,79,18,43,7" hai2="2,38,89,37,86,105,52,30,36,98,90,39,50" hai3="82,73,113,74,117,126,100,120,102,111,10,28,8"/><V49/><F2/><W131/><G28/><T116/><D129/><U91/><E75/><N who="3" m="28682" /><G10/><T122/><D134/><U96/><E79/><V119/><F119/><W19/><G19/><T4/><D122/><U1/><E115/><V55/><N who="2" m="9216" /><DORA hai="27" /><V5/><F5/><W51/><G51/><T59/><D116/><U20/><E43/><V76/><F30/><W68/><G8/><T40/><D103/><N who="3" m="39465" /><G68/><T118/><D118/><U15/><E130/><V112/><F105/><W67/><G67/><N who="0" m="39319" /><D41/><U44/><E44/><V123/><F123/><W121/><G117/><T29/><D29/><U84/><E96/><V45/><F98/><W95/><G131/><T125/><D125/><U56/><E1/><V124/><F124/><W22/><G22/><T6/><D40/><U78/><E78/><V77/><F77/><W127/><G95/><N who="0" m="56807" /><D6/><U107/><E107/><V97/><F55/><AGARI ba="1,0" hai="4,11,14,55,59,63,81,83" m="56807,39319" machi="55" ten="30,7700,0" yaku="8,1,52,2,54,1" doraHai="54,27" who="0" fromWho="2" sc="284,80,223,0,316,-80,177,0" /><INIT seed="7,0,0,1,3,38" ten="364,223,236,177" oya="3" hai0="11,89,4,129,134,121,117,40,126,54,30,27,14" hai1="76,97,47,19,131,96,113,124,135,24,10,35,115" hai2="5,80,95,87,39,86,112,49,104,52,78,69,77" hai3="32,34,9,22,127,123,108,120,71,57,82,73,75"/><W56/><G127/><T1/><D126/><U85/><E124/><V109/><F109/><W99/><G9/><T59/><D117/><U66/><E131/><V81/><F112/><N who="1" m="43081" /><E135/><V26/><F104/><W72/><G82/><T46/><D121/><N who="3" m="46665" /><G99/><T33/><D134/><U6/><E66/><V53/><F69/><W92/><G92/><T106/><D106/><U58/><E58/><N who="3" m="22634" /><G22/><T8/><D11/><U90/><E47/><N who="2" m="27711" /><F95/><W102/><G71/><T101/><D8/><U29/><E19/><V100/><F5/><W98/><G98/><T67/><D4/><U44/><E44/><V125/><F100/><W16/><G16/><T128/><D46/><U28/><E28/><V91/><F78/><W65/><G102/><T7/><D101/><U114/><N who="1" m="43089" /><U3/><DORA hai="36" /><E76/><V132/><F125/><W61/><G108/><T51/><D7/><U2/><E2/><V41/><F132/><W25/><G25/><T79/><D1/><U107/><E107/><V45/><F26/><W133/><G133/><T21/><D27/><U119/><E119/><V42/><F39/><W68/><G68/><T23/><D23/><U118/><E118/><V88/><F77/><W13/><G13/><T130/><D14/><U18/><E18/><V55/><F81/><AGARI ba="0,0" hai="3,6,10,24,29,35,81,85,90,96,97" m="43089" machi="81" ten="40,1300,0" yaku="15,1" doraHai="38,36" who="1" fromWho="2" sc="364,0,223,13,236,-13,177,0" owari="364,46.0,236,4.0,223,-18.0,177,-32.0" /></mjloggm>