<mjloggm ver="2.3"><GO type="169" lobby="0"/><UN n0="%28%E6%A0%97%E7%94%B0%E6%81%AD%E5%AE%8F%29" n1="%E7%84%A1%E7%AD%8B%E9%96%8B%E6%8B%93%E3%83%9E%E3%82%B7%E3%83%BC%E3%83%B3" n2="%E8%97%A4%E5%8E%9F%E3%81%98%E3%82%85%E3%82%8A" n3="%E3%81%BF%E3%83%BC%E3%81%94%E3%81%BE" dan="16,16,16,17" rate="2199.55,2081.89,2077.09,2149.89" sx="F,M,M,M"/><TAIKYOKU oya="0"/><INIT seed="0,0,0,3,4,111" ten="250,250,250,250" oya="0" hai0="86,91,97,17,48,67,41,63,24,59,54,5,121" hai1="8,22,70,45,129,40,102,52,27,98,3,95,30" hai2="64,0,15,14,58,73,20,76,44,69,39,110,105" hai3="6,71,130,106,126,47,87,122,120,118,4,31,2"/><T127/><D121/><U36/><E129/><V12/><F110/><W49/><G106/><T25/><D127/><U13/><E70/><V79/><F105/><W99/><G71/><T100/><D41/><U18/><E3/><V93/><F69/><W115/><G118/><T119/><D119/><U57/><E8/><V55/><F64/><W131/><G126/><T19/><D5/><U33/><E33/><V94/><F0/><W35/><G99/><T43/><D43/><U16/><REACH who="1" step="1"/><E13/><REACH who="1" ten="250,240,250,250" step="2"/><V83/><F14/><W80/><G2/><T90/><D25/><U116/><E116/><V112/><F12/><W101/><G131/><T37/><D24/><U89/><E89/><V96/><F15/><W135/><G130/><T50/><D90/><U65/><E65/><V29/><F20/><W132/><G35/><T74/><D67/><U72/><E72/><V56/><F73/><W85/><G122/><T81/><D74/><U32/><E32/><V117/><F117/><W53/><G120/><T42/><D91/><U125/><E125/><V34/><F34/><W60/><G135/><T68/><D68/><U1/><E1/><V133/><F133/><W61/><G132/><T113/><D100/><U114/><E114/><V104/><F112/><W26/><G115/><T75/><D75/><U124/><E124/><V107/><F79/><W123/><G101/><T108/><D113/><U28/><E28/><V128/><F29/><W9/><G123/><T88/><D88/><U46/><E46/><V134/><F44/><N who="3" m="27815" /><G31/><T92/><D17/><U109/><E109/><V23/><F128/><RYUUKYOKU ba="0,1" sc="250,-10,240,30,250,-10,250,-10" hai1="16,18,22,27,30,36,40,45,52,57,95,98,102" /><INIT seed="1,1,1,1,2,31" ten="240,270,240,240" oya="1" hai0="109,88,101,41,108,72,49,92,24,61,66,71,37" hai1="67,16,122,4,44,90,133,93,57,113,58,120,17" hai2="30,68,19,86,104,102,115,39,107,128,60,35,118" hai3="14,89,95,48,52,47,3,110,20,13,124,117,43"/><U2/><E113/><V94/><F118/><W100/><G3/><T56/><D72/><U96/><E133/><V11/><F39/><W5/><G117/><T34/><D101/><U9/><E44/><V29/><F115/><W80/><G124/><T26/><D37/><U15/><E67/><V70/><F128/><W97/><G110/><N who="0" m="42603" /><D34/><U84/><E96/><V85/><F19/><W7/><G43/><T21/><D21/><U75/><E75/><V123/><F11/><W99/><G80/><T127/><D127/><U27/><E27/><V79/><F94/><W105/><REACH who="3" step="1"/><G20/><REACH who="3" ten="240,270,240,230" step="2"/><T6/><D41/><U25/><E25/><V98/><F123/><W91/><G91/><T135/><D135/><U46/><E122/><V38/><F79/><W82/><G82/><T103/><D103/><U28/><E120/><V126/><F126/><W83/><G83/><T18/><D26/><U131/><E131/><V125/><F102/><W76/><G76/><T55/><D24/><U87/><E28/><V59/><F29/><W50/><G50/><T114/><D114/><U12/><E2/><V81/><F81/><W10/><G10/><T1/><D1/><U62/><E9/><V45/><F125/><W111/><G111/><T32/><D32/><U40/><E40/><N who="2" m="22679" /><F35/><W33/><G33/><T22/><D22/><U78/><E78/><V69/><F30/><W0/><G0/><T116/><D116/><U119/><E119/><V132/><F132/><W64/><G64/><T63/><D49/><U74/><E90/><V130/><F130/><W121/><G121/><T36/><D36/><RYUUKYOKU ba="1,2" sc="240,-10,270,-10,240,-10,230,30" hai3="5,7,13,14,47,48,52,89,95,97,99,100,105" /><INIT seed="2,2,2,1,3,93" ten="230,260,230,260" oya="2" hai0="95,75,8,58,81,17,135,94,126,62,9,6,103" hai1="55,46,72,29,130,49,40,35,16,110,50,64,134" hai2="113,43,117,71,54,34,66,87,41,86,70,121,44" hai3="131,78,61,19,97,105,114,85,106,92,96,99,104"/><V18/><F34/><W52/><G131/><T90/><D126/><U67/><E72/><V57/><F113/><W4/><G114/><T27/><D135/><U23/><E110/><V10/><F117/><W74/><G74/><T15/><D75/><U111/><E111/><V48/><F121/><W125/><G125/><T83/><D103/><U45/><E134/><V108/><F108/><W63/><G4/><T109/><D109/><U119/><E119/><V36/><F41/><W122/><G122/><T14/><D27/><U53/><E130/><V7/><F18/><W59/><G19/><T28/><D28/><U37/><E29/><V77/><F77/><W25/><G25/><T39/><D39/><U24/><REACH who="1" step="1"/><E35/><REACH who="1" ten="230,250,230,260" step="2"/><V22/><F22/><W120/><G120/><T47/><D47/><AGARI ba="2,3" hai="16,23,24,37,40,45,46,47,49,50,53,55,64,67" machi="47" ten="30,8000,1" yaku="1,1,2,1,7,1,9,1,54,1,53,0" doraHai="93" doraHaiUra="129" who="1" fromWho="0" sc="230,-86,250,116,230,0,260,0" /><INIT seed="3,0,0,0,5,86" ten="144,366,230,260" oya="3" hai0="95,98,82,57,41,17,130,66,42,92,93,80,107" hai1="65,54,53,35,110,56,115,125,108,83,103,18,71" hai2="24,12,68,134,132,26,14,77,91,74,63,45,58" hai3="60,106,4,19,2,8,122,120,124,27,94,13,88"/><W50/><G106/><T32/><D32/><U111/><E35/><V114/><F114/><W78/><G124/><T11/><D130/><U127/><E115/><V128/><F68/><W30/><G78/><T64/><D107/><U46/><E83/><N who="0" m="31785" /><D98/><U51/><E103/><V101/><F101/><W44/><G60/><N who="0" m="38159" /><D64/><U40/><E18/><V5/><F77/><W6/><G122/><T31/><D31/><U116/><E116/><V52/><F74/><W97/><G120/><T0/><D0/><U105/><E105/><V10/><F128/><W48/><G2/><T39/><D39/><U126/><E71/><V109/><F109/><W72/><G72/><T100/><D100/><U76/><E76/><V89/><F45/><W121/><G121/><T1/><D1/><U119/><E119/><V84/><F14/><AGARI ba="0,0" hai="11,14,17,41,42,92,93,95" m="38159,31785" machi="14" ten="30,1000,0" yaku="8,1" doraHai="86" who="0" fromWho="2" sc="144,10,366,0,230,-10,260,0" /><INIT seed="4,0,0,4,0,131" ten="154,366,220,260" oya="0" hai0="60,66,11,123,64,24,72,134,127,40,50,97,126" hai1="130,67,100,74,42,12,45,96,34,17,132,113,56" hai2="73,27,31,6,98,89,116,10,115,15,35,78,79" hai3="41,107,105,46,71,44,23,29,62,110,77,88,61"/><T92/><D123/><U75/><E113/><V125/><F115/><W118/><G110/><T22/><D72/><U9/><E34/><V32/><F125/><N who="0" m="47626" /><D134/><U3/><E3/><V63/><F116/><W39/><G118/><T111/><D111/><U51/><E130/><V104/><F35/><W109/><G109/><T26/><D11/><U28/><E28/><V70/><F73/><W4/><G4/><T30/><D24/><U59/><E59/><V114/><F89/><W52/><G77/><T94/><D94/><U37/><E132/><V25/><F25/><W1/><G1/><T121/><D121/><U117/><E117/><V87/><F87/><W124/><G124/><T119/><D119/><U18/><E18/><V135/><F135/><W2/><G2/><T85/><D85/><U16/><E17/><V102/><REACH who="2" step="1"/><F114/><REACH who="2" ten="154,366,210,260" step="2"/><W128/><G128/><T93/><D97/><U122/><E122/><V81/><F81/><W54/><G88/><T21/><D21/><U0/><E74/><V33/><F33/><W69/><G23/><T14/><D14/><U112/><E75/><V108/><F108/><W99/><G99/><T133/><D133/><U13/><E112/><V20/><F20/><W58/><G29/><T76/><D76/><U38/><E12/><V5/><F5/><W80/><G80/><T49/><D22/><U129/><E129/><V82/><F82/><W8/><G8/><T55/><D30/><U36/><E0/><V86/><F86/><W47/><G107/><T53/><D26/><U83/><E83/><V103/><F103/><W84/><G105/><RYUUKYOKU ba="0,1" sc="154,-10,366,-10,210,30,260,-10" hai2="6,10,15,27,31,32,63,70,78,79,98,102,104" /><INIT seed="5,1,1,5,3,85" ten="144,356,240,250" oya="1" hai0="61,94,126,9,37,59,55,125,36,104,23,35,24" hai1="63,18,130,70,80,108,88,1,2,17,103,121,84" hai2="47,60,14,29,45,71,112,31,109,56,92,78,114" hai3="68,46,0,69,129,106,123,73,95,3,39,13,8"/><U58/><E121/><V5/><F109/><W90/><G123/><T100/><D104/><U116/><E116/><V21/><F71/><W25/><G106/><T105/><D105/><U53/><E108/><V134/><F134/><W124/><G73/><T120/><D120/><U98/><E130/><V15/><F78/><W12/><G129/><T87/><D35/><U77/><E70/><V79/><F79/><W7/><G124/><N who="0" m="47723" /><D9/><U50/><E50/><V96/><F5/><W107/><G107/><T122/><D122/><U51/><E51/><V62/><F21/><W19/><G25/><T16/><D100/><U110/><E110/><V127/><F127/><W91/><G0/><T52/><D55/><U10/><E103/><V44/><F15/><W28/><G13/><T26/><D26/><U93/><REACH who="1" step="1"/><E1/><REACH who="1" ten="144,346,240,250" step="2"/><V6/><F62/><W38/><G3/><T40/><D40/><U22/><E22/><V111/><F60/><W99/><G38/><T76/><D76/><U20/><E20/><V48/><F111/><W113/><G39/><T67/><D67/><U32/><E32/><V54/><F112/><W89/><G68/><T30/><D30/><U57/><E57/><V43/><F43/><W118/><G69/><T75/><D75/><U11/><E11/><N who="2" m="4471" /><F114/><W97/><G28/><T33/><D33/><U42/><E42/><V131/><F131/><W72/><G113/><T86/><D86/><U4/><AGARI ba="1,2" hai="2,4,10,17,18,53,58,63,77,80,84,88,93,98" machi="4" ten="30,11700,0" yaku="1,1,0,1,52,1,54,1,53,0" doraHai="85" doraHaiUra="27" who="1" fromWho="1" sc="144,-40,346,140,240,-40,250,-40" /><INIT seed="5,2,0,4,5,98" ten="104,486,200,210" oya="1" hai0="58,99,93,24,65,63,50,90,121,35,18,20,129" hai1="60,6,123,1,32,81,100,37,26,21,111,74,45" hai2="68,57,133,79,118,17,56,51,103,117,13,80,2" hai3="25,109,12,38,119,31,19,92,135,127,75,102,112"/><U85/><E123/><V62/><F2/><W22/><G38/><T28/><D129/><U83/><E32/><V33/><F33/><W10/><G75/><T86/><D121/><U108/><E60/><V114/><F133/><W48/><G109/><T78/><D35/><U15/><E15/><V94/><F68/><W95/><G135/><T41/><D41/><U5/><E5/><V128/><F128/><W53/><G112/><T132/><D132/><U113/><E113/><V64/><F56/><W134/><G134/><T124/><D124/><U40/><E21/><V27/><F27/><W106/><G127/><T107/><D50/><U130/><E26/><V30/><F30/><W9/><G119/><T29/><D107/><U34/><E34/><V88/><F51/><W59/><G106/><T69/><D69/><U91/><E130/><V44/><F44/><W11/><G102/><T0/><D0/><U116/><E100/><V101/><F114/><W52/><G53/><T120/><REACH who="0" step="1"/><D120/><REACH who="0" ten="94,486,200,210" step="2"/><U77/><E116/><V72/><F117/><W43/><G43/><T87/><D87/><U47/><E111/><V7/><F118/><W89/><G95/><T115/><D115/><U14/><E108/><V76/><F94/><W23/><G23/><T39/><D39/><U4/><E1/><V67/><F72/><W49/><G48/><T131/><D131/><U55/><E14/><V42/><F42/><W8/><G22/><T70/><D70/><U73/><E73/><V82/><F13/><W36/><G12/><T96/><D96/><U66/><E37/><V46/><F46/><RYUUKYOKU ba="2,1" sc="94,30,486,-10,200,-10,210,-10" hai0="18,20,24,28,29,58,63,65,78,86,90,93,99" /><INIT seed="6,3,1,3,5,61" ten="124,476,190,200" oya="2" hai0="54,90,100,27,86,36,98,108,105,0,5,3,48" hai1="122,113,32,33,130,7,120,131,55,128,6,40,109" hai2="46,24,20,52,41,53,57,72,74,62,12,42,43" hai3="8,73,23,4,80,102,15,1,114,70,104,78,111"/><V64/><F72/><W75/><G111/><T97/><D108/><U14/><E55/><V67/><F74/><W121/><G121/><N who="1" m="46698" /><E40/><V45/><F12/><W92/><G104/><T107/><D36/><U96/><E96/><V25/><F25/><W103/><G73/><T51/><D27/><U47/><E47/><N who="2" m="17931" /><F53/><W81/><G70/><T129/><D129/><U59/><E59/><V9/><F9/><W119/><G1/><T63/><D63/><U99/><E99/><V76/><F76/><W116/><G78/><T37/><D37/><U87/><E87/><V112/><F112/><W58/><G114/><T39/><D39/><U79/><E79/><V118/><F118/><W89/><G75/><T19/><D19/><AGARI ba="3,1" hai="19,20,24,41,42,43,52,57,62,64,67" m="17931" machi="19" ten="30,11600,0" yaku="8,1,52,2,54,1" doraHai="61" who="2" fromWho="0" sc="124,-125,476,0,190,135,200,0" owari="-1,-50.0,476,57.0,325,13.0,200,-20.0" /></mjloggm>