<mjloggm ver="2.3"><GO type="169" lobby="0"/><UN n0="%64%72%61%65%74%63" n1="%E7%B4%AB%E3%81%AE%E9%8F%A1" n2="%E3%83%A4%E3%83%8A%E3%83%AA%E3%83%B3%E3%82%B9%E3%82%AD%E3%83%BC" n3="%E3%82%AC%E3%83%83%E3%83%84%E3%83%A1%E3%82%A4%E3%82%B7" dan="16,18,17,16" rate="2066.58,2317.50,2126.94,2108.68" sx="M,M,M,M"/><TAIKYOKU oya="0"/><INIT seed="0,0,0,2,3,120" ten="250,250,250,250" oya="0" hai0="108,22,104,109,13,83,68,5,56,32,8,24,129" hai1="53,47,76,105,118,99,100,49,111,123,64,19,133" hai2="124,66,96,17,28,94,80,0,42,75,131,115,90" hai3="77,48,26,135,40,67,16,62,71,125,11,12,25"/><T78/><D104/><U41/><E123/><V106/><F115/><W82/><G125/><T84/><D68/><U93/><E118/><V31/><F124/><W65/><G65/><T86/><D129/><U10/><E133/><V15/><F0/><W91/><G135/><T134/><D134/><U88/><E64/><V60/><F131/><W87/><G40/><T59/><D32/><U92/><E76/><V73/><F106/><W126/><G126/><T116/><D86/><U20/><E10/><V45/><F31/><W72/><REACH who="3" step="1"/><G48/><REACH who="3" ten="250,250,250,240" step="2"/><T112/><D112/><U30/><E41/><V132/><F132/><W54/><G54/><T37/><D37/><U70/><E53/><V44/><F42/><W21/><G21/><T97/><D116/><U55/><E49/><V130/><F130/><W122/><G122/><T117/><D117/><U46/><E20/><V6/><F66/><W4/><G4/><T119/><D119/><U51/><E51/><V35/><F6/><W79/><G79/><T57/><REACH who="0" step="1"/><D97/><REACH who="0" ten="240,250,250,240" step="2"/><U107/><E99/><V89/><F96/><W58/><G58/><T50/><D50/><U36/><E36/><V52/><F35/><W29/><G29/><AGARI ba="0,2" hai="5,8,13,22,24,29,56,57,59,78,83,84,108,109" machi="29" ten="40,12000,1" yaku="1,1,52,2,53,1" doraHai="120" doraHaiUra="1" who="0" fromWho="3" sc="240,140,250,0,250,0,240,-120" /><INIT seed="0,1,0,4,5,38" ten="380,250,250,120" oya="0" hai0="88,130,29,90,61,97,100,117,32,79,5,109,133" hai1="85,34,106,47,51,54,77,65,18,132,63,37,112" hai2="96,74,135,104,111,9,72,22,33,128,50,69,78" hai3="107,27,59,35,21,118,30,93,12,103,108,73,92"/><T81/><D117/><U13/><E34/><V89/><F111/><W83/><G108/><T114/><D109/><U36/><E106/><V23/><F33/><W26/><G118/><T68/><D114/><U115/><E85/><V4/><F69/><W58/><G107/><N who="0" m="63887" /><D5/><U64/><E77/><V134/><F128/><W75/><G12/><T80/><D130/><U8/><E65/><V20/><F78/><W119/><G119/><T41/><D81/><U131/><E131/><V53/><F89/><W91/><G83/><T99/><D99/><U28/><E28/><V87/><F87/><W124/><G124/><T3/><D3/><U126/><E126/><V24/><F24/><W17/><G103/><T121/><D121/><U16/><E18/><V84/><F84/><W125/><G125/><T82/><D82/><U19/><E19/><V7/><F96/><W14/><G14/><T45/><D80/><U11/><E11/><V56/><F104/><W31/><G17/><T42/><D45/><U98/><E98/><V52/><F53/><W66/><G66/><N who="0" m="41039" /><D133/><N who="2" m="50698" /><F4/><W123/><G123/><T105/><D105/><U127/><E127/><V43/><F43/><N who="0" m="16394" /><D79/><U39/><REACH who="1" step="1"/><E132/><REACH who="1" ten="380,240,250,120" step="2"/><V2/><AGARI ba="1,1" hai="2,7,9,20,22,23,50,52,56,72,74" m="50698" machi="2" ten="30,2000,0" yaku="20,1,54,1" doraHai="38" who="2" fromWho="2" sc="380,-11,240,-6,250,33,120,-6" /><INIT seed="1,0,0,1,0,133" ten="369,234,283,114" oya="1" hai0="71,112,135,127,43,59,92,68,12,104,46,45,101" hai1="10,85,118,19,132,3,48,63,77,97,82,88,31" hai2="129,111,34,119,117,6,86,1,123,120,131,17,91" hai3="36,28,53,56,60,93,67,30,18,100,90,7,76"/><U87/><E118/><N who="2" m="45067" /><F86/><W14/><G36/><T103/><D104/><U130/><E132/><V110/><F91/><W124/><G76/><T8/><D59/><U96/><E130/><N who="2" m="49675" /><F34/><W21/><G100/><T89/><D43/><U55/><E31/><V52/><F17/><W4/><G124/><T54/><D127/><U58/><E63/><V32/><F32/><W70/><G30/><T74/><D12/><N who="1" m="7575" /><E3/><V115/><F52/><W13/><G13/><T61/><D54/><U109/><E109/><N who="2" m="41483" /><F115/><W113/><G28/><T108/><D112/><U42/><E42/><V37/><F37/><W35/><G35/><T126/><D108/><U121/><E121/><N who="2" m="46667" /><F6/><W81/><G113/><T15/><D61/><U80/><AGARI ba="0,0" hai="48,55,58,77,80,82,85,87,88,96,97" m="7575" machi="80" ten="30,3000,0" yaku="8,1,54,1" doraHai="133" who="1" fromWho="1" sc="369,-10,234,30,283,-10,114,-10" /><INIT seed="1,1,0,1,1,12" ten="359,264,273,104" oya="1" hai0="53,59,108,67,17,86,57,89,100,126,114,29,117" hai1="58,102,79,135,0,83,28,88,23,11,70,103,81" hai2="62,15,94,115,87,8,105,47,120,90,20,109,127" hai3="36,43,25,18,68,65,93,75,4,133,9,30,13"/><U38/><E70/><V106/><F120/><W45/><G75/><T99/><D108/><U31/><E38/><V60/><F109/><W123/><G123/><T132/><D126/><U116/><E116/><V3/><F127/><W21/><G133/><T98/><D132/><U101/><E135/><V39/><F3/><W32/><G93/><T121/><D114/><U104/><E104/><V96/><F115/><W19/><REACH who="3" step="1"/><G32/><REACH who="3" ten="359,264,273,94" step="2"/><T113/><D121/><U42/><E81/><V26/><F105/><W56/><G56/><T46/><D59/><U49/><E58/><V48/><F106/><W85/><G85/><T77/><D86/><U91/><E83/><V37/><F87/><W7/><G7/><T71/><D57/><U124/><E124/><V72/><F72/><W2/><G2/><T35/><D35/><U84/><E0/><V122/><F122/><W54/><G54/><T119/><D53/><U110/><E84/><V1/><F1/><W78/><G78/><T55/><D55/><U10/><E110/><V112/><F112/><W134/><G134/><T41/><D77/><U64/><E79/><V111/><F111/><W51/><G51/><T80/><D80/><U74/><E49/><V50/><F39/><W107/><G107/><T97/><D113/><U76/><E76/><V61/><F37/><W52/><G52/><T92/><D92/><U27/><E74/><V128/><F50/><W6/><G6/><T16/><D117/><U82/><E82/><V24/><F48/><W40/><G40/><T44/><D119/><U73/><E42/><V130/><F94/><RYUUKYOKU ba="1,1" sc="359,-10,264,-10,273,-10,94,30" hai3="4,9,13,18,19,21,25,30,36,43,45,65,68" /><INIT seed="2,2,1,5,4,3" ten="349,254,263,124" oya="2" hai0="98,28,36,59,102,23,9,63,134,109,116,75,42" hai1="26,39,101,62,13,78,17,81,107,18,43,7,73" hai2="86,79,33,108,37,131,112,35,72,71,1,74,2" hai3="4,87,113,45,92,132,118,83,57,15,54,127,32"/><V60/><F86/><W20/><G118/><T119/><D75/><N who="2" m="28714" /><F79/><W38/><G32/><N who="2" m="12361" /><F112/><W96/><G127/><T103/><D42/><U30/><E62/><V130/><F37/><W10/><G132/><T133/><D36/><U47/><E101/><V27/><F27/><W76/><G113/><T70/><D103/><U52/><E107/><V85/><F85/><W14/><G38/><T117/><D102/><U91/><E91/><V123/><F123/><W12/><G45/><T95/><D134/><U68/><E68/><V66/><F108/><W125/><G125/><T84/><D70/><U8/><REACH who="1" step="1"/><E52/><REACH who="1" ten="349,244,263,124" step="2"/><V46/><F46/><W106/><G106/><T122/><D116/><U90/><E90/><V40/><F40/><W24/><G96/><T21/><D98/><U31/><E31/><V100/><F100/><W44/><G44/><T22/><D28/><U49/><E49/><V124/><F124/><W67/><G67/><T88/><D117/><U89/><E89/><V41/><F41/><W126/><G126/><T111/><D119/><U121/><E121/><V50/><F50/><N who="3" m="30935" /><G92/><T53/><D122/><U19/><E19/><AGARI ba="2,2" hai="4,10,12,14,15,19,20,24,76,83,87" m="30935" machi="19" ten="30,2000,0" yaku="8,1,52,1" doraHai="3" who="3" fromWho="1" sc="349,0,244,-26,263,0,124,46" /><INIT seed="3,0,0,5,0,113" ten="349,218,263,170" oya="3" hai0="14,9,28,88,72,10,61,119,96,90,91,116,20" hai1="1,18,16,46,101,71,57,110,53,100,40,11,31" hai2="5,95,94,125,32,64,43,66,48,87,103,105,123" hai3="98,70,33,120,7,4,79,124,111,25,135,86,122"/><W97/><G70/><T24/><D72/><U55/><E71/><V82/><F32/><W75/><G75/><T104/><D9/><U6/><E110/><V108/><F108/><W134/><G111/><T58/><D96/><N who="3" m="36969" /><G33/><T63/><D104/><U67/><E67/><V76/><F105/><W68/><G68/><T35/><D35/><U130/><E130/><V27/><F125/><W26/><G86/><T38/><D38/><U85/><E31/><V89/><F103/><W0/><G79/><T133/><D63/><U45/><E85/><V69/><F123/><N who="3" m="47147" /><G0/><T62/><D62/><U37/><E46/><V50/><F76/><W42/><G42/><T17/><REACH who="0" step="1"/><D133/><REACH who="0" ten="339,218,263,170" step="2"/><N who="3" m="50697" /><G124/><T78/><D78/><U117/><E37/><V107/><F107/><W131/><G131/><T3/><D3/><U74/><E1/><V115/><F87/><W34/><G34/><T114/><D114/><U83/><E74/><V47/><F115/><W44/><G44/><T80/><D80/><U109/><E83/><V129/><F82/><W128/><G128/><T52/><AGARI ba="0,1" hai="10,14,17,20,24,28,52,58,61,88,90,91,116,119" machi="52" ten="30,12000,2" yaku="1,1,0,1,52,2,54,2,53,1" doraHai="113" doraHaiUra="8" who="0" fromWho="0" sc="339,130,218,-30,263,-30,170,-60" /><INIT seed="4,0,0,2,2,94" ten="469,188,233,110" oya="0" hai0="33,43,131,20,1,93,133,48,26,41,8,85,88" hai1="125,42,55,23,114,16,73,90,106,27,101,84,59" hai2="54,107,134,81,109,67,80,127,19,34,40,37,122" hai3="47,2,71,96,39,78,118,10,38,70,100,22,53"/><T132/><D33/><U121/><E121/><V52/><F34/><W83/><G118/><T82/><D131/><U86/><E73/><V46/><F19/><W63/><G22/><T68/><D68/><U108/><E108/><V17/><F17/><W64/><G53/><T61/><D61/><U51/><E125/><V56/><F81/><W30/><G30/><T65/><D65/><U45/><E114/><V18/><F18/><W72/><G47/><T75/><D48/><U76/><E76/><V5/><F80/><W99/><G71/><T129/><D129/><U87/><E106/><V60/><F5/><W95/><REACH who="3" step="1"/><G96/><REACH who="3" ten="469,188,233,100" step="2"/><T50/><D43/><U69/><E69/><V98/><F54/><W6/><AGARI ba="0,1" hai="2,6,10,38,39,63,64,70,72,78,83,95,99,100" machi="6" ten="30,7900,0" yaku="1,1,2,1,0,1,52,1,53,0" doraHai="94" doraHaiUra="116" who="3" fromWho="3" sc="469,-39,188,-20,233,-20,100,89" /><INIT seed="5,0,0,2,4,86" ten="430,168,213,189" oya="1" hai0="62,16,50,46,85,59,27,34,80,131,19,76,108" hai1="102,55,0,90,124,57,7,8,60,45,73,121,32" hai2="65,56,112,29,81,33,25,114,42,63,129,72,126" hai3="48,125,23,98,75,58,101,21,37,47,111,28,35"/><U36/><E121/><V4/><F126/><W31/><G75/><T69/><D69/><U105/><E124/><V6/><F42/><W41/><G111/><T115/><D108/><U133/><E73/><V94/><F129/><W10/><G125/><T84/><D131/><U128/><E128/><V1/><F1/><W38/><G10/><T113/><D85/><U88/><E32/><V64/><F64/><W24/><G31/><T106/><D106/><U49/><E36/><V99/><F81/><W71/><G71/><T119/><D119/><U118/><E118/><V2/><F72/><W44/><G58/><T91/><D76/><U15/><E0/><V96/><F96/><W53/><REACH who="3" step="1"/><G38/><REACH who="3" ten="430,168,213,179" step="2"/><T3/><D59/><U74/><E74/><V79/><F56/><W51/><G51/><T18/><D50/><U30/><E30/><V20/><F29/><W100/><G100/><T66/><D113/><U107/><E133/><V9/><F9/><W39/><G39/><T54/><D115/><U68/><E68/><V97/><F112/><W130/><G130/><T26/><D62/><U14/><E102/><V11/><F11/><W87/><G87/><T82/><D84/><U95/><E8/><V5/><F63/><W135/><G135/><T116/><D116/><U117/><E117/><V61/><F61/><W22/><G22/><T109/><D109/><U103/><E60/><V40/><F20/><W123/><G123/><T13/><D3/><U93/><E57/><V77/><F114/><W122/><G122/><T70/><D70/><U127/><E127/><V43/><F2/><RYUUKYOKU ba="0,1" sc="430,-10,168,-10,213,-10,179,30" hai3="21,23,24,28,35,37,41,44,47,48,53,98,101" /><INIT seed="6,1,1,3,1,62" ten="420,158,203,209" oya="2" hai0="24,97,31,18,6,19,50,15,30,120,17,130,105" hai1="92,2,126,45,135,110,100,99,25,89,80,113,40" hai2="41,60,129,73,54,3,81,44,23,34,49,118,114" hai3="48,32,75,98,10,11,56,57,128,43,47,53,101"/><V8/><F118/><W69/><G69/><T72/><D72/><U39/><E110/><V131/><F34/><W68/><G68/><T84/><D120/><U16/><E2/><V28/><F114/><W7/><G75/><T5/><D105/><U106/><E113/><V70/><F28/><N who="0" m="10794" /><D97/><U122/><E122/><V111/><F23/><W59/><G32/><T107/><D107/><U63/><E135/><V123/><F123/><W66/><G128/><N who="2" m="49225" /><F111/><W124/><G124/><T132/><D130/><U36/><E126/><V93/><F93/><W67/><G43/><T58/><D132/><U4/><E4/><N who="0" m="1641" /><D84/><U94/><E106/><V91/><F8/><N who="3" m="3115" /><G7/><T127/><D127/><U103/><E103/><V33/><F33/><W14/><G14/><T12/><D24/><U51/><E80/><V13/><F13/><W37/><G37/><T64/><D50/><U85/><REACH who="1" step="1"/><E63/><AGARI ba="1,1" hai="12,15,17,18,19,58,63,64" m="1641,10794" machi="63" ten="30,2000,0" yaku="8,1,52,1" doraHai="62" who="0" fromWho="1" sc="420,33,158,-23,203,0,209,0" /><INIT seed="7,0,0,0,2,8" ten="453,135,203,209" oya="3" hai0="48,23,15,75,129,131,81,29,12,125,80,94,38" hai1="54,39,3,109,72,71,27,124,1,110,7,60,113" hai2="10,101,90,112,76,9,4,134,117,17,121,62,33" hai3="86,43,133,16,21,25,55,69,67,84,102,49,34"/><W118/><G118/><T42/><D38/><U28/><E113/><V44/><F33/><W22/><G34/><T127/><D94/><U108/><E39/><V115/><F117/><W73/><G73/><T74/><D29/><U92/><E72/><V13/><F76/><W116/><G116/><T103/><D23/><U111/><N who="1" m="27648" /><DORA hai="35" /><U100/><E7/><V122/><F134/><W126/><G126/><T130/><D48/><U61/><E124/><V52/><F101/><W63/><G102/><T83/><D42/><U51/><E100/><V95/><F44/><W14/><G43/><T98/><D75/><U20/><E92/><V59/><F10/><W65/><G65/><T6/><D15/><U93/><E93/><V53/><F53/><W32/><G32/><T79/><D79/><U30/><E30/><V24/><F24/><W66/><G66/><T36/><D36/><U26/><E26/><V104/><F4/><W58/><G133/><T132/><D132/><U68/><E61/><V87/><F104/><W88/><G88/><T97/><D74/><U37/><E37/><V82/><F95/><W50/><G49/><T96/><D103/><U107/><E107/><V31/><F31/><AGARI ba="0,0" hai="14,16,21,22,25,31,50,55,58,63,67,69,84,86" machi="31" ten="30,5800,0" yaku="7,1,52,1,54,1" doraHai="8,35" who="3" fromWho="2" sc="453,0,135,0,203,-58,209,58" /><INIT seed="7,1,0,3,3,81" ten="453,135,145,267" oya="3" hai0="99,125,54,31,29,102,107,101,45,48,23,19,53" hai1="84,75,35,6,62,123,79,12,38,74,39,66,14" hai2="80,16,7,91,134,24,43,132,82,61,83,67,129" hai3="18,114,4,105,69,41,64,50,70,89,8,87,1"/><W119/><G119/><T97/><D54/><U131/><E123/><V124/><F7/><W73/><G73/><T57/><D45/><U135/><E35/><V128/><F124/><W21/><G105/><T108/><D108/><U22/><E74/><V86/><F43/><W27/><G114/><T56/><D56/><N who="1" m="37191" /><E75/><V104/><F104/><W15/><G1/><T77/><D77/><U122/><E122/><V59/><F16/><W71/><G64/><T76/><D76/><U46/><E39/><V42/><F24/><W96/><G96/><T95/><D125/><U40/><E38/><V13/><F13/><AGARI ba="1,0" hai="13,19,23,29,31,48,53,57,95,97,99,101,102,107" machi="13" ten="30,1000,0" yaku="7,1" doraHai="81" who="0" fromWho="2" sc="453,13,135,0,145,-13,267,0" owari="466,56.0,135,-26.0,132,-37.0,267,7.0" /></mjloggm>