<mjloggm ver="2.3"><GO type="169" lobby="0"/><UN n0="%E7%A9%BA%E6%B0%97%E3%82%B1%E3%83%BC%E3%82%AD" n1="%52%4F%59%5F%54" n2="%E3%81%AE%E3%82%93%E3%81%B3%E3%82%8A%E3%81%8F%E3%82%93" n3="%68%61%6B%75%30%37" dan="16,16,17,16" rate="2164.56,2044.59,2177.11,2024.12" sx="M,M,M,M"/><TAIKYOKU oya="0"/><INIT seed="0,0,0,1,4,110" ten="250,250,250,250" oya="0" hai0="83,3,111,37,115,48,63,59,127,38,130,85,123" hai1="81,66,94,117,42,39,57,29,31,135,7,98,36" hai2="25,19,50,126,100,82,33,58,134,45,32,74,9" hai3="67,122,84,97,114,116,46,5,120,104,12,61,77"/><T102/><D123/><U52/><E117/><V44/><F126/><W125/><G116/><T73/><D73/><U88/><E135/><V20/><F134/><W103/><G125/><T65/><D127/><U93/><E66/><V99/><F58/><W89/><G77/><T1/><D130/><U118/><E118/><V75/><F45/><W86/><G46/><T54/><D111/><U55/><E7/><V64/><F64/><W53/><G53/><T18/><D115/><U92/><E42/><V27/><F27/><W132/><G132/><T129/><D129/><U51/><E55/><V0/><F0/><W17/><G5/><T24/><D102/><U11/><E11/><V91/><F75/><W133/><G133/><T69/><D18/><U43/><E43/><V96/><F96/><W26/><G26/><T109/><D24/><U8/><E8/><V35/><F9/><W23/><G114/><T90/><REACH who="0" step="1"/><D109/><REACH who="0" ten="240,250,250,250" step="2"/><U105/><E29/><V2/><F74/><W22/><G120/><T79/><D79/><U60/><E31/><V41/><F91/><W131/><G131/><T13/><D13/><U21/><E88/><V56/><F2/><AGARI ba="0,1" hai="1,2,3,37,38,48,54,59,63,65,69,83,85,90" machi="2" ten="40,2000,0" yaku="1,1,53,0" doraHai="110" doraHaiUra="40" who="0" fromWho="2" sc="240,30,250,0,250,-20,250,0" /><INIT seed="0,1,0,4,4,11" ten="270,250,230,250" oya="0" hai0="88,124,35,19,59,70,83,30,126,7,68,41,44" hai1="16,37,98,25,132,65,121,118,81,103,108,76,117" hai2="50,64,115,107,131,112,26,119,20,84,100,78,93" hai3="89,39,58,32,110,22,62,97,24,1,122,99,46"/><T33/><D7/><U8/><E121/><V53/><F107/><W5/><G32/><T104/><D104/><U12/><E37/><V63/><F131/><W75/><G75/><T71/><D59/><U66/><E108/><V94/><F119/><W101/><G110/><T2/><D2/><U40/><E40/><V130/><F130/><W43/><G122/><T123/><D123/><U134/><E25/><V56/><F112/><W14/><G1/><T18/><D30/><U57/><E118/><V49/><F115/><W85/><G101/><T23/><D18/><U60/><E66/><V0/><F0/><W106/><G5/><T38/><D83/><U34/><E34/><V133/><F133/><N who="1" m="51305" /><E117/><V86/><F94/><W6/><G6/><T69/><N who="0" m="17408" /><DORA hai="17" /><T129/><D129/><U52/><E65/><V105/><F105/><W48/><G39/><T55/><D55/><U61/><E61/><V92/><F92/><W42/><G42/><T135/><D135/><U90/><E90/><V87/><F78/><W28/><G106/><T127/><REACH who="0" step="1"/><D88/><REACH who="0" ten="260,250,230,250" step="2"/><U13/><E103/><V67/><F53/><W79/><G89/><T120/><D120/><U72/><E98/><N who="2" m="59471" /><F64/><N who="3" m="38999" /><G99/><T51/><D51/><U95/><E95/><V3/><F3/><W73/><G97/><T10/><D10/><U96/><E96/><V36/><F36/><W31/><G48/><T111/><D111/><U27/><E76/><V116/><F116/><W45/><G79/><T15/><AGARI ba="1,1" hai="15,19,23,33,35,38,41,44,124,126,127" m="17408" machi="15" ten="70,12000,1" yaku="1,1,0,1,18,1,52,2,53,0" doraHai="11,17" doraHaiUra="21,109" who="0" fromWho="0" sc="260,133,250,-41,230,-41,250,-41" /><INIT seed="0,2,0,4,2,99" ten="393,209,189,209" oya="0" hai0="107,17,90,125,121,122,67,87,123,80,31,82,20" hai1="68,9,27,134,92,46,13,109,72,104,113,63,4" hai2="74,97,19,41,28,108,45,2,79,12,21,71,43" hai3="16,133,91,105,33,110,127,36,0,69,5,61,130"/><T88/><D31/><U47/><E104/><V120/><F120/><W77/><RYUUKYOKU type="yao9" ba="2,0" sc="393,0,209,0,189,0,209,0" hai3="0,5,16,33,36,61,69,77,91,105,110,127,130,133" /><INIT seed="0,3,0,3,3,118" ten="393,209,189,209" oya="0" hai0="124,93,107,12,4,85,29,116,76,3,130,117,6" hai1="123,83,110,87,60,33,128,109,28,9,71,102,90" hai2="36,95,100,81,14,32,115,37,57,105,38,74,125" hai3="92,61,131,67,120,126,42,55,52,104,45,20,133"/><T41/><D107/><U10/><E128/><V39/><F115/><W15/><G104/><T111/><D130/><U89/><E102/><V46/><F95/><W11/><G131/><T34/><D41/><U30/><E71/><V51/><F57/><W134/><G20/><T101/><D76/><U7/><E60/><V68/><F14/><W5/><G126/><T96/><D3/><U80/><E33/><V31/><F125/><W114/><G114/><T63/><D124/><U22/><E22/><V59/><F59/><W48/><G92/><T64/><D85/><U108/><E123/><V0/><F0/><W16/><G5/><T53/><D53/><U18/><E18/><V35/><F51/><W23/><G23/><T40/><D40/><U24/><E24/><V8/><F8/><N who="1" m="3177" /><E7/><V47/><F68/><W62/><G120/><T127/><D127/><U49/><E49/><V98/><F47/><W73/><G73/><T112/><D112/><U94/><E80/><V75/><F75/><W79/><G79/><T82/><D82/><U56/><E56/><V2/><F2/><W84/><G84/><AGARI ba="3,0" hai="28,30,83,84,87,89,90,94,108,109,110" m="3177" machi="84" ten="40,1300,0" yaku="14,1" doraHai="118" who="1" fromWho="3" sc="393,0,209,22,189,0,209,-22" /><INIT seed="1,0,0,3,0,6" ten="393,231,189,187" oya="1" hai0="5,56,7,68,126,65,129,70,66,113,93,45,29" hai1="34,40,18,41,8,59,98,2,22,0,19,50,11" hai2="36,72,47,49,28,63,42,94,120,86,15,4,122" hai3="69,20,79,99,77,92,123,62,81,14,78,75,105"/><U24/><E34/><V31/><F72/><W121/><G69/><T3/><D113/><U26/><E98/><V133/><F133/><W51/><G62/><T35/><D129/><U91/><E91/><V116/><F116/><W1/><G1/><T128/><D128/><U12/><E12/><V84/><F36/><W13/><G51/><T30/><D126/><U32/><E32/><V38/><F38/><W54/><G54/><T118/><D35/><U10/><E22/><V108/><F108/><W106/><G20/><T101/><D118/><U97/><E97/><V39/><F39/><W87/><G13/><T53/><D93/><U107/><E107/><N who="3" m="40970" /><G14/><T43/><D101/><U95/><E95/><V46/><F46/><W134/><G134/><T80/><D80/><U100/><E100/><V61/><F120/><N who="3" m="46155" /><G75/><T16/><D3/><U44/><E59/><V37/><F122/><W55/><G55/><T25/><D56/><U71/><E71/><V88/><F37/><W125/><G125/><T117/><D117/><U127/><E127/><V102/><F102/><AGARI ba="0,0" hai="77,78,79,81,87,92,99,102" m="46155,40970" machi="102" ten="30,2000,0" yaku="34,2" doraHai="6" who="3" fromWho="2" sc="393,0,231,0,189,-20,187,20" /><INIT seed="2,0,0,0,5,55" ten="393,231,169,207" oya="2" hai0="87,39,11,109,130,74,49,46,115,31,48,91,25" hai1="34,88,131,134,133,2,75,21,27,24,96,5,82" hai2="103,116,127,104,132,19,20,114,99,81,112,126,90" hai3="92,4,89,60,72,32,62,16,107,129,66,6,121"/><V9/><F9/><W97/><G121/><T68/><D109/><U53/><E2/><V42/><F42/><W86/><G32/><T17/><D115/><U102/><E5/><V7/><F7/><W18/><G72/><T64/><D74/><U40/><E40/><V80/><F20/><W23/><G129/><T33/><D130/><U94/><E131/><V37/><F19/><W70/><G60/><T44/><D39/><U118/><E118/><V52/><F37/><W58/><G18/><T122/><D122/><U63/><E34/><V123/><F123/><W100/><REACH who="3" step="1"/><G70/><REACH who="3" ten="393,231,169,197" step="2"/><T1/><D17/><U117/><E63/><V85/><F116/><W135/><G135/><T56/><D68/><U47/><E75/><V93/><F132/><W105/><G105/><T43/><D33/><U51/><E117/><V119/><F119/><W67/><G67/><T65/><D65/><U14/><E134/><V128/><F128/><W73/><G73/><T41/><D64/><U10/><E133/><V36/><F36/><W3/><G3/><T28/><D1/><U26/><E51/><V38/><F38/><W15/><AGARI ba="0,1" hai="4,6,15,16,23,58,62,66,86,89,92,97,100,107" machi="15" ten="20,8000,1" yaku="1,1,0,1,7,1,52,1,54,1,53,0" doraHai="55" doraHaiUra="50" who="3" fromWho="3" sc="393,-20,231,-20,169,-40,197,90" /><INIT seed="3,0,0,2,4,23" ten="373,211,129,287" oya="3" hai0="93,101,125,9,58,73,102,4,126,47,11,25,2" hai1="40,117,96,30,21,61,94,6,22,115,10,49,5" hai2="24,84,56,83,107,75,38,130,128,64,87,92,111" hai3="26,17,69,119,12,1,50,77,122,103,37,105,34"/><W19/><G37/><T89/><D73/><U104/><E115/><V109/><F38/><W82/><G1/><T135/><D135/><U48/><E104/><V74/><F107/><W43/><G122/><T99/><D47/><U131/><E131/><N who="2" m="50219" /><F64/><W32/><G69/><T68/><D68/><U55/><E117/><V46/><F56/><W0/><G0/><T42/><D42/><U100/><E5/><V76/><F46/><W124/><G124/><N who="0" m="47723" /><D9/><U29/><E40/><V120/><F24/><W57/><G26/><T60/><D25/><N who="1" m="16559" /><E22/><V65/><F65/><AGARI ba="0,0" hai="2,4,11,58,60,65,89,93,99,101,102" m="47723" machi="65" ten="30,1000,0" yaku="18,1" doraHai="23" who="0" fromWho="2" sc="373,10,211,0,129,-10,287,0" /><INIT seed="4,0,0,3,3,57" ten="383,211,119,287" oya="0" hai0="67,76,135,88,58,110,46,74,68,19,122,7,97" hai1="64,114,128,36,18,35,77,30,25,41,112,34,78" hai2="5,123,40,104,14,16,87,99,48,131,117,133,23" hai3="72,126,50,45,38,93,42,73,119,1,129,52,84"/><T71/><D122/><U125/><E125/><V11/><F123/><W127/><G1/><T63/><D135/><U109/><E109/><V102/><F133/><W31/><G119/><T15/><D110/><U2/><E2/><V83/><F117/><W116/><G116/><T92/><D7/><U81/><E128/><V26/><F131/><W89/><G31/><T103/><D46/><N who="1" m="23847" /><E35/><V130/><F130/><W95/><G95/><T32/><D32/><U69/><E18/><V53/><F40/><W22/><G22/><T0/><D0/><U118/><E118/><V9/><F9/><W70/><G70/><T107/><D76/><U100/><E100/><V120/><F120/><W96/><G84/><T75/><D75/><U111/><E111/><V79/><F48/><W60/><G129/><T55/><D74/><U33/><E33/><V6/><REACH who="2" step="1"/><F53/><REACH who="2" ten="383,211,109,287" step="2"/><W43/><G43/><T108/><D108/><U101/><E114/><V91/><F91/><W121/><G50/><T17/><D55/><U86/><E112/><V94/><F94/><W90/><G90/><T54/><D54/><U3/><E77/><V106/><F106/><W61/><G52/><T134/><D134/><U124/><E78/><V82/><F82/><W27/><G121/><T44/><D107/><U29/><E81/><V13/><F13/><W66/><G42/><T80/><D15/><U59/><E3/><V65/><F65/><W62/><G66/><T47/><D47/><U98/><E64/><V20/><F20/><W115/><G115/><T49/><D67/><U132/><E132/><V21/><F21/><RYUUKYOKU ba="0,1" sc="383,-10,211,-10,109,30,287,-10" hai2="5,6,11,14,16,23,26,79,83,87,99,102,104" /><INIT seed="5,1,1,3,4,124" ten="373,201,139,277" oya="1" hai0="2,49,86,53,22,120,82,37,60,84,5,130,35" hai1="45,92,31,52,111,109,0,132,127,19,64,6,75" hai2="103,113,44,135,133,8,98,7,126,68,97,128,119" hai3="46,94,55,74,39,66,4,18,65,87,129,72,1"/><U3/><E75/><V27/><F68/><W81/><G94/><T79/><D35/><U10/><E127/><V29/><F126/><W50/><G39/><T17/><D37/><U38/><E64/><V56/><F119/><W24/><G4/><T134/><D134/><U105/><E132/><N who="2" m="50763" /><F44/><W25/><G1/><T14/><D120/><U115/><E105/><V63/><F103/><W88/><G129/><T32/><D130/><U57/><E0/><V67/><F128/><W15/><G72/><T108/><D32/><U90/><E31/><V96/><F113/><W20/><G74/><T78/><D60/><U102/><E102/><V123/><F123/><W51/><G51/><T110/><D5/><U95/><E19/><V104/><F104/><W112/><G112/><T100/><D100/><U69/><E69/><V40/><F40/><W85/><G85/><T62/><D62/><U77/><E77/><V91/><F91/><W89/><G89/><T71/><D71/><U13/><E3/><N who="2" m="127" /><F98/><W116/><G116/><T61/><D61/><N who="1" m="36007" /><E90/><V125/><F125/><W11/><G20/><AGARI ba="1,1" hai="20,27,29,56,63,67,96,97" m="127,50763" machi="20" ten="30,1000,0" yaku="20,1" doraHai="124" who="2" fromWho="3" sc="373,0,201,0,139,23,277,-13" /><INIT seed="6,0,0,2,4,4" ten="373,201,162,264" oya="2" hai0="119,134,18,21,35,116,15,78,14,26,122,111,57" hai1="67,51,123,71,130,102,13,135,33,8,109,98,82" hai2="103,96,93,84,97,0,108,75,7,58,125,133,100" hai3="124,12,110,3,64,81,86,61,59,115,5,43,95"/><V126/><F75/><W121/><G110/><T23/><D111/><U79/><E109/><V54/><F108/><W37/><G121/><T50/><D122/><U27/><E123/><V106/><F84/><W47/><G124/><T2/><D2/><U104/><E130/><V83/><F83/><W45/><G115/><T49/><D35/><U36/><E36/><V24/><F133/><W53/><G3/><T66/><D78/><U112/><E112/><V114/><F114/><W89/><G45/><T101/><D101/><U92/><E104/><V88/><F24/><W44/><G44/><T56/><D134/><U60/><E51/><V42/><F42/><W94/><G5/><T70/><D70/><U46/><E46/><V1/><F103/><W69/><REACH who="3" step="1"/><G12/><REACH who="3" ten="373,201,162,254" step="2"/><T128/><D15/><U72/><E135/><V65/><F7/><W105/><G105/><T91/><D14/><U52/><E13/><V9/><F9/><W39/><G39/><T77/><D128/><U30/><E8/><V107/><F107/><W132/><G132/><T11/><D11/><U120/><E120/><V55/><F0/><W32/><G32/><T63/><D116/><U40/><E40/><V20/><F1/><W131/><G131/><T16/><D119/><U38/><E38/><V6/><F6/><W19/><G19/><T28/><D16/><U113/><E113/><V17/><F17/><W118/><G118/><T90/><D18/><U127/><E127/><N who="2" m="48651" /><F20/><W62/><AGARI ba="0,1" hai="37,43,47,53,59,61,62,64,69,81,86,89,94,95" machi="62" ten="20,2700,0" yaku="1,1,0,1,7,1,53,0" doraHai="4" doraHaiUra="129" who="3" fromWho="3" sc="373,-7,201,-7,162,-13,254,37" /><INIT seed="7,0,0,4,0,13" ten="366,194,149,291" oya="3" hai0="116,103,18,57,111,99,36,126,32,73,29,54,92" hai1="80,74,71,5,69,129,76,112,12,117,119,58,64" hai2="17,87,101,56,37,11,68,130,53,20,93,134,88" hai3="28,113,127,114,120,35,118,19,38,43,82,122,132"/><W106/><G106/><T96/><D111/><U45/><E112/><N who="3" m="43114" /><G82/><T0/><D0/><U59/><E129/><V6/><F68/><N who="1" m="26185" /><E64/><V95/><F37/><W42/><G38/><T8/><D126/><U65/><E65/><V50/><F130/><W10/><G42/><T44/><D116/><N who="1" m="44619" /><E45/><V109/><F109/><W51/><G51/><T61/><D96/><U135/><E135/><V91/><F134/><W63/><G63/><T125/><D73/><U2/><E2/><V31/><F31/><W107/><G107/><T67/><D29/><U52/><E52/><V100/><F11/><AGARI ba="0,0" hai="5,11,12,58,59,74,76,80" m="44619,26185" machi="11" ten="30,1000,0" yaku="12,1" doraHai="13" who="1" fromWho="2" sc="366,0,194,10,149,-10,291,0" owari="366,47.0,204,-20.0,139,-36.0,291,9.0" /></mjloggm>