<mjloggm ver="2.3"><GO type="185" lobby="0"/><UN n0="%E3%82%8C%E3%81%99%E3%81%93" n1="%4C%61%69%74%79" n2="%E3%81%9D%E3%81%86%E3%81%A1%E3%82%87" n3="" dan="17,17,16,0" rate="2270.66,2226.01,2186.97,1500.00" sx="F,F,F,C"/><TAIKYOKU oya="0"/><INIT seed="0,0,0,1,1,87" ten="350,350,350,0" oya="0" hai0="107,34,79,64,103,56,134,66,62,69,123,1,33" hai1="113,49,115,110,63,71,84,53,74,82,51,32,124" hai2="81,86,121,52,117,97,70,118,130,35,105,131,36" hai3=""/><T75/><N who="0" m="31520" /><T99/><D1/><U127/><E32/><V78/><N who="2" m="31008" /><V100/><F35/><T46/><D134/><U116/><E116/><N who="2" m="44651" /><F70/><T0/><D0/><U59/><E74/><V72/><F36/><T92/><D64/><U57/><E71/><V42/><F42/><T47/><D56/><U129/><E110/><V120/><N who="2" m="30752" /><V83/><F52/><T126/><D126/><N who="1" m="48171" /><E129/><V98/><F98/><T112/><D33/><U76/><E49/><V60/><F60/><T55/><D34/><U125/><N who="1" m="48179" /><U95/><DORA hai="132" /><E63/><V58/><F58/><T68/><D68/><U37/><E59/><V119/><N who="2" m="44659" /><V61/><DORA hai="3" /><F61/><T54/><D69/><U77/><E37/><V102/><F102/><T135/><D103/><U85/><E57/><V91/><AGARI ba="0,0" hai="72,78,81,83,86,91,97,100,105,130,131" m="30752,44659,31008" machi="91" ten="40,9000,2" yaku="12,1,34,2,52,3" doraHai="87,132,3" who="2" fromWho="2" sc="350,-60,350,-30,350,90,0,0" /><INIT seed="1,0,0,2,5,116" ten="290,320,440,0" oya="1" hai0="60,127,39,125,105,77,111,51,86,36,107,91,120" hai1="114,2,84,71,82,80,65,67,81,57,1,33,76" hai2="95,110,40,52,53,87,45,61,133,129,64,55,63" hai3=""/><U131/><E114/><V92/><F110/><T42/><N who="0" m="30752" /><T130/><D111/><U115/><E115/><V46/><F129/><T122/><N who="0" m="31264" /><T99/><D130/><U106/><E33/><V97/><F133/><T74/><D74/><U34/><E34/><V50/><F45/><T123/><N who="0" m="31520" /><T32/><D77/><U47/><E131/><V118/><F118/><T112/><D112/><U102/><E71/><V94/><F87/><T109/><D109/><U135/><E135/><V41/><F41/><T48/><D32/><U54/><E47/><V134/><F134/><T113/><D113/><U75/><E102/><V101/><REACH who="2" step="1"/><F64/><REACH who="2" ten="290,320,430,0" step="2"/><T0/><D0/><U49/><E67/><V69/><F69/><T124/><D60/><AGARI ba="0,1" hai="40,46,50,52,53,55,60,61,63,92,94,95,97,101" machi="60" ten="40,12000,2" yaku="1,1,8,1,54,1,53,3" doraHai="116" doraHaiUra="89" who="2" fromWho="0" sc="290,-120,320,0,430,130,0,0" /><INIT seed="2,0,0,1,0,75" ten="170,320,560,0" oya="2" hai0="83,60,123,61,90,35,119,112,81,86,127,73,74" hai1="132,96,46,70,51,76,38,129,101,126,100,92,67" hai2="133,105,117,87,62,135,36,56,99,116,64,54,114" hai3=""/><V53/><F36/><T82/><N who="0" m="31520" /><T44/><D35/><U79/><E38/><V89/><F105/><T65/><D119/><N who="2" m="45642" /><F99/><T47/><D127/><U120/><N who="1" m="30752" /><U91/><E126/><V59/><F59/><T45/><D112/><U125/><E125/><V80/><F114/><T130/><D130/><U111/><E129/><V0/><F0/><T122/><N who="0" m="31264" /><T2/><D2/><U106/><E101/><V49/><F49/><T48/><D48/><U37/><E37/><V72/><F72/><T39/><D39/><U104/><E106/><V1/><F1/><T66/><D74/><U58/><E58/><V33/><F33/><T107/><D107/><U102/><E104/><V113/><F113/><T131/><D131/><U118/><E102/><V110/><F110/><T43/><D43/><U124/><E100/><V108/><F108/><T41/><D41/><U84/><E111/><V85/><F85/><T3/><D3/><U50/><E84/><V95/><F80/><N who="0" m="30826" /><D73/><U94/><E124/><V98/><F87/><T134/><D134/><AGARI ba="0,0" hai="53,54,56,62,64,89,95,98,133,134,135" m="45642" machi="134" ten="30,1500,0" yaku="20,1" doraHai="75" who="2" fromWho="0" sc="170,-15,320,0,560,15,0,0" /><INIT seed="2,1,0,3,0,132" ten="155,320,575,0" oya="2" hai0="35,115,61,50,123,71,72,85,95,59,77,60,114" hai1="45,70,49,117,105,116,135,57,120,110,55,66,47" hai2="53,58,89,65,134,67,1,51,94,133,32,128,102" hai3=""/><V42/><F1/><T93/><N who="0" m="31520" /><T41/><D35/><U87/><N who="1" m="30752" /><U83/><E135/><N who="2" m="51723" /><F32/><T2/><D2/><U78/><E110/><V127/><F128/><T101/><D72/><U79/><E105/><V111/><F111/><T129/><D129/><U75/><E70/><V82/><F42/><T104/><D104/><U97/><E97/><V119/><F119/><T48/><D71/><U88/><E79/><V91/><F127/><T40/><D77/><U38/><E45/><V84/><F102/><T122/><N who="0" m="31264" /><T68/><D101/><U125/><E125/><V92/><F92/><T131/><D68/><U69/><E69/><V44/><F44/><T130/><D59/><U121/><N who="1" m="31008" /><U56/><E56/><V0/><F0/><T99/><REACH who="0" step="1"/><D99/><AGARI ba="1,0" hai="51,53,58,65,67,82,84,89,91,94,99" m="51723" machi="99" ten="30,1500,0" yaku="20,1" doraHai="132" who="2" fromWho="0" sc="155,-17,320,0,575,17,0,0" /><INIT seed="2,2,0,5,4,62" ten="138,320,592,0" oya="2" hai0="81,68,64,48,118,131,125,92,130,123,49,85,42" hai1="0,99,110,104,98,88,32,60,77,36,89,71,120" hai2="41,70,46,113,135,38,87,73,67,39,129,72,115" hai3=""/><V119/><F119/><T106/><N who="0" m="31520" /><T108/><D118/><U100/><N who="1" m="30752" /><U111/><E32/><V58/><F129/><T127/><D106/><U80/><E0/><V128/><F128/><N who="0" m="49194" /><D92/><U117/><E36/><V3/><F3/><T122/><N who="0" m="31264" /><T45/><D108/><N who="1" m="41515" /><E117/><V50/><F135/><T35/><D35/><U37/><E37/><V90/><F38/><T55/><D85/><U126/><E126/><N who="0" m="48137" /><D81/><U114/><E114/><V97/><F97/><T75/><D75/><U84/><E98/><V51/><F73/><T63/><D49/><U133/><E133/><V94/><F72/><T105/><D105/><U95/><E104/><V1/><F51/><T79/><D79/><U54/><E77/><V124/><F124/><T93/><D93/><U102/><E102/><V40/><F1/><T69/><D42/><U33/><E33/><V78/><F41/><T116/><D116/><U74/><E74/><V52/><F78/><T65/><D65/><U44/><E100/><V66/><F67/><T101/><D101/><U134/><E95/><V103/><F103/><T76/><D76/><U2/><E2/><V53/><F94/><T47/><D69/><U59/><E71/><V132/><F70/><T34/><D34/><RYUUKYOKU ba="2,0" sc="138,20,320,-10,592,-10,0,0" hai0="45,47,48,55,63,64,68" /><INIT seed="4,3,0,4,3,110" ten="158,310,582,0" oya="0" hai0="64,66,82,1,77,135,49,104,45,121,118,107,67" hai1="94,47,92,54,113,53,52,75,126,84,95,2,123" hai2="111,69,112,78,122,74,97,76,63,35,127,133,55" hai3=""/><T134/><N who="0" m="31008" /><T3/><D118/><U57/><N who="1" m="31520" /><U0/><E75/><V96/><N who="2" m="31264" /><V43/><F111/><T73/><D107/><U37/><E126/><V90/><F35/><T89/><D104/><U72/><E72/><V38/><F133/><T44/><D89/><U101/><E101/><V68/><F74/><T80/><D80/><U106/><E106/><V87/><F63/><T100/><D100/><U70/><E70/><V41/><F55/><T120/><N who="0" m="30752" /><T98/><D98/><U102/><E102/><V58/><F58/><T99/><D99/><U33/><E33/><V130/><F90/><T34/><D34/><U109/><E109/><V32/><F32/><T132/><D44/><U65/><E84/><V103/><F87/><T117/><D117/><U59/><E2/><V48/><F78/><T62/><D62/><U91/><E0/><V93/><F76/><T129/><REACH who="0" step="1"/><D129/><REACH who="0" ten="148,310,582,0" step="2"/><U39/><E91/><V108/><F130/><T128/><D128/><U105/><E105/><V114/><F96/><T131/><D131/><U116/><E116/><V85/><F97/><T124/><D124/><U60/><E47/><V36/><F127/><T83/><D83/><U51/><E94/><V86/><F103/><RYUUKYOKU ba="3,1" sc="148,20,310,-10,582,-10,0,0" hai0="1,3,45,49,64,66,67,73,77,82,132,134,135" /><INIT seed="4,4,1,2,3,121" ten="168,300,572,0" oya="0" hai0="118,112,132,73,79,89,64,101,97,68,42,113,87" hai1="46,53,71,106,109,59,47,128,72,77,103,108,111" hai2="70,36,69,32,124,122,134,40,115,35,44,0,131" hai3=""/><T125/><D118/><U38/><E71/><V74/><RYUUKYOKU type="yao9" ba="4,1" sc="168,0,300,0,572,0,0,0" hai2="0,32,35,36,40,44,69,70,74,115,122,124,131,134" /><INIT seed="4,5,1,0,2,93" ten="168,300,572,0" oya="0" hai0="89,36,107,126,49,112,66,79,46,106,51,96,87" hai1="39,86,111,38,68,128,73,78,115,118,110,65,57" hai2="113,83,43,3,101,69,135,103,125,44,74,130,37" hai3=""/><T53/><D112/><U120/><N who="1" m="30752" /><U1/><E1/><V33/><F3/><T90/><D36/><U84/><E118/><V32/><F113/><T35/><D35/><U109/><E115/><V85/><F130/><T105/><D126/><U54/><E128/><V123/><N who="2" m="31520" /><V121/><N who="2" m="31008" /><V108/><F108/><T60/><D51/><U0/><E0/><V77/><F135/><T92/><D79/><U62/><E73/><V80/><F69/><T64/><REACH who="0" step="1"/><D60/><REACH who="0" ten="158,300,572,0" step="2"/><U41/><E78/><V55/><F125/><T63/><D63/><U132/><E132/><V45/><F33/><T114/><D114/><U59/><E38/><V131/><F32/><T117/><D117/><U116/><E116/><V104/><F131/><T72/><D72/><U102/><E39/><V58/><F74/><T119/><D119/><U100/><E109/><V133/><F77/><T34/><D34/><U67/><E62/><V122/><F37/><T2/><D2/><U95/><E110/><V98/><F122/><T40/><D40/><U61/><E41/><V99/><F43/><T127/><D127/><U50/><E61/><V134/><F134/><T88/><D88/><U129/><E111/><V56/><F133/><T42/><D42/><RYUUKYOKU ba="5,2" sc="158,20,300,-10,572,-10,0,0" hai0="46,49,53,64,66,87,89,90,92,96,105,106,107" /><INIT seed="4,6,2,3,0,93" ten="178,290,562,0" oya="0" hai0="106,135,78,104,36,92,89,60,130,125,84,2,122" hai1="54,119,126,105,80,102,77,43,63,32,101,134,91" hai2="74,42,123,127,98,94,0,66,34,64,58,69,87" hai3=""/><T55/><N who="0" m="31264" /><T52/><D2/><U73/><E119/><V100/><N who="2" m="31520" /><V72/><F34/><T116/><D116/><U90/><E32/><V81/><F0/><T114/><D114/><U53/><E43/><V117/><F117/><T96/><D135/><U132/><E126/><V103/><F127/><T76/><D125/><U65/><E91/><V61/><F103/><N who="1" m="39433" /><E90/><V39/><F69/><T107/><D36/><U88/><E88/><V56/><F42/><T99/><D130/><U133/><E105/><V83/><F39/><T108/><D108/><U118/><E118/><V115/><F115/><T33/><D33/><U113/><E113/><V110/><F110/><T38/><D38/><U46/><E46/><V3/><F3/><T97/><REACH who="0" step="1"/><D60/><REACH who="0" ten="168,290,562,0" step="2"/><U71/><AGARI ba="6,3" hai="53,54,63,65,71,73,77,80,132,133,134" m="39433" machi="71" ten="40,1100,0" yaku="20,1" doraHai="93" who="1" fromWho="1" sc="168,-13,290,53,562,-10,0,0" /><INIT seed="5,0,0,4,4,122" ten="155,343,552,0" oya="1" hai0="125,113,97,63,65,134,84,1,55,50,3,53,102" hai1="111,92,80,85,121,46,123,71,99,49,93,39,114" hai2="75,112,0,104,33,131,62,108,106,115,133,69,74" hai3=""/><U35/><N who="1" m="31008" /><U91/><N who="1" m="31520" /><U88/><E35/><V130/><F33/><T95/><D113/><N who="2" m="43594" /><F0/><T54/><D134/><U116/><E116/><V32/><F32/><T127/><D50/><U128/><E114/><V2/><F108/><T120/><N who="0" m="30752" /><T42/><D42/><U44/><E128/><N who="2" m="49195" /><F2/><T37/><D37/><U83/><E71/><V118/><F133/><T86/><D1/><U94/><E94/><V132/><F118/><T81/><D3/><U38/><E111/><V98/><F132/><T36/><D36/><U119/><E119/><V101/><F106/><T61/><D65/><AGARI ba="0,0" hai="62,65,69,74,75,98,101,104" m="49195,43594" machi="65" ten="30,7700,0" yaku="15,1,11,1,19,1,23,1" doraHai="122" who="2" fromWho="0" sc="155,-77,343,0,552,77,0,0" /><INIT seed="6,0,0,3,2,126" ten="78,343,629,0" oya="2" hai0="36,41,44,90,73,70,56,53,59,40,108,132,124" hai1="133,131,47,98,65,39,80,74,38,60,107,114,49" hai2="102,105,103,2,64,106,109,43,120,51,71,83,94" hai3=""/><V91/><N who="2" m="30752" /><V111/><F2/><T75/><D90/><U68/><E98/><V76/><F64/><T69/><D124/><U130/><E80/><V88/><F71/><T86/><D86/><U84/><E84/><V66/><F66/><T113/><D132/><U62/><E107/><N who="2" m="40971" /><F51/><T72/><D108/><N who="2" m="41546" /><F43/><T37/><D53/><U122/><N who="1" m="31264" /><U50/><E74/><V116/><F116/><T89/><D89/><N who="2" m="34378" /><F94/><T115/><D44/><U34/><E34/><V67/><F67/><T61/><D61/><U55/><E133/><V101/><F101/><T99/><D99/><U82/><E82/><V45/><F45/><T123/><N who="0" m="31520" /><T0/><D0/><U135/><E135/><V32/><F32/><T125/><D125/><U117/><E117/><V118/><F118/><T134/><D134/><U110/><E110/><V87/><AGARI ba="0,0" hai="76,83,87,102,103" m="34378,41546,40971,30752" machi="87" ten="40,8000,1" yaku="10,1,34,2,52,1,54,1" doraHai="126" who="2" fromWho="2" sc="78,-40,343,-40,629,80,0,0" owari="38,-56.0,303,-10.0,709,66.0,0,0.0" /></mjloggm>