<mjloggm ver="2.3"><GO type="169" lobby="0"/><UN n0="%E6%97%A5%E9%99%B0%E3%81%95%E3%82%93" n1="%E3%81%97%E3%82%89%E3%81%99%EF%BC%A1" n2="%E3%83%9E%E3%83%AB%E3%83%9E%E3%83%AB%E3%81%A1%E3%82%83%E3%82%93" n3="%E6%BB%9D%E6%9C%AC%E3%81%B2%E3%81%B5%E3%81%BF%EF%BC%81" dan="16,16,16,17" rate="2072.29,2092.33,2114.05,2202.77" sx="F,M,M,M"/><TAIKYOKU oya="0"/><INIT seed="0,0,0,5,3,127" ten="250,250,250,250" oya="0" hai0="58,2,122,135,72,15,123,104,62,79,81,126,117" hai1="29,53,63,33,55,120,89,30,114,66,77,43,19" hai2="59,40,116,32,6,28,9,107,112,42,61,109,48" hai3="54,76,34,56,111,87,130,67,27,65,13,128,121"/><T125/><D2/><U75/><E120/><V98/><F112/><W12/><G121/><T17/><D117/><U47/><E114/><V46/><F109/><W105/><G105/><T45/><D104/><U23/><E33/><V38/><F116/><W106/><G106/><T50/><D135/><U41/><E75/><V51/><F42/><W5/><G111/><T74/><D74/><U124/><E77/><V3/><F28/><W85/><G34/><T82/><D82/><U100/><E100/><V7/><F7/><W68/><G27/><T90/><D90/><U93/><E124/><N who="0" m="47721" /><D50/><U113/><E113/><V94/><F107/><W22/><G68/><T57/><D58/><U96/><E30/><V16/><F16/><W21/><G5/><T0/><D45/><U31/><E31/><V70/><F70/><W80/><G56/><T8/><D0/><U60/><E29/><V99/><F32/><W132/><G54/><AGARI ba="0,0" hai="8,15,17,54,57,62,72,79,81,122,123" m="47721" machi="54" ten="30,1500,0" yaku="18,1" doraHai="127" who="0" fromWho="3" sc="250,15,250,0,250,0,250,-15" /><INIT seed="0,1,0,5,3,135" ten="265,250,250,235" oya="0" hai0="5,59,44,121,67,43,76,134,88,51,130,18,120" hai1="81,1,85,125,66,112,7,8,19,40,69,37,2" hai2="52,119,131,82,32,45,78,133,89,22,92,108,23" hai3="10,71,25,99,16,114,132,95,123,64,6,87,14"/><T84/><D134/><U35/><E35/><V70/><F133/><W21/><G132/><T73/><D130/><U105/><E105/><V97/><F32/><W107/><G123/><T24/><D5/><U65/><E112/><V9/><F108/><W91/><G114/><T98/><D98/><U113/><E113/><V104/><F131/><W101/><REACH who="3" step="1"/><G64/><REACH who="3" ten="265,250,250,225" step="2"/><T111/><D111/><U20/><E65/><V3/><F119/><W124/><G124/><T56/><D67/><U74/><E125/><V31/><F70/><AGARI ba="1,1" hai="6,10,14,16,21,25,70,71,87,91,95,99,101,107" machi="70" ten="40,2600,0" yaku="1,1,54,1,53,0" doraHai="135" doraHaiUra="30" who="3" fromWho="2" sc="265,0,250,0,250,-29,225,39" /><INIT seed="1,0,0,3,2,48" ten="265,250,221,264" oya="1" hai0="14,126,104,108,124,44,6,37,119,79,40,2,54" hai1="21,33,87,102,130,57,93,94,70,5,115,83,63" hai2="13,55,75,133,90,58,131,78,80,38,103,60,85" hai3="4,56,73,11,113,36,47,30,59,106,1,98,61"/><U125/><E115/><V99/><F133/><W116/><G116/><T10/><D119/><U0/><E70/><V121/><F131/><W82/><G30/><T77/><D104/><U100/><E130/><V120/><F38/><W118/><G113/><T84/><D108/><U72/><E33/><V86/><F86/><W7/><G7/><T9/><D54/><U49/><E72/><V17/><F78/><N who="3" m="44367" /><G118/><T96/><D96/><U26/><E49/><V67/><F75/><W27/><G27/><T34/><D34/><U89/><E5/><V91/><F91/><W50/><G50/><T41/><D41/><U132/><E125/><N who="0" m="48233" /><D84/><U66/><E0/><V51/><F99/><W28/><G28/><T128/><D128/><U92/><E132/><V111/><F103/><N who="3" m="62839" /><G61/><T8/><D8/><U65/><E65/><V117/><F117/><W129/><G129/><T31/><D31/><AGARI ba="0,0" hai="21,26,31,57,63,66,83,87,89,92,93,94,100,102" machi="31" ten="40,2000,0" yaku="8,1" doraHai="48" who="1" fromWho="0" sc="265,-20,250,20,221,0,264,0" /><INIT seed="1,1,0,1,3,83" ten="245,270,221,264" oya="1" hai0="10,40,123,79,106,0,7,85,67,103,68,101,53" hai1="120,95,24,63,90,50,104,89,33,113,121,128,129" hai2="97,131,61,117,88,48,66,111,98,35,22,112,3" hai3="124,43,75,69,82,17,108,74,8,11,100,126,84"/><U25/><E113/><V105/><F117/><W125/><G69/><T6/><D123/><U110/><E104/><V49/><F3/><W36/><G100/><T56/><D40/><U47/><E63/><V51/><F35/><W65/><G65/><T29/><D29/><U130/><E110/><V9/><F111/><W71/><G71/><T118/><D7/><U20/><E33/><V92/><F131/><W133/><G108/><T96/><D103/><U93/><E50/><V115/><F9/><N who="3" m="3659" /><G133/><T119/><D67/><U132/><E47/><V57/><F22/><W77/><G17/><T127/><D127/><N who="3" m="32513" /><W1/><DORA hai="2" /><G1/><T45/><D45/><AGARI ba="1,0" hai="36,43,45,74,75,77,82,84" m="32513,3659" machi="45" ten="40,2600,0" yaku="18,1,52,1" doraHai="83,2" who="3" fromWho="0" sc="245,-29,270,0,221,0,264,29" /><INIT seed="2,0,0,5,3,36" ten="216,270,221,293" oya="2" hai0="1,43,111,5,79,48,102,50,129,93,80,4,132" hai1="15,88,135,55,30,104,103,61,78,92,38,115,68" hai2="100,40,57,110,95,81,64,65,108,18,112,66,85" hai3="70,41,13,87,76,97,75,7,83,39,71,118,6"/><V31/><F112/><W114/><G118/><T26/><D111/><N who="2" m="42538" /><F31/><W123/><G123/><T52/><D129/><U89/><E115/><V63/><F18/><W17/><G114/><T77/><D132/><U127/><E135/><V72/><F72/><W54/><G70/><T98/><D1/><U107/><E127/><V14/><F14/><W106/><G71/><T90/><D26/><U60/><E38/><V20/><F20/><W32/><G32/><T58/><D102/><U33/><E78/><N who="0" m="29705" /><D80/><U21/><E33/><V94/><F40/><W131/><G131/><T9/><D9/><U67/><E30/><V49/><F49/><W119/><G75/><T53/><D43/><U12/><E21/><V27/><F27/><W82/><G82/><T134/><D134/><U122/><E122/><V84/><F100/><W16/><G17/><T0/><D0/><U47/><E103/><V37/><F37/><W10/><G119/><T62/><D62/><U56/><E12/><V101/><F101/><W59/><G106/><T109/><D109/><U35/><E15/><V73/><F73/><W130/><G130/><T29/><D29/><U8/><E104/><V116/><F116/><W22/><G10/><T28/><D28/><U105/><E105/><V99/><F99/><W42/><G97/><T133/><D133/><U23/><E107/><V11/><F11/><W113/><G113/><T126/><D126/><U120/><E23/><V25/><F25/><W117/><G117/><T51/><D51/><U24/><E120/><V69/><F69/><W46/><G41/><T19/><D19/><RYUUKYOKU ba="0,0" sc="216,15,270,-15,221,-15,293,15" hai0="4,5,48,50,52,53,58,90,93,98" hai3="6,7,13,16,22,39,42,46,54,59,76,83,87" /><INIT seed="3,1,0,0,3,55" ten="231,255,206,308" oya="3" hai0="116,111,44,67,66,102,7,110,83,97,132,2,131" hai1="117,112,103,60,39,33,14,41,62,123,59,87,125" hai2="81,50,12,38,32,3,108,73,84,90,64,98,126" hai3="51,27,49,57,120,29,15,129,18,86,77,8,46"/><W109/><G120/><T95/><D116/><U37/><E123/><V69/><F3/><W5/><G129/><T24/><D131/><U1/><E1/><V10/><F38/><W135/><G135/><T85/><D132/><U31/><E112/><V53/><F108/><N who="0" m="41514" /><D44/><U130/><E125/><V115/><F115/><W105/><G105/><T20/><D7/><U133/><E133/><V68/><F32/><W19/><G109/><T4/><D4/><U58/><E130/><V92/><F73/><W72/><G72/><T11/><D11/><U42/><E103/><V78/><F64/><W96/><G96/><T94/><D94/><U9/><E87/><V71/><F126/><W128/><G128/><T13/><D13/><U25/><E117/><V48/><REACH who="2" step="1"/><F53/><REACH who="2" ten="231,255,196,308" step="2"/><W56/><G5/><AGARI ba="1,1" hai="5,10,12,48,50,68,69,71,78,81,84,90,92,98" machi="5" ten="40,2600,0" yaku="1,1,2,1,53,0" doraHai="55" doraHaiUra="119" who="2" fromWho="3" sc="231,0,255,0,196,39,308,-29" /><INIT seed="4,0,0,5,4,44" ten="231,255,235,279" oya="0" hai0="59,77,69,57,107,66,71,98,36,16,73,91,43" hai1="94,116,95,67,51,99,3,96,89,39,82,2,88" hai2="129,134,5,72,64,127,26,4,119,115,120,74,31" hai3="68,125,40,30,92,18,19,46,29,21,111,109,113"/><T80/><D36/><U15/><E39/><V58/><F120/><W13/><G68/><T25/><D43/><U133/><E116/><V124/><F119/><W105/><G105/><T126/><D126/><N who="2" m="48170" /><F115/><W22/><G125/><T37/><D37/><U34/><E133/><V97/><F129/><W32/><G113/><T38/><D38/><U8/><E67/><V42/><F42/><W76/><G32/><T85/><D59/><U17/><E34/><V12/><F134/><W87/><G109/><T108/><D57/><U110/><E110/><V93/><F64/><W48/><G111/><T79/><D79/><U70/><E70/><V90/><F58/><W122/><G122/><T101/><D66/><U61/><E61/><V132/><F132/><W11/><G11/><T20/><REACH who="0" step="1"/><D108/><REACH who="0" ten="221,255,235,279" step="2"/><U128/><E128/><V106/><F106/><W52/><G40/><T81/><AGARI ba="0,1" hai="16,20,25,69,71,73,77,80,81,85,91,98,101,107" machi="81" ten="20,12000,1" yaku="1,1,2,1,0,1,7,1,54,1,53,0" doraHai="44" doraHaiUra="27" who="0" fromWho="0" sc="221,130,255,-40,235,-40,279,-40" /><INIT seed="4,1,0,2,1,64" ten="351,215,195,239" oya="0" hai0="58,135,132,100,25,89,120,77,44,101,97,16,98" hai1="1,103,72,27,52,69,32,104,94,29,91,31,57" hai2="74,39,110,114,93,8,130,117,20,30,23,56,35" hai3="49,102,40,82,92,123,75,13,107,33,129,119,43"/><T109/><D120/><U50/><E1/><V26/><F110/><W122/><G119/><T121/><D121/><N who="3" m="46089" /><G107/><T88/><D109/><U65/><E72/><V38/><F117/><W134/><G33/><T127/><D127/><U61/><E31/><V10/><F114/><W113/><G129/><T111/><D111/><U17/><E17/><V36/><F130/><W125/><G134/><N who="0" m="51243" /><D77/><U14/><E14/><V3/><F74/><W95/><G113/><T118/><D58/><U85/><E103/><N who="0" m="39497" /><D44/><U41/><E41/><V73/><F73/><W54/><G125/><T67/><D67/><U19/><REACH who="1" step="1"/><E19/><REACH who="1" ten="351,205,195,239" step="2"/><V2/><F2/><W24/><G43/><T79/><D118/><U112/><E112/><V12/><F3/><W81/><G40/><T18/><D25/><U60/><E60/><V28/><F28/><W11/><G24/><T131/><D131/><U9/><E9/><V116/><F116/><W34/><G102/><T80/><D18/><U105/><AGARI ba="1,1" hai="27,29,32,50,52,57,61,65,69,85,91,94,104,105" machi="105" ten="30,8000,1" yaku="1,1,0,1,52,1,54,1,53,1" doraHai="64" doraHaiUra="21" who="1" fromWho="1" sc="351,-41,205,93,195,-21,239,-21" /><INIT seed="5,0,0,3,4,113" ten="310,298,174,218" oya="1" hai0="40,76,44,49,8,32,52,121,42,67,47,50,4" hai1="16,99,79,132,25,85,83,131,48,93,82,26,124" hai2="80,90,36,133,106,54,81,84,120,11,125,97,29" hai3="68,126,62,21,7,75,74,87,64,112,72,45,108"/><U30/><E132/><V110/><F110/><W58/><G112/><T22/><D32/><U104/><E131/><V103/><F120/><W46/><G108/><T59/><D121/><U5/><E124/><V0/><F133/><W34/><G34/><T41/><D76/><U96/><E5/><V24/><F125/><W119/><G126/><T55/><D22/><U39/><E39/><V116/><F36/><W95/><G68/><T102/><D102/><U66/><E104/><V14/><F0/><W2/><G2/><T17/><D17/><U56/><E83/><V60/><F60/><W129/><G7/><T118/><D118/><U63/><E48/><V38/><F54/><N who="0" m="20522" /><D8/><U18/><E26/><V19/><F38/><W27/><G129/><T6/><D4/><U123/><E99/><V91/><F116/><W9/><G9/><T1/><D6/><U127/><E123/><V86/><REACH who="2" step="1"/><F24/><REACH who="2" ten="310,298,164,218" step="2"/><W135/><G135/><T94/><D1/><U20/><E127/><V37/><F37/><W43/><G119/><T88/><D41/><U78/><E78/><V31/><AGARI ba="0,1" hai="11,14,19,29,31,80,81,84,86,90,91,97,103,106" machi="31" ten="30,4000,0" yaku="1,1,0,1,9,1,53,0" doraHai="113" doraHaiUra="28" who="2" fromWho="2" sc="310,-10,298,-20,164,50,218,-10" /><INIT seed="6,0,0,0,2,38" ten="300,278,214,208" oya="2" hai0="94,55,119,69,134,118,34,64,79,16,109,65,39" hai1="86,1,76,25,103,105,14,120,125,9,135,81,10" hai2="57,92,42,112,46,21,37,62,5,13,127,67,73" hai3="32,49,95,63,43,117,35,30,31,130,36,61,90"/><V133/><F73/><W80/><G117/><N who="0" m="44555" /><D34/><U121/><E125/><V85/><F127/><W23/><G36/><T82/><D39/><U83/><E135/><V124/><F124/><W101/><G130/><T98/><D69/><U18/><E105/><V107/><F107/><W114/><G32/><T17/><D134/><U29/><E103/><V2/><F133/><W99/><G35/><T87/><D55/><U53/><E53/><V41/><F112/><W56/><G114/><T71/><D109/><U40/><E40/><N who="2" m="15467" /><F2/><W123/><G123/><N who="1" m="47178" /><E1/><V51/><F37/><W47/><G23/><T4/><D4/><U28/><E9/><N who="2" m="4271" /><F21/><W131/><G131/><T97/><D97/><U26/><E81/><V44/><F51/><W106/><G80/><T115/><D71/><U58/><E58/><V50/><F50/><W27/><G27/><AGARI ba="0,0" hai="10,14,18,25,26,27,28,29,76,83,86" m="47178" machi="27" ten="30,1000,0" yaku="13,1" doraHai="38" who="1" fromWho="3" sc="300,0,278,10,214,0,208,-10" /><INIT seed="7,0,0,1,2,89" ten="300,288,214,198" oya="3" hai0="14,124,38,127,23,36,62,48,98,106,52,71,18" hai1="46,1,12,104,34,70,109,100,13,110,84,43,119" hai2="117,20,49,4,51,94,97,126,10,118,7,90,75" hai3="19,88,35,67,112,22,108,101,128,25,105,53,131"/><W33/><G105/><T123/><D123/><U114/><E70/><V81/><F126/><N who="0" m="48170" /><D62/><U76/><E1/><V3/><F7/><W41/><G101/><N who="0" m="62775" /><D71/><U72/><E114/><V86/><F75/><W78/><G112/><T80/><D80/><U83/><E34/><V120/><F120/><W2/><G2/><T69/><D69/><U74/><E119/><V42/><F20/><W26/><G108/><T95/><D95/><U79/><E109/><V93/><F93/><W64/><G78/><T115/><D115/><U102/><E110/><V55/><F42/><W61/><G41/><T56/><AGARI ba="0,0" hai="14,18,23,36,38,48,52,56" m="62775,48170" machi="56" ten="30,2000,0" yaku="18,1,54,1" doraHai="89" who="0" fromWho="0" sc="300,20,288,-5,214,-5,198,-10" owari="320,42.0,283,8.0,209,-19.0,188,-31.0" /></mjloggm>