<mjloggm ver="2.3"><GO type="225" lobby="0"/><UN n0="%E3%83%9D%E3%82%A4%E3%83%B3%E3%83%88%E9%82%84%E5%85%83" n1="%E9%95%B7%E5%B3%B6%E3%83%B3%E3%82%AC%E3%83%B3" n2="%48%61%61%61%6C%61%6E%64" n3="%E3%81%99%E3%81%84%E3%81%BE%E3%81%9B%E3%83%BC%E3%82%93" dan="16,17,17,17" rate="2106.71,2135.51,2133.15,2158.16" sx="M,M,M,M"/><TAIKYOKU oya="0"/><INIT seed="0,0,0,5,1,134" ten="250,250,250,250" oya="0" hai0="108,76,133,126,3,89,50,46,72,24,95,48,14" hai1="59,28,106,34,27,56,22,20,33,6,39,60,8" hai2="81,18,131,62,99,119,88,116,92,5,114,45,21" hai3="86,120,115,7,94,35,30,112,82,101,58,47,25"/><T40/><D3/><U51/><E39/><V103/><F114/><W129/><G129/><T118/><D133/><U2/><E106/><V71/><F5/><W10/><G120/><T100/><D118/><N who="2" m="45098" /><F45/><W17/><G17/><T78/><D126/><U135/><E135/><V98/><F131/><W93/><G47/><T73/><D100/><U121/><E121/><V43/><F43/><W122/><G122/><T13/><D24/><U16/><E51/><V91/><F81/><W83/><G83/><T77/><D50/><U111/><E111/><V74/><F74/><W109/><G109/><T79/><N who="0" m="19456" /><DORA hai="23" /><T61/><D61/><U52/><E56/><V87/><F91/><W57/><G57/><T0/><D0/><U15/><AGARI ba="0,0" hai="2,6,8,15,16,20,22,27,28,33,34,52,59,60" machi="15" ten="20,8000,1" yaku="0,1,7,1,52,1,54,2" doraHai="134,23" who="1" fromWho="1" sc="250,-40,250,80,250,-20,250,-20" /><INIT seed="1,0,0,5,4,32" ten="210,330,230,230" oya="1" hai0="105,107,52,36,111,84,8,70,27,114,117,86,134" hai1="87,103,7,85,59,96,93,54,42,62,20,44,72" hai2="119,18,65,76,71,73,21,35,109,4,104,69,126" hai3="92,39,82,91,79,2,118,123,43,116,106,135,14"/><U129/><E72/><V100/><F119/><N who="3" m="45611" /><G106/><T90/><D117/><U57/><E129/><V0/><F35/><W58/><G123/><T17/><D36/><U115/><E115/><V68/><F109/><W80/><G135/><T49/><D114/><U120/><E120/><V124/><F65/><W16/><G2/><T31/><D70/><U33/><E33/><V77/><F100/><W22/><G58/><T102/><D111/><U128/><E128/><V38/><F38/><W110/><G110/><T108/><D134/><U78/><E78/><V30/><F30/><W97/><G79/><T46/><D102/><U101/><E101/><V11/><F104/><W81/><G39/><T41/><D86/><U121/><E121/><V64/><F64/><W48/><G48/><T60/><D108/><U99/><E99/><V24/><REACH who="2" step="1"/><F73/><REACH who="2" ten="210,330,220,230" step="2"/><W95/><G95/><N who="0" m="54727" /><D107/><U130/><E130/><V29/><F29/><W37/><G37/><T88/><D105/><U74/><E74/><V61/><F61/><W25/><G43/><T19/><D41/><U113/><E113/><V9/><F9/><N who="3" m="6223" /><G81/><T50/><D8/><U13/><E42/><V45/><F45/><W28/><AGARI ba="0,1" hai="22,25,28,80,82,91,92,97" m="6223,45611" machi="28" ten="30,2000,0" yaku="12,1,54,1" doraHai="32" who="3" fromWho="3" sc="210,-5,330,-10,220,-5,230,30" /><INIT seed="2,0,0,3,5,120" ten="205,320,215,260" oya="2" hai0="34,122,85,1,8,113,116,73,0,98,123,26,61" hai1="95,88,7,43,35,117,24,121,134,87,128,18,64" hai2="105,48,86,119,5,9,65,53,57,72,20,76,69" hai3="16,127,58,89,130,94,42,82,10,59,47,31,45"/><V39/><F119/><W56/><G130/><T11/><D116/><U37/><E117/><V125/><F125/><W19/><G127/><T38/><D38/><U91/><E7/><V108/><F105/><W23/><G82/><T36/><D36/><U67/><E134/><V132/><F132/><W51/><G45/><T68/><D73/><U78/><E78/><V118/><F118/><W21/><G10/><T32/><D98/><U3/><E3/><N who="0" m="1097" /><D85/><U109/><E35/><N who="0" m="13353" /><D61/><U44/><E128/><V4/><F72/><W102/><G102/><T124/><D68/><U80/><E121/><N who="0" m="46089" /><D124/><U33/><E37/><V101/><F39/><W25/><G23/><T55/><D55/><U6/><E33/><V40/><F40/><W129/><G129/><T77/><D77/><U114/><E43/><V71/><F101/><W74/><G74/><T81/><D81/><U75/><E80/><N who="2" m="47367" /><F20/><W60/><G60/><T110/><D113/><U66/><E114/><V103/><F103/><W62/><G62/><T29/><D110/><U14/><E109/><V41/><F108/><W100/><G100/><T106/><D106/><U111/><E111/><V22/><F41/><W12/><G94/><T133/><D133/><U15/><E75/><V79/><F79/><W112/><G112/><T49/><D49/><U63/><E95/><V104/><F104/><W115/><G115/><T2/><N who="0" m="1105" /><T27/><DORA hai="13" /><D29/><U54/><E66/><V92/><F92/><W70/><G70/><N who="2" m="26633" /><F65/><W50/><G89/><T28/><D28/><U52/><E64/><V131/><F131/><W84/><G42/><RYUUKYOKU ba="0,0" sc="205,30,320,-10,215,-10,260,-10" hai0="8,11,26,27" /><INIT seed="3,1,0,1,1,10" ten="235,310,205,250" oya="3" hai0="109,54,112,72,80,110,127,22,81,55,35,78,13" hai1="111,49,37,98,97,91,59,133,79,107,131,89,58" hai2="60,104,64,29,69,129,119,84,40,26,124,135,71" hai3="87,2,6,46,21,34,5,28,42,92,48,14,47"/><W103/><G34/><T108/><D35/><U134/><E111/><V19/><F119/><W36/><G2/><T123/><D123/><U61/><E37/><V106/><F124/><W67/><G67/><T75/><D127/><U11/><E131/><V125/><F125/><W105/><G105/><T74/><D112/><U70/><E79/><V96/><F129/><W113/><G113/><T30/><D81/><U120/><E120/><V102/><F135/><W65/><G65/><T8/><D22/><U56/><E49/><V0/><F106/><W53/><G28/><T43/><D43/><U17/><E61/><V32/><F40/><W52/><G53/><N who="0" m="19979" /><D30/><U18/><E107/><V7/><F19/><AGARI ba="1,0" hai="8,13,19,72,74,75,78,80,108,109,110" m="19979" machi="19" ten="30,2000,0" yaku="14,1,52,1" doraHai="10" who="0" fromWho="2" sc="235,23,310,0,205,-23,250,0" owari="258,6.0,310,41.0,182,-32.0,250,-15.0" /></mjloggm>