<mjloggm ver="2.3"><GO type="169" lobby="0"/><UN n0="%E3%81%A4%E3%81%B0%E3%81%AB%E3%82%83%E3%82%93%E2%98%85" n1="%E7%A5%9E%E5%91%AA%E9%AD%94%E5%A5%B3" n2="%E3%81%88%E3%81%84%E3%81%8D%E3%81%A1%40%35%6D%66" n3="%6D%61%74%6F%30%36%30%33" dan="16,16,18,17" rate="2084.81,2205.84,2257.58,2203.58" sx="M,F,M,M"/><TAIKYOKU oya="0"/><INIT seed="0,0,0,0,4,78" ten="250,250,250,250" oya="0" hai0="118,72,52,97,55,24,80,134,125,122,58,101,89" hai1="22,38,43,76,133,88,25,74,23,106,132,121,45" hai2="41,67,98,77,68,26,21,5,47,37,40,0,129" hai3="53,71,90,81,49,109,66,123,13,7,33,126,124"/><T64/><D118/><U105/><E121/><V85/><F129/><W57/><G33/><T95/><D122/><U46/><E46/><V56/><F68/><W6/><G123/><T27/><D125/><N who="3" m="48233" /><G109/><T39/><D39/><U120/><E120/><V28/><F41/><W110/><G110/><T103/><D134/><N who="1" m="51819" /><E22/><V83/><F98/><W62/><G13/><T1/><D1/><U8/><E8/><V12/><F0/><W91/><G91/><T17/><D55/><U20/><E20/><V131/><F131/><W92/><G81/><T11/><D64/><U99/><E74/><V100/><F100/><W75/><G75/><T128/><D128/><U31/><E76/><V60/><REACH who="2" step="1"/><F12/><REACH who="2" ten="250,250,240,250" step="2"/><W135/><G135/><T36/><D36/><U116/><E116/><V117/><F117/><W51/><G51/><N who="0" m="31007" /><D103/><U102/><E102/><V104/><F104/><W112/><G112/><T94/><D72/><U65/><E99/><AGARI ba="0,1" hai="6,7,49,53,57,62,66,71,90,92,99" m="48233" machi="99" ten="30,1000,0" yaku="18,1" doraHai="78" who="3" fromWho="1" sc="250,0,250,-10,240,0,250,20" /><INIT seed="1,0,0,0,3,53" ten="250,240,240,270" oya="1" hai0="38,26,43,44,101,89,82,121,91,58,96,48,83" hai1="22,129,81,72,8,24,85,116,76,97,122,125,36" hai2="126,59,5,106,114,21,41,46,123,133,13,37,4" hai3="52,18,54,19,111,70,47,16,131,40,119,35,80"/><U12/><E122/><V60/><F123/><W88/><G70/><T109/><D121/><U6/><E116/><V73/><F106/><W66/><G119/><T107/><D109/><U45/><E125/><V92/><F73/><W50/><G111/><T77/><D83/><U33/><E129/><V132/><F126/><W56/><G35/><T11/><D26/><U67/><E33/><V87/><F114/><W93/><G80/><T112/><D112/><U55/><E67/><V104/><F104/><W20/><G131/><T10/><D10/><U103/><E36/><V102/><F21/><W94/><G94/><T79/><D79/><U29/><E72/><V115/><F115/><W65/><G20/><T51/><D51/><U95/><E55/><N who="3" m="21034" /><G56/><T14/><D58/><U62/><E62/><V61/><F59/><W71/><G71/><T68/><D38/><U118/><REACH who="1" step="1"/><E118/><REACH who="1" ten="250,230,240,270" step="2"/><V17/><F60/><W86/><AGARI ba="0,1" hai="16,18,19,40,47,50,65,66,86,88,93" m="21034" machi="86" ten="30,7900,0" yaku="8,1,54,3" doraHai="53" who="3" fromWho="3" sc="250,-20,230,-39,240,-20,270,89" /><INIT seed="2,0,0,4,2,2" ten="230,191,220,359" oya="2" hai0="91,36,29,127,16,132,112,33,124,18,121,49,31" hai1="69,4,79,54,43,25,107,115,12,85,48,122,93" hai2="5,99,24,97,65,102,84,66,133,57,104,44,101" hai3="30,94,63,87,23,105,9,71,114,75,64,128,72"/><V0/><F133/><W96/><G105/><T13/><D36/><U3/><E107/><V61/><F84/><W52/><G128/><T67/><D67/><U100/><E115/><V108/><F108/><W14/><G114/><T106/><D106/><U56/><E3/><V38/><F24/><W78/><G30/><T86/><D112/><U116/><E69/><V28/><F28/><W90/><G23/><T88/><D86/><U92/><E116/><V50/><F38/><W17/><REACH who="3" step="1"/><G52/><REACH who="3" ten="230,191,220,349" step="2"/><T129/><D129/><U20/><E122/><V74/><F66/><W27/><G27/><T70/><D33/><U1/><E20/><V83/><F104/><W11/><G11/><T6/><D121/><U35/><E25/><V39/><F65/><W19/><G19/><T119/><D119/><U68/><E35/><V80/><F61/><W134/><G134/><T15/><D132/><U53/><E54/><V103/><F57/><W42/><G42/><T45/><D70/><U135/><E43/><V10/><F39/><W26/><G26/><T118/><D118/><U60/><E53/><V34/><F34/><W37/><G37/><T117/><D117/><U41/><E56/><V32/><F32/><W98/><G98/><T130/><D130/><U95/><E41/><N who="2" m="24847" /><F99/><W73/><G73/><T51/><REACH who="0" step="1"/><D45/><REACH who="0" ten="220,191,220,349" step="2"/><U47/><E47/><V120/><F120/><W77/><G77/><T126/><D126/><U58/><E79/><N who="2" m="44151" /><F97/><W55/><G55/><T81/><D81/><AGARI ba="0,2" hai="9,14,17,63,64,71,72,75,78,81,87,90,94,96" machi="81" ten="40,1300,0" yaku="1,1,53,0" doraHai="2" doraHaiUra="113" who="3" fromWho="0" sc="220,-13,191,0,220,0,349,33" /><INIT seed="3,0,0,3,0,92" ten="207,191,220,382" oya="3" hai0="63,111,38,13,114,47,102,16,26,31,119,132,54" hai1="109,89,94,118,83,130,44,116,5,124,48,85,60" hai2="101,57,20,105,66,58,23,12,73,46,65,50,14" hai3="41,106,30,6,97,7,51,69,25,110,115,17,135"/><W32/><G115/><T18/><D111/><U29/><E109/><V96/><F73/><W3/><G110/><T108/><D119/><N who="1" m="45611" /><E130/><V88/><F66/><W113/><G113/><T128/><D128/><U33/><E124/><V9/><F12/><W11/><G69/><T53/><D114/><U112/><E112/><V45/><F45/><W8/><G135/><T87/><D132/><U1/><E1/><V35/><F35/><W133/><G133/><T99/><D108/><U104/><E104/><V81/><F65/><W15/><G41/><T72/><D72/><U2/><E60/><V59/><F81/><W126/><G51/><T122/><D87/><U74/><E2/><V64/><F64/><W34/><G126/><T0/><D0/><U84/><E5/><V55/><REACH who="2" step="1"/><F88/><REACH who="2" ten="207,191,210,382" step="2"/><W10/><G32/><T49/><D18/><AGARI ba="0,1" hai="9,14,18,20,23,46,50,55,57,58,59,96,101,105" machi="18" ten="40,8000,1" yaku="1,1,2,1,52,1,53,1" doraHai="92" doraHaiUra="100" who="2" fromWho="0" sc="207,-80,191,0,210,90,382,0" /><INIT seed="4,0,0,0,0,85" ten="127,191,300,382" oya="0" hai0="42,32,121,5,124,77,36,83,101,117,40,93,118" hai1="38,69,12,26,92,97,49,44,107,3,104,100,109" hai2="59,81,67,132,89,58,13,134,84,7,8,82,110" hai3="99,29,96,6,75,91,90,15,63,21,125,135,133"/><T22/><D32/><U20/><E3/><V108/><F82/><W34/><G75/><T60/><D121/><U79/><E69/><V73/><F73/><W103/><G125/><T23/><D124/><U129/><E109/><N who="2" m="42091" /><F67/><W76/><G76/><T105/><D105/><U39/><E129/><V64/><F64/><W114/><G114/><T54/><D5/><U17/><E79/><V11/><F8/><N who="3" m="4503" /><G34/><T68/><D77/><U120/><E120/><V87/><F87/><W52/><G29/><T16/><D93/><U48/><E48/><V123/><F123/><W126/><G21/><T18/><D83/><U46/><E38/><V106/><F106/><N who="3" m="63847" /><G99/><T41/><D36/><U62/><E62/><V72/><F72/><W9/><G9/><T86/><D86/><U80/><E80/><V116/><F116/><W35/><G35/><T78/><D78/><U43/><E26/><V112/><F112/><W27/><G27/><T94/><D94/><U88/><REACH who="1" step="1"/><E100/><REACH who="1" ten="127,181,300,382" step="2"/><V127/><F127/><W71/><G71/><T57/><D101/><U2/><E2/><V130/><F130/><W111/><G126/><T102/><D102/><U55/><AGARI ba="0,1" hai="12,17,20,39,43,44,46,49,55,88,92,97,104,107" machi="55" ten="20,8000,1" yaku="1,1,0,1,7,1,52,1,54,1,53,0" doraHai="85" doraHaiUra="98" who="1" fromWho="1" sc="127,-40,181,90,300,-20,382,-20" /><INIT seed="5,0,0,2,5,107" ten="87,271,280,362" oya="1" hai0="60,78,34,10,55,90,96,103,18,72,124,120,51" hai1="80,83,15,100,12,98,122,50,6,0,53,79,128" hai2="134,109,41,71,123,28,63,77,22,105,58,81,2" hai3="62,117,97,56,91,82,73,11,32,59,44,75,88"/><U64/><E122/><V36/><F123/><W38/><G32/><T21/><D34/><U16/><E64/><V65/><F109/><W70/><G70/><T108/><D108/><U19/><E0/><V47/><F2/><W35/><G35/><T17/><D120/><U27/><E128/><V48/><F105/><W84/><G117/><T135/><D60/><U133/><E133/><V116/><F116/><W87/><G97/><T52/><D135/><U113/><E113/><V130/><F130/><W115/><G115/><T69/><D69/><U127/><E127/><V9/><F9/><W94/><G11/><T42/><D124/><U8/><E27/><V4/><F4/><W121/><G59/><T111/><D90/><U114/><E114/><V68/><F134/><W93/><G82/><T23/><D10/><U67/><E67/><V131/><F131/><W39/><G121/><T43/><D111/><U92/><E80/><V26/><REACH who="2" step="1"/><F36/><REACH who="2" ten="87,271,270,362" step="2"/><W25/><G38/><T14/><D78/><U45/><REACH who="1" step="1"/><E12/><REACH who="1" ten="87,261,270,362" step="2"/><V40/><F40/><W31/><G25/><T99/><D14/><U61/><E61/><V1/><F1/><W57/><G62/><T89/><D51/><U86/><AGARI ba="0,2" hai="6,8,15,16,19,45,50,53,79,83,86,92,98,100" machi="86" ten="20,18000,2" yaku="1,1,0,1,7,1,8,1,54,1,53,1" doraHai="107" doraHaiUra="7" who="1" fromWho="1" sc="87,-60,261,200,270,-60,362,-60" /><INIT seed="5,1,0,3,0,11" ten="27,461,210,302" oya="1" hai0="104,47,15,62,65,107,73,30,43,9,121,113,72" hai1="56,34,95,12,22,26,74,6,112,0,78,68,101" hai2="103,64,111,99,23,110,42,132,5,85,116,108,105" hai3="90,66,52,128,71,10,114,92,17,135,122,131,130"/><U2/><E68/><V48/><F116/><W20/><G122/><T106/><D113/><U36/><E36/><V19/><F132/><W126/><G114/><T70/><D121/><U69/><E69/><V28/><F5/><W57/><G135/><T76/><D30/><U8/><E112/><V54/><F64/><W124/><G10/><T55/><D55/><U79/><E74/><V32/><F42/><W24/><G66/><T117/><D117/><U21/><E0/><V82/><F28/><W109/><G71/><T96/><D76/><U129/><E129/><V87/><F32/><W18/><G18/><T46/><D46/><U115/><E115/><V75/><F75/><W98/><REACH who="3" step="1"/><G109/><REACH who="3" ten="27,461,210,292" step="2"/><T25/><D25/><U133/><E133/><V123/><F123/><W102/><G102/><T89/><D89/><U27/><E101/><V49/><F19/><W41/><G41/><T29/><D29/><U1/><E27/><V16/><F54/><W83/><G83/><T134/><D134/><U91/><E26/><V67/><F67/><W88/><G88/><T118/><D118/><U81/><E91/><V33/><F82/><W59/><G59/><T63/><D63/><AGARI ba="1,1" hai="17,20,24,52,57,63,90,92,98,124,126,128,130,131" machi="63" ten="40,8000,1" yaku="1,1,25,2,19,1,54,1,53,0" doraHai="11" doraHaiUra="44" who="3" fromWho="0" sc="27,-83,461,0,210,0,292,93" owari="-56,-56.0,461,56.0,210,-19.0,385,19.0" /></mjloggm>