<mjloggm ver="2.3"><GO type="225" lobby="0"/><UN n0="%E9%B3%B4%E3%81%8D%E3%83%80%E3%83%AB%E3%83%9E" n1="%E4%BC%BD%E8%97%8D%E5%A0%82%E7%B4%97%E7%BE%85" n2="%E3%82%B8%E3%83%A3%E3%83%9E%E3%83%BC%E3%83%AB%E3%83%9E%E3%83%AC%E3%83%BC" n3="%E3%83%9F%E3%82%B9%E3%82%BF%E3%83%BC%E3%83%89%E3%83%BC%E3%83%8A%E3%83%84" dan="16,16,17,16" rate="2134.73,2223.42,2179.77,2077.04" sx="M,F,M,M"/><TAIKYOKU oya="0"/><INIT seed="0,0,0,5,4,87" ten="250,250,250,250" oya="0" hai0="74,62,54,95,58,114,119,53,109,21,128,61,103" hai1="44,73,126,92,46,133,78,82,16,47,42,6,135" hai2="12,28,90,71,94,110,123,127,5,112,108,59,9" hai3="43,27,1,86,22,11,17,36,81,132,134,120,41"/><T88/><D114/><U4/><E126/><V31/><F112/><W7/><G120/><T13/><D119/><U99/><E42/><V84/><F123/><W75/><G75/><T85/><D74/><U131/><E131/><V45/><F71/><W35/><G35/><T107/><D128/><U57/><E57/><V38/><F127/><W70/><G70/><T69/><D109/><N who="2" m="42090" /><F59/><W102/><G102/><T34/><D34/><U115/><E115/><V130/><F130/><W68/><G68/><T122/><D122/><U20/><E6/><V50/><F38/><W55/><G55/><AGARI ba="0,0" hai="5,9,12,28,31,45,50,55,84,90,94" m="42090" machi="55" ten="30,2000,0" yaku="14,1,52,1" doraHai="87" who="2" fromWho="3" sc="250,0,250,0,250,20,250,-20" /><INIT seed="1,0,0,3,0,132" ten="250,250,270,230" oya="1" hai0="70,35,44,72,22,119,48,131,71,39,84,38,66" hai1="23,114,68,87,2,55,82,69,117,0,129,112,110" hai2="10,3,57,42,13,49,83,50,78,135,26,51,90" hai3="14,16,9,40,28,52,94,88,98,34,18,41,36"/><U102/><E117/><V59/><F135/><W74/><G74/><T17/><D72/><U32/><E32/><V92/><F3/><W127/><G127/><T128/><D35/><U75/><E75/><V21/><F42/><N who="3" m="16491" /><G34/><T45/><D84/><U93/><E129/><N who="0" m="49737" /><D119/><U31/><E55/><V67/><F83/><W37/><G37/><N who="0" m="13835" /><D66/><U91/><E110/><V124/><F124/><W19/><G36/><T8/><D8/><U77/><E102/><V56/><F78/><W103/><G28/><T46/><D17/><N who="3" m="6761" /><G52/><N who="0" m="29703" /><D22/><U120/><E0/><V115/><F21/><W27/><G27/><T76/><D76/><U134/><E2/><V85/><F26/><W5/><G19/><T123/><D123/><U73/><E120/><V105/><F105/><W95/><G95/><T100/><D100/><AGARI ba="0,0" hai="5,9,14,88,94,98,100,103" m="6761,16491" machi="100" ten="30,3900,0" yaku="8,1,54,2" doraHai="132" who="3" fromWho="0" sc="250,-39,250,0,270,0,230,39" /><INIT seed="2,0,0,5,4,135" ten="211,250,270,269" oya="2" hai0="43,106,33,68,24,23,22,119,25,35,0,3,11" hai1="51,13,2,94,61,1,52,39,6,107,99,75,101" hai2="73,127,117,70,109,88,114,63,64,72,46,92,16" hai3="115,44,130,28,50,105,134,125,29,36,111,97,78"/><V126/><F114/><W47/><G111/><T26/><D106/><U89/><E39/><V67/><F117/><W128/><G134/><T77/><D68/><U15/><E75/><V34/><F109/><W113/><G78/><T66/><D43/><U62/><E2/><N who="0" m="553" /><D66/><U14/><E6/><V103/><F103/><N who="3" m="62703" /><G36/><T59/><D59/><U12/><N who="1" m="3072" /><DORA hai="41" /><U110/><E1/><V30/><F16/><W86/><G86/><T58/><D58/><U65/><E65/><V18/><F18/><W19/><G19/><N who="0" m="12383" /><D77/><U108/><E108/><V95/><F46/><N who="3" m="17451" /><G50/><T9/><D119/><U80/><E110/><V10/><F67/><W129/><G125/><N who="2" m="47625" /><F95/><W81/><G115/><T124/><D124/><U8/><E8/><N who="0" m="3145" /><D23/><U57/><REACH who="1" step="1"/><E80/><REACH who="1" ten="211,240,270,269" step="2"/><V5/><F10/><W7/><G113/><T76/><D76/><U91/><E91/><V84/><F5/><W17/><G7/><T53/><D53/><U87/><AGARI ba="0,1" hai="51,52,57,61,62,87,89,94,99,101,107" m="3072" machi="87" ten="40,8000,1" yaku="1,1,0,1,54,1,53,1" doraHai="135,41" doraHaiUra="32,100" who="1" fromWho="1" sc="211,-20,240,90,270,-40,269,-20" /><INIT seed="3,0,0,0,0,103" ten="191,330,230,249" oya="3" hai0="32,51,64,10,91,52,122,96,113,71,93,94,121" hai1="7,58,45,13,132,53,127,100,8,124,83,74,82" hai2="79,34,57,89,86,1,56,84,21,108,11,112,130" hai3="5,75,109,9,24,31,41,61,17,66,125,28,23"/><W110/><G75/><T55/><D32/><U18/><E74/><V85/><F34/><W63/><G41/><T120/><D113/><U95/><E45/><V48/><F112/><W128/><G128/><T0/><D71/><U27/><E132/><V77/><F108/><N who="3" m="41579" /><G125/><N who="1" m="48202" /><E27/><V30/><F1/><N who="3" m="175" /><G61/><T102/><D64/><U117/><E117/><V22/><F11/><W65/><G65/><T115/><D115/><U29/><E29/><V111/><F130/><W118/><G118/><T107/><D55/><U62/><E7/><V87/><F30/><W12/><G24/><T16/><D91/><U2/><E2/><V116/><F116/><W123/><G123/><T25/><D0/><U44/><E44/><V59/><F48/><W39/><G39/><T76/><D76/><N who="2" m="29258" /><F111/><W6/><G6/><T33/><D33/><U99/><AGARI ba="0,0" hai="8,13,18,53,58,62,82,83,95,99,100" m="48202" machi="99" ten="30,1100,0" yaku="18,1" doraHai="103" who="1" fromWho="1" sc="191,-3,330,11,230,-3,249,-5" owari="188,-31.0,341,44.0,227,-17.0,244,4.0" /></mjloggm>