<mjloggm ver="2.3"><GO type="185" lobby="0"/><UN n0="%E8%92%94%E7%B5%B5" n1="%79%61%73%73%61%6E" n2="%E3%83%8F%E3%83%94%E3%83%AA%E3%83%83%E3%83%88" n3="" dan="16,16,17,0" rate="2096.96,2232.72,2183.40,1500.00" sx="F,M,M,C"/><TAIKYOKU oya="0"/><INIT seed="0,0,0,0,4,54" ten="350,350,350,0" oya="0" hai0="39,64,77,59,120,134,57,115,126,130,87,90,47" hai1="96,58,50,82,48,94,34,78,55,45,92,129,105" hai2="52,132,72,86,44,97,0,100,66,102,133,127,3" hai3=""/><T40/><N who="0" m="30752" /><T51/><D115/><U41/><E34/><V110/><F72/><T85/><D126/><U101/><REACH who="1" step="1"/><E129/><REACH who="1" ten="350,340,350,0" step="2"/><V91/><F0/><T119/><D130/><U118/><E118/><V1/><F3/><T73/><D119/><U80/><E80/><V108/><F1/><T70/><D134/><U35/><E35/><V89/><F132/><T43/><D73/><AGARI ba="0,1" hai="41,45,48,50,55,58,73,78,82,92,94,96,101,105" machi="73" ten="30,7700,0" yaku="1,1,7,1,52,1,53,1" doraHai="54" doraHaiUra="53" who="1" fromWho="0" sc="350,-77,340,87,350,0,0,0" /><INIT seed="1,0,0,4,0,135" ten="273,427,350,0" oya="1" hai0="76,82,114,101,63,134,102,113,97,90,73,51,106" hai1="39,56,47,58,107,57,70,79,132,118,100,115,52" hai2="108,40,46,111,1,35,42,91,34,71,33,131,123" hai3=""/><U3/><E3/><V87/><N who="2" m="31520" /><V124/><F1/><T109/><D134/><U96/><E132/><V95/><F71/><T98/><D63/><U92/><E70/><V129/><F124/><T119/><D51/><U88/><E115/><V84/><F84/><T128/><D109/><N who="2" m="42058" /><F42/><T38/><D38/><AGARI ba="0,0" hai="33,34,35,38,40,46,87,91,95,129,131" m="42058,31520" machi="38" ten="40,2600,0" yaku="14,1,52,1" doraHai="135" who="2" fromWho="0" sc="273,-26,427,0,350,26,0,0" /><INIT seed="2,0,0,1,3,117" ten="247,427,376,0" oya="2" hai0="81,103,78,64,131,63,62,99,76,122,90,110,68" hai1="106,97,0,135,85,39,113,61,73,80,71,101,115" hai2="44,127,118,65,134,3,92,100,41,88,33,124,40" hai3=""/><V56/><F3/><T55/><N who="0" m="31264" /><T94/><D110/><U109/><E39/><V108/><F118/><T111/><D111/><U126/><E109/><V2/><F108/><T67/><D131/><U43/><E0/><V93/><F2/><T129/><D129/><U79/><E43/><V52/><F33/><T116/><D55/><U47/><E47/><V89/><F100/><T133/><D133/><U96/><E135/><V75/><F75/><T69/><D116/><U57/><E126/><N who="2" m="48171" /><F65/><T72/><REACH who="0" step="1"/><D78/><REACH who="0" ten="237,427,376,0" step="2"/><U1/><E1/><V46/><F134/><T112/><D112/><U121/><N who="1" m="31008" /><U66/><E115/><V91/><F40/><T59/><D59/><U50/><E113/><V48/><F44/><T32/><D32/><U42/><E42/><V83/><F83/><T45/><D45/><U98/><E73/><V82/><F82/><T132/><D132/><U60/><REACH who="1" step="1"/><E50/><AGARI ba="0,1" hai="41,46,48,50,52,56,88,89,91,92,93" m="48171" machi="50" ten="30,5800,0" yaku="18,1,54,2" doraHai="117" who="2" fromWho="1" sc="237,0,427,-58,376,68,0,0" /><INIT seed="2,1,0,0,5,113" ten="237,369,444,0" oya="2" hai0="72,115,57,91,67,114,33,52,0,135,116,3,41" hai1="76,92,133,119,104,81,46,71,106,47,48,94,63" hai2="70,111,98,77,51,99,108,83,84,124,60,68,117" hai3=""/><V2/><F2/><T93/><D33/><U96/><E133/><V128/><F124/><T110/><D135/><U64/><E47/><V120/><N who="2" m="30752" /><V50/><F128/><T54/><D72/><U53/><E94/><V79/><F60/><T103/><D103/><U32/><E32/><V78/><F83/><T112/><D110/><N who="2" m="42026" /><F84/><T61/><D41/><U39/><E39/><V73/><F73/><T45/><D45/><U123/><N who="1" m="31520" /><U34/><E34/><V125/><F125/><T88/><D91/><U107/><E119/><V56/><F117/><T35/><D35/><U69/><E69/><N who="2" m="26731" /><F56/><T101/><D116/><U59/><E71/><V43/><F43/><T105/><D3/><U121/><N who="1" m="31008" /><U90/><REACH who="1" step="1"/><E106/><REACH who="1" ten="237,359,444,0" step="2"/><V109/><F109/><T100/><D0/><U36/><E36/><V86/><F86/><AGARI ba="1,1" hai="46,48,53,59,63,64,76,81,86,90,92,96,104,107" m="31008,31520" machi="86" ten="30,7700,0" yaku="1,1,7,1,52,2,53,0" doraHai="113" doraHaiUra="132" who="1" fromWho="2" sc="237,0,359,89,444,-79,0,0" /><INIT seed="4,0,0,0,2,64" ten="237,448,365,0" oya="0" hai0="123,69,130,84,114,81,96,72,35,78,60,122,65" hai1="126,91,41,53,102,129,104,112,131,83,109,51,85" hai2="74,101,62,120,132,59,40,92,108,44,89,3,134" hai3=""/><T61/><N who="0" m="31264" /><T105/><N who="0" m="31520" /><T88/><D35/><U39/><E109/><V73/><N who="2" m="30752" /><V100/><F3/><T38/><D38/><U42/><E39/><V47/><F108/><T124/><D114/><U46/><E112/><V119/><F119/><T135/><D124/><U50/><E126/><V70/><F70/><T87/><D135/><N who="2" m="51754" /><F74/><T2/><D2/><U57/><E42/><V90/><F73/><T99/><D130/><N who="1" m="49675" /><E102/><N who="2" m="39531" /><F92/><T127/><D127/><U54/><E41/><V52/><F44/><T1/><D1/><U0/><E0/><V110/><F110/><T43/><D43/><U113/><E113/><V71/><F71/><T48/><D105/><AGARI ba="0,0" hai="46,50,51,53,54,57,83,85,91,104,105" m="49675" machi="105" ten="30,1000,0" yaku="19,1" doraHai="64" who="1" fromWho="0" sc="237,-10,448,10,365,0,0,0" /><INIT seed="5,0,0,0,0,112" ten="227,458,365,0" oya="1" hai0="48,85,54,39,123,36,90,86,63,33,77,114,126" hai1="133,66,82,45,100,68,118,38,108,76,57,72,71" hai2="37,134,49,94,110,128,120,127,50,103,115,67,125" hai3=""/><U117/><E100/><V40/><N who="2" m="30752" /><V34/><F110/><T107/><N who="0" m="31520" /><T53/><D33/><U129/><E108/><V116/><F34/><T119/><D114/><U99/><E99/><V130/><F115/><T70/><D107/><U65/><E133/><V0/><F0/><T91/><D77/><U88/><E129/><N who="2" m="49771" /><F103/><T73/><D73/><U93/><E57/><V84/><F84/><T96/><D96/><U121/><N who="1" m="31008" /><U102/><E102/><V51/><F94/><T44/><D70/><U131/><E131/><V56/><F116/><T69/><D119/><U95/><E71/><V98/><F98/><T83/><D126/><N who="2" m="48138" /><F134/><T60/><D69/><U42/><E68/><V106/><F106/><T1/><D1/><U46/><E93/><V52/><F67/><T89/><D89/><U75/><E95/><V32/><F32/><T61/><REACH who="0" step="1"/><D54/><REACH who="0" ten="217,458,365,0" step="2"/><U101/><E88/><V3/><F3/><T81/><AGARI ba="0,1" hai="36,39,44,48,53,60,61,63,81,83,85,86,90,91" m="31520" machi="81" ten="30,9000,2" yaku="1,1,2,1,0,1,9,1,52,1,53,1" doraHai="112" doraHaiUra="47" who="0" fromWho="0" sc="217,100,458,-60,365,-30,0,0" /><INIT seed="6,0,0,2,3,117" ten="317,398,335,0" oya="2" hai0="85,131,91,36,51,82,134,71,115,55,116,62,103" hai1="33,101,111,42,118,37,53,89,92,100,86,106,74" hai2="43,93,67,102,125,50,38,88,90,126,113,57,123" hai3=""/><V124/><N who="2" m="31520" /><V95/><F113/><T45/><D116/><U61/><E111/><V40/><F38/><T107/><D115/><U76/><E33/><V98/><F67/><T48/><D36/><U35/><E35/><V44/><F57/><T2/><D2/><U104/><E42/><V108/><F108/><T32/><D32/><U81/><E118/><V0/><F0/><T120/><N who="0" m="30752" /><T69/><D134/><U80/><E53/><V132/><F132/><T110/><D110/><U60/><E37/><V79/><F79/><T77/><D131/><U72/><E60/><V112/><F112/><T65/><D51/><U68/><E61/><V129/><F129/><T3/><D3/><U78/><E68/><V105/><F43/><T97/><REACH who="0" step="1"/><D71/><REACH who="0" ten="307,398,335,0" step="2"/><U135/><E135/><V41/><F41/><T114/><D114/><U58/><E58/><V75/><F75/><T127/><D127/><U121/><E121/><V83/><F83/><T63/><D63/><U52/><E52/><V109/><F109/><T46/><D46/><U84/><E74/><V122/><N who="2" m="31264" /><V34/><F34/><T59/><D59/><U73/><E73/><V128/><F128/><T99/><D99/><U70/><E70/><V56/><F56/><RYUUKYOKU ba="0,1" sc="307,0,398,0,335,0,0,0" hai0="45,48,55,62,65,69,77,82,85,91,97,103,107" hai1="72,76,78,80,81,84,86,89,92,100,101,104,106" hai2="40,44,50,88,90,93,95,98,102,105,124,125,126" /><INIT seed="6,1,1,4,4,111" ten="307,398,335,0" oya="2" hai0="70,80,51,132,77,88,130,90,83,110,124,128,56" hai1="69,103,108,134,36,95,45,118,112,84,33,54,59" hai2="38,101,98,52,66,71,76,85,89,0,92,97,37" hai3=""/><V48/><F0/><T32/><D110/><U44/><E33/><V123/><N who="2" m="31520" /><V104/><F66/><T57/><D32/><U79/><E69/><V96/><F71/><T121/><N who="0" m="31008" /><T122/><N who="0" m="31264" /><T46/><D70/><U58/><E108/><V81/><REACH who="2" step="1"/><F98/><REACH who="2" ten="307,398,325,0" step="2"/><T127/><D132/><U126/><E134/><V82/><F82/><T102/><D83/><U73/><E118/><V39/><F39/><T99/><D57/><AGARI ba="1,2" hai="37,38,48,52,57,76,81,85,89,92,96,97,101,104" m="31520" machi="57" ten="30,11600,0" yaku="1,1,7,1,52,1,54,1,53,0" doraHai="111" doraHaiUra="40" who="2" fromWho="0" sc="307,-118,398,0,325,138,0,0" owari="189,-41.0,398,0.0,463,41.0,0,0.0" /></mjloggm>