<mjloggm ver="2.3"><GO type="169" lobby="0"/><UN n0="%68%69%6A%69%68%69%6A%69" n1="%59%54%39%38%39%39" n2="%53%48%55%54%45%52" n3="%E5%85%8E%E3%81%A8%E4%BA%80" dan="16,17,16,17" rate="2063.20,2223.57,2114.03,2163.80" sx="F,M,M,M"/><TAIKYOKU oya="0"/><INIT seed="0,0,0,0,4,57" ten="250,250,250,250" oya="0" hai0="118,13,75,84,90,133,24,39,51,22,33,69,134" hai1="56,36,4,55,19,18,5,86,114,28,38,63,54" hai2="1,78,17,32,49,66,47,131,129,97,68,109,125" hai3="88,102,2,85,94,64,31,98,99,117,43,115,41"/><T42/><D118/><U108/><E28/><V16/><F1/><W52/><G117/><T3/><D75/><U21/><E38/><V60/><F32/><W35/><G115/><T48/><D3/><U127/><E36/><V71/><F109/><W132/><G2/><T107/><D107/><U15/><E108/><V45/><F125/><W124/><G124/><T29/><D69/><U77/><E127/><V116/><F116/><W123/><G64/><T104/><D104/><U101/><E101/><V8/><F78/><W27/><G132/><T25/><D13/><U12/><E114/><V61/><F97/><W111/><G111/><T126/><D39/><U26/><E26/><V7/><F7/><W79/><G123/><T106/><D106/><U95/><E55/><V89/><F89/><W130/><G130/><N who="2" m="49673" /><F8/><W110/><G110/><T53/><D126/><U9/><E95/><V105/><F47/><W37/><G37/><T73/><D33/><U82/><AGARI ba="0,0" hai="4,5,9,12,15,18,19,21,54,56,63,77,82,86" machi="82" ten="30,4000,0" yaku="0,1,8,1,52,1" doraHai="57" who="1" fromWho="1" sc="250,-20,250,40,250,-10,250,-10" /><INIT seed="1,0,0,0,4,8" ten="230,290,240,240" oya="1" hai0="45,63,69,57,44,9,104,120,103,70,92,0,34" hai1="33,128,25,41,101,55,5,58,113,56,46,38,21" hai2="48,64,126,90,3,28,4,79,108,65,19,123,59" hai3="22,77,52,86,14,107,54,118,73,51,116,26,35"/><U121/><E33/><V124/><F123/><W99/><G73/><T7/><D120/><U30/><E121/><V39/><F39/><W49/><G35/><T125/><D125/><U16/><E128/><V61/><F79/><W78/><G107/><T133/><D133/><U32/><E5/><V129/><F28/><W85/><G99/><T17/><D104/><U127/><E58/><V68/><F3/><W94/><G94/><T42/><D34/><U81/><E101/><V24/><F4/><W1/><G22/><T18/><D70/><U111/><E113/><V53/><F108/><W91/><G91/><T115/><D69/><U31/><E111/><V96/><F65/><W105/><G105/><T93/><D115/><U15/><E127/><V135/><F135/><W130/><G26/><T43/><D43/><U12/><E81/><V87/><F96/><W97/><G97/><T134/><D134/><U71/><E71/><V98/><F98/><W100/><G100/><T88/><D103/><U6/><E31/><V47/><F129/><W122/><G122/><T74/><D74/><U89/><E89/><V67/><F68/><W29/><G29/><T13/><D93/><U75/><E6/><V11/><F124/><W37/><G130/><T2/><D2/><U102/><E102/><V117/><F67/><W119/><G119/><T82/><D82/><U110/><E75/><V72/><F117/><W10/><G1/><T23/><D18/><U84/><E84/><V76/><F72/><W66/><G118/><T131/><D131/><U40/><E110/><V132/><F126/><RYUUKYOKU ba="0,0" sc="230,0,290,0,240,0,240,0" /><INIT seed="2,1,0,3,1,71" ten="230,290,240,240" oya="2" hai0="29,84,109,68,10,70,126,41,108,52,135,13,96" hai1="0,110,26,114,42,123,80,88,60,28,23,78,111" hai2="54,12,95,58,15,50,98,81,8,18,75,133,40" hai3="107,100,39,35,14,124,7,112,64,79,97,117,74"/><V91/><F133/><W89/><G117/><T20/><D135/><U113/><E0/><V134/><F134/><W17/><G35/><T49/><D126/><U59/><E42/><V3/><F3/><W128/><G124/><T38/><D84/><N who="1" m="50183" /><E123/><V33/><F33/><W61/><G128/><T122/><D122/><U25/><E25/><V87/><F75/><W119/><G119/><T72/><D72/><U2/><E78/><V67/><F67/><W21/><G112/><T125/><D125/><U9/><E9/><V104/><F104/><W90/><G7/><T34/><D34/><U115/><E2/><V82/><F40/><W27/><G39/><T45/><D96/><U69/><E69/><V51/><F50/><W63/><G63/><T93/><D93/><U37/><E37/><V32/><F32/><W6/><G27/><T118/><D118/><U22/><E22/><V36/><F36/><W19/><G6/><T101/><D101/><U73/><E73/><V66/><F66/><W1/><G1/><T129/><D129/><U62/><E59/><V99/><F15/><W77/><G19/><T94/><D70/><U43/><E43/><V130/><F130/><W46/><G46/><T44/><D68/><U92/><E62/><V65/><F65/><W103/><G103/><T131/><D131/><U5/><E60/><V31/><F31/><W132/><G132/><T106/><D29/><U11/><E28/><V86/><F95/><W102/><G102/><T30/><D30/><N who="1" m="17759" /><E92/><V53/><F54/><W4/><G74/><T121/><D94/><U116/><E116/><RYUUKYOKU ba="1,0" sc="230,-15,290,15,240,15,240,-15" hai1="5,11,110,111,113,114,115" hai2="8,12,18,51,53,58,81,82,86,87,91,98,99" /><INIT seed="2,2,0,5,3,52" ten="215,305,255,225" oya="2" hai0="57,11,2,62,112,15,89,4,130,126,50,10,118" hai1="132,6,124,120,91,103,134,70,135,74,31,128,54" hai2="28,110,67,19,102,45,63,94,14,72,25,1,30" hai3="51,97,42,21,82,47,9,81,32,53,20,29,121"/><V68/><F72/><W3/><G121/><T5/><D112/><U127/><E70/><V113/><F113/><W117/><G117/><T22/><D126/><N who="1" m="48171" /><E120/><V123/><F1/><W114/><G114/><T86/><D130/><U35/><E74/><V92/><F123/><W64/><G64/><T16/><D118/><U80/><E103/><V122/><F122/><W107/><G32/><T93/><D50/><U65/><E65/><V27/><F110/><W78/><G82/><T95/><D95/><U77/><E6/><V24/><F45/><W55/><G107/><T46/><D46/><U0/><E0/><V17/><F102/><W105/><G105/><T7/><D2/><U106/><E106/><V96/><F19/><W115/><G115/><T85/><D85/><N who="1" m="50599" /><E54/><AGARI ba="2,0" hai="4,5,7,10,11,15,16,22,54,57,62,86,89,93" machi="54" ten="40,5200,0" yaku="8,1,52,1,54,1" doraHai="52" who="0" fromWho="1" sc="215,58,305,-58,255,0,225,0" /><INIT seed="3,0,0,3,2,0" ten="273,247,255,225" oya="3" hai0="60,49,8,113,64,80,88,83,69,57,85,132,91" hai1="29,20,70,6,79,52,19,27,34,77,35,95,130" hai2="73,43,12,74,66,133,24,114,100,118,90,50,61" hai3="98,26,44,120,89,87,131,96,22,109,126,116,106"/><W5/><G116/><T82/><D132/><U4/><E70/><V46/><F133/><W129/><G120/><T72/><D113/><U37/><E37/><V16/><F114/><W14/><G126/><T102/><D102/><U40/><E40/><V92/><F100/><W13/><G109/><T65/><D72/><U9/><E35/><V107/><F24/><W45/><G106/><T111/><D111/><U108/><E108/><V75/><F107/><W15/><G5/><N who="1" m="2154" /><E34/><V128/><F128/><N who="3" m="49227" /><G45/><T25/><D25/><U3/><E3/><V7/><F7/><W17/><G44/><T31/><D31/><U53/><E95/><AGARI ba="0,0" hai="13,14,15,17,22,26,87,89,95,96,98" m="49227" machi="95" ten="30,1500,0" yaku="19,1" doraHai="0" who="3" fromWho="1" sc="273,0,247,-15,255,0,225,15" /><INIT seed="3,1,0,0,3,60" ten="273,232,255,240" oya="3" hai0="91,38,29,43,104,56,14,28,32,133,40,81,76" hai1="105,127,36,4,92,12,98,2,34,78,39,132,25" hai2="1,121,30,111,21,59,85,115,77,125,107,6,62" hai3="95,106,45,71,130,134,19,118,13,44,86,0,117"/><W69/><G106/><T112/><D133/><U88/><E2/><V10/><F107/><W99/><G0/><T33/><D104/><U49/><E105/><V11/><F77/><W128/><G134/><T54/><D112/><U67/><E78/><V113/><F125/><W17/><G86/><T122/><D122/><U8/><E127/><V103/><F111/><W80/><G13/><T64/><D91/><U55/><E132/><V93/><F121/><W110/><G95/><T124/><D124/><U47/><REACH who="1" step="1"/><E67/><REACH who="1" ten="273,222,255,240" step="2"/><V16/><F1/><W114/><G114/><T5/><D64/><U87/><E87/><V82/><F115/><W131/><G131/><T96/><D76/><U18/><E18/><V100/><F16/><W108/><G99/><T79/><D79/><U57/><E57/><V102/><F6/><W9/><G9/><T126/><D56/><U101/><E101/><V23/><F102/><W75/><G75/><T84/><D84/><U51/><E51/><V61/><F59/><W15/><G15/><T123/><D14/><U53/><E53/><V66/><F113/><W65/><G65/><T46/><D54/><U120/><E120/><V109/><F66/><W48/><G48/><T83/><D96/><U26/><E26/><V42/><F85/><W119/><G119/><T7/><D123/><U90/><E90/><V58/><F10/><W89/><G89/><T68/><D126/><U73/><E73/><V20/><F100/><W50/><G50/><T135/><D135/><U24/><E24/><V116/><F103/><W94/><G80/><T41/><D81/><RYUUKYOKU ba="1,1" sc="273,-15,222,15,255,-15,240,15" hai1="4,8,12,25,34,36,39,47,49,55,88,92,98" hai3="17,19,44,45,69,71,94,108,110,117,118,128,130" /><INIT seed="3,2,1,0,3,124" ten="258,237,240,255" oya="3" hai0="76,72,128,1,126,21,69,10,13,92,7,59,81" hai1="52,115,107,101,55,23,29,24,93,15,105,16,96" hai2="118,39,103,129,132,98,61,50,127,89,102,47,125" hai3="8,64,46,60,100,41,62,123,110,0,38,17,6"/><W53/><G123/><T9/><D126/><N who="2" m="48138" /><F118/><W32/><G32/><T87/><D69/><U119/><E119/><V66/><F39/><W49/><G110/><T74/><D21/><U99/><E115/><V130/><F89/><W71/><G100/><N who="2" m="38441" /><F98/><W43/><G38/><T70/><D70/><U44/><E99/><V2/><F2/><W33/><G33/><T27/><D27/><U90/><E90/><V28/><F28/><W20/><REACH who="3" step="1"/><G62/><REACH who="3" ten="258,237,240,245" step="2"/><T54/><D72/><U25/><E107/><V117/><F117/><W97/><G97/><T113/><D74/><U80/><E105/><V73/><F73/><W83/><G83/><T121/><D81/><U30/><E80/><V122/><F122/><W135/><G135/><T51/><D121/><U63/><E63/><V112/><F112/><W57/><G57/><T34/><D59/><U108/><E108/><V58/><F132/><W104/><G104/><T131/><D113/><U94/><E94/><V26/><F26/><AGARI ba="2,2" hai="0,6,8,17,20,26,41,43,46,49,53,60,64,71" machi="26" ten="30,2900,0" yaku="1,1,7,1,53,0" doraHai="124" doraHaiUra="106" who="3" fromWho="2" sc="258,0,237,0,240,-35,245,55" /><INIT seed="3,3,0,2,1,98" ten="258,237,205,300" oya="3" hai0="32,4,97,99,29,36,62,28,18,75,91,112,60" hai1="84,50,126,68,106,17,79,71,92,14,47,64,38" hai2="46,48,40,22,102,53,95,109,111,124,118,82,131" hai3="94,72,81,52,2,27,73,125,65,51,13,66,21"/><W42/><G2/><T134/><D134/><U37/><E106/><V25/><F118/><W114/><G114/><T3/><D112/><U61/><E71/><V128/><F82/><W103/><G125/><T67/><D36/><U10/><E126/><V70/><F70/><W33/><G33/><T133/><D133/><U107/><E107/><V57/><F124/><W105/><G105/><T43/><D75/><U76/><E76/><V26/><F95/><W41/><G13/><T0/><D43/><N who="3" m="16393" /><G73/><T119/><D119/><U74/><E74/><V19/><F26/><W130/><G72/><T45/><D45/><U12/><E12/><V59/><F102/><W11/><G11/><T104/><D104/><U110/><E110/><V113/><F57/><N who="3" m="32927" /><G81/><T31/><D32/><U100/><E38/><V39/><REACH who="2" step="1"/><F113/><REACH who="2" ten="258,237,195,300" step="2"/><W127/><G127/><T7/><D0/><U24/><E92/><V86/><F86/><W122/><G94/><T58/><D3/><U96/><E84/><V77/><F77/><W44/><G103/><T83/><D83/><U15/><E79/><V80/><F80/><W88/><G88/><T89/><D89/><U1/><E24/><V129/><AGARI ba="3,1" hai="19,22,25,39,40,46,48,53,59,109,111,128,129,131" machi="129" ten="40,5200,0" yaku="1,1,0,1,19,1,53,0" doraHai="98" doraHaiUra="5" who="2" fromWho="2" sc="258,-16,237,-16,195,71,300,-29" /><INIT seed="4,0,0,3,3,111" ten="242,221,266,271" oya="0" hai0="7,31,8,124,105,98,86,11,73,118,5,27,134" hai1="35,76,64,72,102,1,6,16,38,20,115,135,40" hai2="10,84,15,32,34,4,67,88,46,112,48,123,9" hai3="49,52,101,55,62,61,60,13,99,87,30,116,126"/><T43/><D134/><U90/><E35/><V14/><F123/><W92/><G116/><T22/><D124/><U23/><E64/><V78/><F78/><W12/><G126/><T94/><D118/><U109/><E109/><V0/><F67/><W59/><G30/><T77/><D43/><U63/><E63/><V97/><F97/><W100/><G100/><T79/><D73/><U17/><E90/><V113/><F0/><W125/><G125/><T68/><D68/><U47/><E102/><V82/><F34/><W71/><G71/><T131/><D131/><U42/><E42/><V114/><F32/><W91/><REACH who="3" step="1"/><G55/><REACH who="3" ten="242,221,266,261" step="2"/><T75/><D31/><U107/><E135/><V93/><F82/><AGARI ba="0,1" hai="12,13,49,52,59,60,61,62,82,87,91,92,99,101" machi="82" ten="40,8000,1" yaku="1,1,2,1,8,1,54,1,53,0" doraHai="111" doraHaiUra="133" who="3" fromWho="2" sc="242,0,221,0,266,-80,261,90" /><INIT seed="5,0,0,3,5,103" ten="242,221,186,351" oya="1" hai0="72,57,128,102,117,5,134,26,1,135,2,65,125" hai1="75,60,88,81,19,38,54,122,42,67,101,107,119" hai2="86,110,115,74,63,129,6,127,106,31,108,49,52" hai3="24,23,84,94,37,33,130,133,116,20,28,82,55"/><U79/><E119/><V22/><F74/><W98/><G37/><T17/><D117/><U35/><E42/><V39/><F39/><W97/><G116/><T105/><D125/><U95/><E38/><V78/><F129/><W13/><G130/><T34/><D128/><U114/><E35/><V3/><F127/><W66/><G133/><T87/><D72/><U76/><E76/><V48/><F3/><W83/><G66/><T90/><D65/><U111/><E114/><V96/><F6/><W44/><G33/><T73/><D73/><U58/><E19/><V43/><F43/><W12/><G83/><T100/><D57/><U64/><E122/><V4/><F4/><W85/><G85/><T36/><D36/><U59/><E111/><V61/><F49/><N who="3" m="29095" /><G23/><T109/><D109/><U92/><E92/><V40/><F40/><W16/><G28/><T71/><D71/><U77/><E77/><V47/><F110/><W53/><G53/><T15/><D34/><U80/><E80/><V132/><F132/><W99/><G94/><T29/><D134/><U70/><E70/><V93/><F108/><W113/><G113/><T7/><D1/><U27/><E27/><N who="2" m="16887" /><F106/><W46/><G46/><T18/><D105/><U123/><E123/><V51/><F115/><W0/><G0/><T120/><D2/><U126/><E126/><V30/><F30/><W14/><G24/><T104/><D104/><U91/><E67/><V68/><F68/><W10/><G10/><T25/><D120/><U131/><E131/><V124/><F124/><W112/><G112/><T62/><D135/><RYUUKYOKU ba="0,0" sc="242,-10,221,-10,186,-10,351,30" hai3="12,13,14,16,20,82,84,97,98,99" /><INIT seed="6,1,0,5,5,112" ten="232,211,176,381" oya="2" hai0="64,122,130,67,89,106,128,105,59,25,102,18,72" hai1="35,104,65,95,20,108,63,0,115,6,52,46,68" hai2="16,13,101,17,103,88,8,28,125,78,76,86,123" hai3="120,34,14,134,3,29,110,97,32,77,90,116,93"/><V54/><F125/><W82/><G110/><T126/><D126/><U99/><E35/><V23/><F28/><W85/><G3/><T30/><D122/><U12/><E0/><V127/><F123/><W53/><G120/><T129/><D72/><U135/><E104/><V7/><F127/><W124/><G124/><T91/><D18/><U62/><E115/><V74/><F74/><W31/><G134/><T70/><D70/><U79/><E79/><N who="2" m="30251" /><F54/><W22/><G116/><T119/><D119/><U75/><E75/><V55/><F55/><W19/><G34/><T37/><D37/><U107/><E107/><V118/><F118/><W69/><G32/><T24/><D130/><U21/><E135/><V94/><F7/><W80/><G69/><T57/><D30/><U4/><E108/><V98/><F98/><W131/><G131/><T40/><REACH who="0" step="1"/><D102/><REACH who="0" ten="222,211,176,381" step="2"/><U61/><E68/><V42/><F42/><AGARI ba="1,1" hai="24,25,40,42,57,59,64,67,89,91,105,106,128,129" machi="42" ten="25,6400,0" yaku="1,1,2,1,22,2,53,0" doraHai="112" doraHaiUra="50" who="0" fromWho="2" sc="222,77,211,0,176,-67,381,0" /><INIT seed="7,0,0,4,2,107" ten="299,211,109,381" oya="3" hai0="66,134,9,124,113,100,64,109,72,2,19,0,88" hai1="123,27,29,7,68,116,59,131,76,35,4,47,98" hai2="65,75,81,119,77,57,15,53,122,13,80,6,46" hai3="103,44,51,78,111,33,106,8,97,118,34,127,93"/><W30/><G118/><T79/><D109/><U58/><E68/><V115/><F119/><W18/><G111/><T25/><D113/><U36/><E98/><V37/><F115/><W70/><G70/><T1/><D124/><U61/><E59/><V135/><F135/><W24/><G127/><T112/><D112/><U132/><E7/><V82/><F65/><W56/><G78/><T39/><D134/><U43/><E76/><V91/><F122/><W31/><G56/><T41/><D100/><U89/><E58/><V26/><F26/><W96/><G8/><T50/><D39/><U84/><E27/><V60/><F13/><W104/><G18/><T12/><D25/><U17/><E17/><V120/><F91/><W54/><G106/><T117/><D117/><U62/><E29/><V3/><F15/><W121/><G121/><T101/><D101/><U108/><E108/><V126/><F120/><W94/><G104/><T129/><D129/><U86/><E131/><V21/><F21/><W16/><G16/><T69/><D69/><U11/><E35/><V40/><REACH who="2" step="1"/><F126/><REACH who="2" ten="299,211,99,381" step="2"/><W10/><G24/><T28/><D12/><U110/><E132/><V130/><F130/><W67/><G67/><T32/><D66/><U90/><E116/><V99/><F99/><W85/><G97/><T22/><D64/><U95/><E123/><V92/><F92/><W48/><G94/><T55/><D88/><U49/><E90/><V45/><F45/><W83/><G44/><T20/><D20/><U74/><E89/><V38/><F38/><W87/><G96/><T105/><D22/><RYUUKYOKU ba="0,1" sc="299,-10,211,-10,99,30,381,-10" hai2="3,6,37,40,46,53,57,60,75,77,80,81,82" owari="289,9.0,201,-20.0,129,-37.0,381,48.0" /></mjloggm>