<mjloggm ver="2.3"><GO type="169" lobby="0"/><UN n0="%74%61%6E%61%4B%61" n1="%E3%81%8B%E3%82%86%E3%81%BF%E6%AD%A2%E3%82%81" n2="%69%54%65%6E%68%6F%75" n3="%33%39%E3%81%95%E3%82%93" dan="17,16,16,17" rate="2146.97,2095.06,2064.15,2178.83" sx="M,F,M,M"/><TAIKYOKU oya="0"/><INIT seed="0,0,0,2,1,80" ten="250,250,250,250" oya="0" hai0="101,100,65,48,27,44,78,55,32,92,24,13,119" hai1="116,0,60,41,53,45,14,93,29,61,57,47,125" hai2="4,89,112,21,115,131,77,50,49,102,111,86,95" hai3="51,70,121,66,11,128,132,71,33,43,76,35,34"/><T10/><D78/><U42/><E0/><V109/><F4/><W96/><G128/><T134/><D119/><U36/><E29/><V62/><F62/><W97/><G132/><T26/><D134/><U127/><E14/><V1/><F1/><W98/><G51/><T114/><D32/><U54/><E93/><V108/><F21/><W9/><G76/><T122/><D122/><U67/><E116/><V91/><F131/><W120/><G43/><T31/><D31/><U17/><E17/><V25/><F25/><W99/><N who="3" m="24576" /><DORA hai="37" /><W130/><G130/><T87/><D65/><U113/><E113/><N who="2" m="43595" /><F49/><W81/><G81/><T82/><D114/><U117/><E117/><V39/><F50/><W104/><G66/><T72/><D72/><U38/><REACH who="1" step="1"/><E53/><REACH who="1" ten="250,240,250,250" step="2"/><V59/><F102/><W20/><G104/><T68/><D92/><U16/><E16/><V7/><F7/><W28/><G28/><T124/><D101/><U106/><E106/><V58/><F95/><W105/><G105/><T85/><D100/><U79/><E79/><V63/><F77/><W129/><G129/><T90/><D124/><U135/><E135/><V30/><F30/><W40/><G20/><T46/><D46/><U56/><AGARI ba="0,1" hai="36,38,41,42,45,47,54,56,57,60,61,67,125,127" machi="56" ten="30,16000,3" yaku="1,1,0,1,9,1,34,3,52,2,53,0" doraHai="80,37" doraHaiUra="15,83" who="1" fromWho="1" sc="250,-80,240,170,250,-40,250,-40" /><INIT seed="1,0,0,4,3,59" ten="170,410,210,210" oya="1" hai0="110,11,117,12,74,30,53,82,114,33,71,108,93" hai1="2,85,13,121,129,112,130,31,109,106,135,37,91" hai2="73,120,27,124,68,64,119,65,80,29,6,101,40" hai3="15,77,66,57,54,10,22,86,18,75,90,32,105"/><U49/><E37/><V123/><F119/><W84/><G32/><T72/><D117/><U45/><E2/><V28/><F6/><W78/><G105/><T126/><D114/><U97/><E112/><V7/><F7/><W24/><G75/><T36/><D36/><U25/><E121/><V16/><F40/><W35/><G66/><T61/><D126/><U89/><E13/><V63/><F124/><W0/><G86/><T55/><D93/><U99/><E135/><V133/><F133/><W98/><G98/><T128/><D30/><U118/><E91/><V52/><F101/><W4/><G35/><T100/><D100/><U23/><E109/><N who="0" m="42089" /><D33/><U14/><E14/><V34/><F29/><W76/><G0/><T125/><D128/><N who="1" m="49259" /><E106/><V43/><F43/><W131/><G131/><T94/><D94/><N who="1" m="54575" /><E118/><V122/><F73/><N who="0" m="28266" /><D82/><U81/><E81/><V67/><F80/><W51/><REACH who="3" step="1"/><G78/><REACH who="3" ten="170,410,210,200" step="2"/><T103/><D125/><U111/><E111/><V17/><REACH who="2" step="1"/><F68/><REACH who="2" ten="170,410,200,200" step="2"/><W96/><G96/><T69/><D69/><U127/><E127/><V87/><F87/><W116/><G116/><T104/><D71/><U3/><E3/><V83/><F83/><AGARI ba="0,2" hai="4,10,15,18,22,24,51,54,57,76,77,83,84,90" machi="83" ten="30,7700,0" yaku="1,1,7,1,8,1,53,1" doraHai="59" doraHaiUra="47" who="3" fromWho="2" sc="170,0,410,0,200,-77,200,97" /><INIT seed="2,0,0,4,3,118" ten="170,410,123,297" oya="2" hai0="105,1,52,2,15,125,101,113,133,90,65,61,86" hai1="121,63,110,72,128,120,83,27,131,67,73,62,92" hai2="45,7,103,99,106,21,18,39,14,93,6,5,16" hai3="17,70,44,3,95,102,74,46,8,36,59,42,82"/><V91/><F39/><W81/><G81/><BYE who="3" /><UN n3="%33%39%E3%81%95%E3%82%93" /><T38/><D113/><U30/><E110/><V66/><F66/><W77/><G70/><T89/><D38/><U97/><E83/><V11/><F45/><W33/><G46/><T76/><D125/><U111/><E111/><V49/><F49/><W54/><G33/><T28/><D76/><U130/><E73/><V41/><F41/><W129/><G129/><T50/><D90/><N who="1" m="55447" /><E72/><V87/><REACH who="2" step="1"/><F18/><REACH who="2" ten="170,410,113,297" step="2"/><W127/><G17/><T132/><D65/><U117/><E67/><V29/><F29/><W96/><G127/><T51/><D28/><U68/><E68/><V34/><F34/><W40/><G40/><T19/><D51/><U107/><E117/><V24/><AGARI ba="0,1" hai="5,6,7,11,14,16,21,24,87,91,93,99,103,106" machi="24" ten="20,7800,0" yaku="1,1,0,1,7,1,54,1,53,0" doraHai="118" doraHaiUra="35" who="2" fromWho="2" sc="170,-26,410,-26,113,88,297,-26" /><INIT seed="2,1,0,0,0,7" ten="144,384,201,271" oya="2" hai0="97,54,94,51,99,129,65,45,9,101,5,57,10" hai1="80,24,116,130,100,122,93,48,67,30,25,115,71" hai2="19,14,132,58,86,117,88,85,90,55,81,121,23" hai3="118,104,74,2,1,72,40,113,4,70,127,13,3"/><V112/><F121/><W109/><G40/><T46/><D129/><U47/><E115/><V42/><F112/><W111/><G13/><T83/><D5/><U89/><E116/><V12/><F117/><W92/><G92/><T27/><D83/><U102/><E130/><V69/><F132/><W50/><G4/><T60/><D45/><U73/><E67/><V52/><F69/><W20/><G20/><T96/><D27/><U41/><E71/><V31/><F31/><W62/><G50/><T103/><REACH who="0" step="1"/><D97/><REACH who="0" ten="134,384,201,271" step="2"/><U123/><E24/><N who="2" m="14463" /><F42/><W53/><G113/><T61/><D61/><U119/><E119/><V56/><F56/><W37/><G118/><T87/><D87/><U49/><E80/><N who="2" m="49191" /><F55/><W106/><G53/><T11/><D11/><U0/><E123/><V125/><F125/><W43/><G127/><T107/><AGARI ba="1,1" hai="9,10,46,51,54,57,60,65,94,96,99,101,103,107" machi="107" ten="20,8000,1" yaku="1,1,0,1,7,1,52,2,53,0" doraHai="7" doraHaiUra="131" who="0" fromWho="0" sc="134,93,384,-21,201,-41,271,-21" /><INIT seed="3,0,0,1,0,83" ten="227,363,160,250" oya="3" hai0="101,47,77,121,20,89,31,1,57,34,74,75,66" hai1="78,102,53,84,67,32,73,50,100,108,23,122,109" hai2="4,65,71,70,27,35,68,56,105,82,128,86,80" hai3="14,2,9,127,25,130,114,60,123,94,107,22,37"/><W13/><G37/><T16/><D1/><U129/><E32/><V8/><F128/><W131/><G107/><T5/><D101/><U0/><E0/><V93/><F105/><W91/><G114/><T38/><D5/><U87/><E122/><V119/><F119/><W17/><G123/><T116/><D116/><U120/><E120/><V95/><F80/><W115/><G115/><T69/><D69/><U3/><E3/><V43/><F43/><W103/><G103/><N who="1" m="39466" /><E67/><V41/><F41/><W106/><G106/><T11/><D77/><U54/><E54/><V49/><F27/><W44/><G44/><T133/><D133/><U111/><E129/><N who="3" m="49162" /><G127/><T24/><D11/><U72/><E23/><V40/><F35/><W125/><G125/><T7/><D7/><U92/><E92/><V135/><F135/><W97/><G2/><T39/><D39/><U118/><E118/><V26/><F26/><W85/><G60/><T132/><D132/><U6/><E6/><V88/><F40/><W76/><G9/><T28/><D38/><U30/><E30/><V58/><F65/><W36/><G36/><T62/><D31/><U90/><E90/><V29/><F29/><W134/><G134/><T52/><D89/><U19/><E19/><V42/><F8/><W21/><G21/><T124/><D124/><U96/><E96/><V61/><F4/><W10/><G10/><T51/><D121/><U18/><E18/><V126/><F126/><W33/><G33/><T63/><D63/><U48/><E111/><V59/><F61/><W12/><G76/><T98/><D98/><AGARI ba="0,0" hai="12,13,14,17,22,25,85,91,94,97,98" m="49162" machi="98" ten="30,5800,0" yaku="6,1,19,1,52,1" doraHai="83" who="3" fromWho="0" sc="227,-58,363,0,160,0,250,58" /><INIT seed="3,1,0,1,0,74" ten="169,363,160,308" oya="3" hai0="6,103,34,4,113,83,60,41,30,92,77,61,112" hai1="27,19,53,97,81,100,37,127,1,71,131,75,101" hai2="95,45,39,102,76,129,36,56,134,23,135,64,65" hai3="58,132,29,91,52,66,133,54,59,15,130,114,2"/><W5/><G2/><T94/><D41/><U10/><E71/><V55/><F23/><W44/><G114/><N who="0" m="44139" /><D30/><U63/><E53/><N who="3" m="20586" /><G29/><T85/><D34/><U104/><E100/><V115/><F115/><W17/><G5/><N who="0" m="2155" /><D103/><U79/><E63/><AGARI ba="1,0" hai="60,61,63,77,83,85,92,94" m="2155,44139" machi="63" ten="30,2000,0" yaku="11,1,52,1" doraHai="74" who="0" fromWho="1" sc="169,23,363,-23,160,0,308,0" /><INIT seed="4,0,0,3,1,5" ten="192,340,160,308" oya="0" hai0="110,24,88,68,106,122,9,70,4,29,55,92,91" hai1="41,50,132,57,16,79,76,23,86,124,99,80,33" hai2="89,125,133,45,83,56,111,84,63,102,119,43,116" hai3="78,6,26,95,52,94,115,64,27,67,10,61,47"/><T62/><D106/><U58/><E33/><V13/><F111/><W35/><G78/><T34/><D122/><U112/><E132/><V113/><F133/><W72/><G72/><T104/><D104/><U54/><E124/><V107/><F125/><W53/><G67/><T117/><D117/><U46/><E112/><V97/><F113/><W18/><G115/><T11/><D91/><U17/><E79/><V60/><F56/><W85/><G27/><T100/><D100/><U39/><E99/><V66/><F66/><W65/><G65/><T90/><D90/><U2/><E2/><V49/><REACH who="2" step="1"/><F13/><REACH who="2" ten="192,340,150,308" step="2"/><N who="3" m="5335" /><G64/><T75/><D110/><U74/><E57/><V131/><F131/><W98/><G47/><T120/><D120/><U118/><E118/><AGARI ba="0,1" hai="43,45,49,60,63,83,84,89,97,102,107,116,118,119" machi="118" ten="40,2600,0" yaku="1,1,12,1,53,0" doraHai="5" doraHaiUra="129" who="2" fromWho="1" sc="192,0,340,-26,150,36,308,0" /><INIT seed="5,0,0,2,3,89" ten="192,314,186,308" oya="1" hai0="79,47,38,69,96,26,53,18,127,44,101,107,91" hai1="85,40,109,23,64,37,123,35,118,132,106,77,99" hai2="103,25,59,24,86,63,80,60,16,33,90,112,76" hai3="83,6,36,42,55,54,78,51,71,41,19,17,84"/><U34/><E118/><V21/><F112/><W74/><G36/><T87/><D69/><U13/><E123/><V73/><F103/><W117/><G71/><T56/><D127/><U116/><E64/><V58/><F33/><W81/><G117/><T131/><D38/><U94/><E13/><V130/><F130/><W68/><G68/><T67/><D67/><U11/><E23/><V114/><F114/><W97/><G55/><T45/><D79/><U5/><E11/><V119/><F119/><W102/><G6/><T66/><D66/><U2/><E5/><V43/><F43/><W12/><G81/><T9/><D131/><U121/><E2/><V46/><F46/><W82/><G83/><T62/><D45/><U125/><E35/><V31/><F63/><W134/><G74/><T124/><D124/><U15/><E15/><V4/><F4/><W7/><G7/><T49/><D62/><U1/><E34/><V93/><REACH who="2" step="1"/><F60/><REACH who="2" ten="192,314,176,308" step="2"/><W126/><G126/><T111/><D111/><U72/><E40/><V29/><F29/><W0/><G42/><T120/><D120/><U10/><E121/><V27/><F27/><W70/><G41/><T61/><D61/><U48/><E116/><V20/><AGARI ba="0,1" hai="16,20,21,24,25,31,58,59,73,76,80,86,90,93" machi="20" ten="20,8000,1" yaku="1,1,0,1,7,1,52,1,54,1,53,0" doraHai="89" doraHaiUra="95" who="2" fromWho="2" sc="192,-20,314,-40,176,90,308,-20" /><INIT seed="6,0,0,2,2,52" ten="172,274,266,288" oya="2" hai0="60,115,86,45,92,88,67,112,62,80,89,64,47" hai1="42,1,87,126,32,37,48,83,44,132,110,59,104" hai2="0,111,21,78,53,69,70,29,20,109,93,5,39" hai3="133,107,6,90,34,25,103,13,124,4,24,96,82"/><V113/><F39/><W116/><G116/><T66/><D112/><U15/><E1/><V14/><F113/><W16/><G124/><T61/><REACH who="0" step="1"/><D115/><REACH who="0" ten="162,274,266,288" step="2"/><U19/><E126/><V84/><F70/><W98/><G133/><T18/><D18/><U9/><E19/><V130/><F69/><W105/><G6/><T77/><D77/><U31/><E132/><V129/><F78/><W99/><G4/><T51/><D51/><U73/><E48/><V94/><F5/><W56/><G16/><T17/><D17/><U43/><E37/><V131/><F0/><W57/><G25/><T50/><D50/><U75/><E31/><V125/><F125/><W65/><G13/><T121/><D121/><U118/><E15/><V106/><F14/><W108/><G24/><T54/><D54/><U2/><E2/><V85/><F53/><W7/><G7/><T135/><D135/><U128/><E118/><V11/><F29/><W23/><G65/><T46/><D46/><U8/><E44/><V68/><F68/><W12/><G12/><T28/><D28/><U76/><E76/><V33/><F11/><W102/><G108/><T41/><D41/><U55/><E110/><V35/><F131/><W122/><G122/><T30/><D30/><U119/><E128/><V101/><F106/><W27/><G107/><T95/><D95/><U114/><E104/><V3/><REACH who="2" step="1"/><F3/><REACH who="2" ten="162,274,256,288" step="2"/><W120/><G105/><T71/><D71/><U117/><E114/><V22/><F22/><W74/><G120/><T10/><D10/><U81/><E119/><V127/><F127/><W38/><G23/><RYUUKYOKU ba="0,2" sc="162,15,274,-15,256,15,288,-15" hai0="45,47,60,61,62,64,66,67,80,86,88,89,92" hai2="20,21,33,35,84,85,93,94,101,109,111,129,130" /><INIT seed="6,1,2,5,5,108" ten="177,259,271,273" oya="2" hai0="63,71,109,97,57,44,85,20,42,121,100,89,106" hai1="9,35,86,58,72,5,55,114,17,40,66,60,128" hai2="69,36,116,7,120,51,73,34,4,107,75,31,74" hai3="78,119,132,15,87,99,76,92,111,1,64,46,3"/><V32/><F120/><W23/><G111/><T28/><D109/><U134/><E72/><V103/><F116/><W38/><G119/><T24/><D71/><U77/><E35/><N who="2" m="13355" /><F51/><W13/><G64/><T94/><D121/><U123/><E40/><V33/><F4/><W96/><G87/><T82/><D42/><U16/><E123/><V115/><F7/><W135/><G23/><T27/><D27/><U131/><E66/><V10/><F10/><W117/><G92/><T95/><REACH who="0" step="1"/><D44/><REACH who="0" ten="167,259,271,273" step="2"/><U80/><E131/><V110/><F110/><W124/><G46/><T50/><D50/><U43/><E43/><V18/><F69/><W47/><G47/><T6/><D6/><U52/><E5/><V48/><F48/><W45/><G45/><T90/><D90/><U65/><E128/><V8/><F36/><W104/><G117/><T56/><D56/><U37/><E58/><V122/><F122/><W22/><G38/><T118/><D118/><U126/><E37/><V39/><F39/><W105/><G22/><T59/><D59/><U29/><E60/><V19/><F33/><W11/><G11/><T25/><D25/><U54/><E9/><V26/><F8/><W21/><G21/><T101/><D101/><U30/><E77/><V102/><F103/><W53/><G78/><T0/><D0/><U93/><E54/><AGARI ba="1,3" hai="20,24,28,54,57,63,82,85,89,94,95,97,100,106" machi="54" ten="30,3900,0" yaku="1,1,7,1,53,1" doraHai="108" doraHaiUra="79" who="0" fromWho="1" sc="167,72,259,-42,271,0,273,0" /><INIT seed="7,0,0,2,2,13" ten="239,217,271,273" oya="3" hai0="69,101,10,89,83,21,114,109,14,53,23,75,131" hai1="3,11,123,33,79,92,1,105,90,110,38,129,103" hai2="46,49,15,20,26,43,97,100,73,116,18,133,24" hai3="12,76,28,30,71,121,31,2,77,108,62,36,99"/><W54/><G2/><T39/><D109/><U59/><E110/><V32/><F116/><W17/><G36/><T119/><D69/><U106/><E38/><V0/><F0/><W44/><G121/><T78/><D39/><U85/><E33/><V22/><F133/><W63/><G71/><T51/><D119/><U104/><E123/><V126/><F126/><W52/><G99/><T66/><D66/><U117/><E1/><V19/><F73/><W94/><G94/><T88/><D101/><U82/><E117/><V55/><F32/><W72/><G72/><T107/><D107/><U87/><E59/><V98/><F100/><W70/><G70/><T128/><D114/><U34/><E34/><V37/><F15/><W134/><G134/><T16/><D23/><U25/><E25/><V7/><F7/><W8/><G108/><T57/><D21/><U127/><E127/><V120/><F120/><W9/><G8/><T65/><D65/><U40/><E40/><V50/><F37/><W84/><G84/><T122/><REACH who="0" step="1"/><D122/><REACH who="0" ten="229,217,271,273" step="2"/><U95/><E129/><AGARI ba="0,1" hai="10,14,16,51,53,57,75,78,83,88,89,128,129,131" machi="129" ten="40,12000,2" yaku="1,1,2,1,19,1,52,1,54,2,53,1" doraHai="13" doraHaiUra="47" who="0" fromWho="1" sc="229,130,217,-120,271,0,273,0" owari="359,46.0,97,-40.0,271,-13.0,273,7.0" /></mjloggm>