<mjloggm ver="2.3"><GO type="225" lobby="0"/><UN n0="%E3%80%93%E3%81%97%E3%83%BC%E3%82%89%E3%80%93" n1="%E3%81%B8%E3%82%80%E3%81%B8%E3%82%80%EF%BC%92%E5%8F%B7" n2="%6B%79%6F%6E%6B%6F%31%31" n3="%E3%82%BC%E3%83%AB%E3%83%80%E3%81%AE%E4%BC%9D%E8%AA%AC" dan="16,16,17,17" rate="2153.83,2133.76,2230.46,2247.67" sx="M,M,M,M"/><TAIKYOKU oya="0"/><INIT seed="0,0,0,5,4,7" ten="250,250,250,250" oya="0" hai0="55,10,25,50,17,97,129,2,73,89,12,123,126" hai1="34,132,115,110,133,81,21,62,68,90,43,28,117" hai2="30,94,58,77,79,56,8,54,102,121,14,31,38" hai3="11,51,37,52,112,128,114,127,122,64,101,61,3"/><T105/><D73/><U48/><E117/><V9/><F38/><W93/><G37/><T92/><D123/><U15/><E34/><V113/><F113/><W118/><G118/><T107/><D126/><U20/><E115/><V41/><F121/><W100/><G122/><T98/><D129/><U35/><E110/><V6/><F41/><W63/><G127/><T103/><D2/><U70/><E35/><V124/><F124/><W69/><G128/><T119/><D119/><U59/><E28/><V116/><F116/><W13/><G3/><T67/><D67/><U75/><E48/><V40/><F40/><W135/><G135/><N who="1" m="51786" /><E43/><V131/><F131/><W83/><G83/><T47/><REACH who="0" step="1"/><D25/><REACH who="0" ten="240,250,250,250" step="2"/><U18/><E68/><V84/><F14/><W53/><G112/><T87/><D87/><N who="1" m="50543" /><E75/><V130/><F84/><W32/><G114/><T57/><D57/><U0/><E0/><V71/><F58/><W16/><G69/><T82/><D82/><U33/><E70/><V96/><F71/><W66/><G66/><T78/><D78/><U39/><E59/><V27/><F79/><W36/><G64/><T4/><D4/><U134/><E134/><V109/><F77/><W104/><G13/><T120/><D120/><U108/><E15/><V125/><F125/><W46/><G46/><T99/><D99/><U49/><E108/><V72/><F109/><W45/><G45/><T23/><D23/><U88/><E21/><V60/><F6/><W1/><G1/><T5/><D5/><U76/><E20/><N who="2" m="15719" /><F130/><W106/><G32/><T44/><D44/><U74/><E76/><RYUUKYOKU ba="0,1" sc="240,30,250,-10,250,-10,250,-10" hai0="10,12,17,47,50,55,89,92,97,98,103,105,107" /><INIT seed="0,1,1,5,1,12" ten="270,240,240,240" oya="0" hai0="60,100,51,102,123,118,116,62,17,79,98,32,115" hai1="29,4,49,2,53,86,39,73,109,107,19,45,37" hai2="68,56,117,76,122,82,10,48,41,8,74,106,134" hai3="92,20,25,23,7,114,26,89,119,57,47,55,81"/><T101/><D32/><U66/><E73/><V52/><F122/><W3/><G114/><T96/><D123/><U58/><E107/><V124/><F68/><W0/><G119/><T131/><D115/><U27/><E109/><V5/><F117/><W14/><G47/><T85/><D131/><U83/><E4/><V33/><F33/><W90/><G81/><N who="0" m="47295" /><D118/><U67/><E2/><V77/><F106/><W61/><G3/><T91/><D116/><U112/><E112/><V84/><F134/><W43/><G43/><T133/><D133/><U59/><E39/><V6/><F124/><W75/><G75/><T129/><D129/><U103/><E103/><V38/><F74/><W128/><G0/><T44/><D17/><U72/><E37/><V65/><F65/><N who="1" m="24585" /><E29/><V9/><F38/><W24/><G128/><T63/><D91/><N who="3" m="34825" /><G92/><T111/><D111/><U95/><E95/><V71/><F71/><W108/><G108/><T113/><D113/><U132/><E72/><V22/><F77/><W135/><G135/><T35/><D35/><U46/><E46/><V94/><F94/><W105/><G105/><T21/><D21/><N who="1" m="13759" /><E132/><V50/><F22/><W28/><G23/><T11/><D11/><AGARI ba="1,1" hai="7,11,14,20,24,25,26,28,55,57,61" m="34825" machi="11" ten="30,1000,0" yaku="8,1" doraHai="12" who="3" fromWho="0" sc="270,-13,240,0,240,0,240,23" /><INIT seed="1,0,0,4,1,94" ten="257,240,240,263" oya="1" hai0="18,99,131,98,81,7,13,109,73,132,107,80,17" hai1="125,10,16,88,117,8,135,76,24,112,57,115,25" hai2="41,96,75,126,95,1,19,85,120,103,92,36,97" hai3="130,74,123,79,20,4,78,53,49,9,84,30,111"/><U93/><E117/><V14/><F120/><W63/><G123/><T58/><D107/><U34/><E125/><V62/><F75/><W133/><G74/><T38/><D38/><U51/><E135/><V12/><F1/><W3/><G133/><T66/><D132/><U15/><E76/><V54/><F126/><W6/><G111/><T48/><D109/><U22/><E34/><V105/><F105/><W0/><G130/><T29/><D29/><U11/><E112/><V40/><F85/><W114/><G63/><N who="0" m="38263" /><D73/><U104/><E104/><V69/><F36/><W91/><G114/><T47/><D7/><U35/><E35/><V108/><F108/><W56/><G30/><T68/><D68/><U106/><E106/><V113/><F113/><W83/><REACH who="3" step="1"/><G20/><REACH who="3" ten="257,240,240,253" step="2"/><N who="0" m="11311" /><D131/><U26/><E115/><V43/><F19/><W27/><G27/><T2/><D18/><U121/><E121/><V5/><F5/><W32/><G32/><T44/><D2/><U119/><E119/><V134/><F134/><W110/><G110/><T23/><D23/><U70/><E70/><V46/><F69/><W116/><G116/><T124/><D124/><U61/><E26/><V90/><F62/><W42/><G42/><N who="0" m="24599" /><D47/><U52/><E61/><V28/><F28/><W129/><G129/><T31/><D31/><U21/><E21/><V118/><F118/><W87/><G87/><AGARI ba="0,1" hai="8,10,11,15,16,22,24,25,51,52,57,87,88,93" machi="87" ten="40,18000,2" yaku="25,2,8,1,54,3" doraHai="94" who="1" fromWho="3" sc="257,0,240,190,240,0,253,-180" /><INIT seed="1,1,0,2,1,62" ten="257,430,240,73" oya="1" hai0="86,33,87,66,130,119,46,74,25,105,134,75,70" hai1="80,42,67,69,135,122,7,49,120,90,38,60,81" hai2="126,79,27,98,77,22,104,108,45,91,72,125,54" hai3="13,53,127,107,111,97,6,51,47,58,8,123,23"/><U121/><E135/><V118/><F118/><W129/><G123/><T2/><D2/><U128/><E128/><V133/><F133/><W92/><G111/><T15/><D134/><U73/><E38/><V117/><F117/><W26/><G127/><N who="2" m="48649" /><F72/><W14/><G129/><T103/><D46/><U17/><E7/><V112/><F108/><W124/><G107/><T36/><D36/><U28/><E28/><V100/><F91/><W0/><G124/><T24/><D15/><U106/><E106/><V19/><F112/><W57/><G13/><T84/><D119/><U63/><E73/><V10/><F10/><W52/><G53/><T50/><D50/><AGARI ba="1,0" hai="19,22,27,45,50,54,77,79,98,100,104" m="48649" machi="50" ten="30,1000,0" yaku="18,1" doraHai="62" who="2" fromWho="0" sc="257,-13,430,0,240,13,73,0" /><INIT seed="2,0,0,0,4,117" ten="244,430,253,73" oya="2" hai0="115,34,43,20,56,22,55,130,61,73,70,44,63" hai1="83,4,104,90,18,78,99,120,123,112,69,8,102" hai2="58,47,25,24,19,6,100,33,82,2,40,122,23" hai3="105,71,110,89,67,111,41,119,7,60,113,85,17"/><V1/><F100/><W127/><G119/><T109/><D73/><N who="1" m="43471" /><E112/><V131/><F131/><W76/><G113/><T91/><D34/><U97/><E18/><V21/><F33/><W65/><G7/><T46/><D115/><U93/><E69/><V13/><F82/><W77/><G105/><T30/><D109/><U42/><E42/><V88/><F88/><W3/><G3/><T62/><D130/><U59/><E59/><V126/><F126/><W98/><G127/><T80/><D70/><U28/><E28/><V39/><F58/><W27/><G41/><T108/><D30/><U29/><E29/><V133/><F133/><W9/><G98/><T107/><D107/><U92/><E8/><V116/><F116/><W125/><G65/><T86/><D108/><N who="3" m="41513" /><G125/><T45/><REACH who="0" step="1"/><D43/><REACH who="0" ten="234,430,253,73" step="2"/><U53/><E104/><V35/><F35/><W103/><G103/><T15/><D15/><U79/><E102/><V101/><F101/><W118/><G118/><T129/><D129/><U66/><E66/><V134/><F1/><W132/><G132/><T121/><D121/><U32/><E120/><V84/><F122/><W26/><G26/><T0/><D0/><U74/><E123/><V48/><F134/><W81/><G27/><T10/><D10/><U87/><E32/><V95/><F2/><W31/><G31/><T57/><D57/><U5/><E74/><V75/><F75/><W68/><G71/><T14/><D14/><AGARI ba="0,1" hai="9,14,17,60,67,68,76,77,81,85,89" m="41513" machi="14" ten="30,1000,0" yaku="14,1" doraHai="117" who="3" fromWho="0" sc="234,-10,430,0,253,0,73,20" /><INIT seed="3,0,0,3,3,52" ten="224,430,253,93" oya="3" hai0="108,60,53,118,4,5,71,126,94,89,101,24,45" hai1="46,19,93,84,102,11,42,34,76,56,78,103,43" hai2="72,80,86,39,57,95,1,81,28,92,26,120,106" hai3="127,96,104,16,125,68,58,38,15,27,134,12,123"/><W88/><G123/><T116/><D101/><N who="1" m="38411" /><E34/><V97/><F1/><W113/><G113/><T8/><D24/><U105/><E105/><V70/><F70/><W22/><G68/><T117/><D126/><N who="3" m="48137" /><G134/><T129/><D129/><U32/><E32/><V67/><F39/><W30/><G38/><T48/><D108/><U33/><E33/><V13/><F106/><W100/><G30/><T54/><D8/><U135/><E135/><V121/><F72/><W69/><G69/><T131/><D131/><U63/><E93/><V110/><F110/><W109/><G109/><T77/><D77/><N who="1" m="29803" /><E84/><V23/><F121/><W9/><G9/><T115/><D115/><U85/><E85/><V132/><F132/><W6/><G6/><T50/><D60/><U119/><E46/><V107/><F107/><W41/><G41/><T0/><D71/><U14/><E119/><V122/><F122/><W130/><G130/><T59/><REACH who="0" step="1"/><D0/><REACH who="0" ten="214,430,253,93" step="2"/><U61/><E61/><V2/><F2/><W62/><G88/><T90/><D90/><U55/><AGARI ba="0,1" hai="11,14,19,42,43,55,56,63" m="29803,38411" machi="55" ten="30,2000,0" yaku="8,1,52,1" doraHai="52" who="1" fromWho="1" sc="214,-5,430,30,253,-5,93,-10" owari="209,-19.0,460,56.0,248,5.0,83,-42.0" /></mjloggm>