<mjloggm ver="2.3"><GO type="185" lobby="0"/><UN n0="%E7%8E%89%E6%A8%B9%E6%A1%9C" n1="%E3%82%A2%E3%82%B9%E3%82%BF%E3%83%AD%E3%83%88%E3%81%AE%E5%AE%A3%E5%91%8A" n2="%E9%BE%8D%E5%B9%B3" n3="" dan="16,17,16,0" rate="2294.27,2246.10,2214.43,1500.00" sx="F,M,M,C"/><TAIKYOKU oya="0"/><INIT seed="0,0,0,0,3,66" ten="350,350,350,0" oya="0" hai0="0,61,40,113,55,85,97,63,117,83,43,135,39" hai1="128,68,35,118,82,88,71,38,3,76,52,106,57" hai2="89,90,112,77,104,49,121,123,110,50,54,2,72" hai3=""/><T94/><D0/><U107/><E118/><V109/><N who="2" m="31008" /><V74/><N who="2" m="31520" /><V67/><F2/><T81/><D117/><U80/><E3/><V100/><F112/><T111/><D113/><U127/><E35/><V95/><F67/><T44/><D135/><U87/><E38/><V65/><F65/><T132/><D132/><U91/><E128/><V96/><F50/><T75/><D75/><U124/><E76/><V62/><F62/><T93/><D111/><N who="2" m="42506" /><F77/><T73/><D43/><U92/><E92/><V48/><F48/><T125/><D61/><U130/><E130/><V131/><F131/><T101/><D63/><U84/><REACH who="1" step="1"/><E57/><REACH who="1" ten="350,340,350,0" step="2"/><V108/><F108/><T58/><D58/><U47/><E47/><V86/><F89/><T59/><D39/><U134/><E134/><V64/><F64/><T34/><D59/><AGARI ba="0,1" hai="49,54,59,72,74,86,90,95,96,100,104" m="42506,31520,31008" machi="59" ten="30,3900,0" yaku="14,1,52,2" doraHai="66" who="2" fromWho="0" sc="350,-39,340,0,350,49,0,0" /><INIT seed="1,0,0,5,2,100" ten="311,340,399,0" oya="1" hai0="55,33,114,121,84,87,72,116,34,49,130,134,83" hai1="74,41,44,106,91,133,50,120,35,105,66,112,73" hai2="39,111,98,70,37,97,94,115,53,2,81,43,101" hai3=""/><U1/><N who="1" m="30752" /><U86/><E112/><V57/><F2/><T32/><N who="0" m="31008" /><T54/><D116/><U129/><E1/><V77/><F70/><T124/><D114/><U82/><E35/><V58/><F115/><T67/><D130/><U75/><E129/><V125/><F111/><T109/><D109/><U90/><E133/><V119/><F119/><T80/><D134/><U107/><REACH who="1" step="1"/><E66/><REACH who="1" ten="311,330,399,0" step="2"/><V0/><F0/><T95/><D67/><U113/><E113/><V128/><F128/><T48/><D34/><U103/><E103/><V122/><F122/><T123/><N who="0" m="31520" /><T131/><D131/><U68/><E68/><V71/><F71/><T76/><D32/><U36/><E36/><V69/><F69/><T126/><D33/><U78/><AGARI ba="0,1" hai="41,44,50,73,74,75,78,82,86,90,91,105,106,107" m="30752" machi="78" ten="40,12000,2" yaku="1,1,0,1,52,4,53,0" doraHai="100" doraHaiUra="127" who="1" fromWho="1" sc="311,-60,330,130,399,-60,0,0" /><INIT seed="1,1,0,3,1,95" ten="251,460,339,0" oya="1" hai0="82,56,69,122,35,103,76,123,81,99,116,47,101" hai1="33,55,92,96,133,71,119,77,129,134,70,94,117" hai2="102,38,105,72,37,41,2,48,59,44,52,57,42" hai3=""/><U75/><E33/><V91/><F2/><T128/><N who="0" m="31264" /><T62/><N who="0" m="31520" /><T135/><D35/><U83/><E94/><V78/><F78/><T114/><D69/><U100/><E129/><V110/><F72/><T131/><D116/><U90/><E55/><V98/><F110/><T87/><D114/><U79/><E79/><V106/><F106/><T84/><D47/><U124/><E124/><V107/><F107/><T51/><D51/><U66/><E90/><V65/><F91/><T60/><D135/><N who="1" m="51723" /><E66/><V125/><F125/><T74/><D74/><U50/><E50/><V32/><F32/><T126/><D126/><U121/><N who="1" m="31008" /><U109/><E109/><V36/><F41/><T68/><D76/><U64/><E64/><V93/><F105/><T132/><D132/><U88/><E100/><V3/><F3/><T0/><D0/><U39/><E39/><V40/><F40/><T67/><D67/><U97/><E96/><V112/><F112/><T85/><D99/><U118/><AGARI ba="1,0" hai="70,71,75,77,83,88,92,97,117,118,119" m="31008,51723" machi="118" ten="40,8000,1" yaku="20,1,52,2,54,1" doraHai="95" who="1" fromWho="1" sc="251,-41,460,82,339,-41,0,0" /><INIT seed="1,2,0,2,4,36" ten="210,542,298,0" oya="1" hai0="120,104,111,133,126,62,86,81,40,125,55,56,59" hai1="67,95,114,118,44,75,79,108,110,52,37,3,102" hai2="1,33,46,43,85,41,50,90,42,122,38,113,49" hai3=""/><U124/><E114/><V66/><N who="2" m="31264" /><V70/><F1/><T115/><N who="0" m="30752" /><T135/><D104/><U39/><E118/><V58/><F33/><T73/><D73/><U77/><E3/><V101/><F101/><T87/><D115/><U127/><E67/><V92/><F113/><T72/><D72/><U71/><E71/><V80/><F50/><T132/><D111/><N who="1" m="42539" /><E39/><V32/><F32/><T130/><D40/><N who="2" m="15466" /><F70/><T105/><D105/><U45/><E37/><V134/><F38/><T34/><D34/><U129/><E129/><V47/><F47/><N who="1" m="17993" /><E52/><V93/><F134/><T48/><D130/><U2/><E2/><V76/><F76/><N who="1" m="29257" /><E75/><V116/><F116/><T65/><REACH who="0" step="1"/><D86/><REACH who="0" ten="200,542,298,0" step="2"/><U88/><E102/><V69/><F69/><T99/><D99/><AGARI ba="2,1" hai="88,95,99,124,127" m="29257,17993,42539" machi="99" ten="30,5800,0" yaku="14,1,10,1,54,1" doraHai="36" who="1" fromWho="0" sc="200,-62,542,72,298,0,0,0" /><INIT seed="1,3,0,0,4,112" ten="138,614,298,0" oya="1" hai0="54,107,53,119,40,67,62,38,111,109,0,122,50" hai1="105,104,82,1,41,121,108,65,52,79,123,84,58" hai2="116,81,97,32,83,132,42,113,127,73,88,64,57" hai3=""/><U131/><N who="1" m="31008" /><U130/><N who="1" m="31520" /><U63/><E1/><V43/><F32/><T100/><N who="0" m="31264" /><T68/><D0/><U37/><E108/><N who="0" m="41545" /><D100/><U89/><E37/><V47/><F113/><T92/><D92/><U126/><E41/><V91/><F127/><T90/><D90/><U106/><E126/><V124/><F124/><T55/><D107/><U60/><REACH who="1" step="1"/><E79/><REACH who="1" ten="138,604,298,0" step="2"/><V45/><F42/><T93/><D38/><U125/><E125/><V70/><F43/><T33/><D33/><U76/><E76/><V95/><F132/><T66/><D40/><U36/><E36/><V114/><F114/><T3/><D3/><U134/><E134/><V46/><F116/><T34/><D34/><U59/><AGARI ba="3,1" hai="52,58,59,60,63,65,82,84,89,104,105,106,130,131" m="31520,31008" machi="59" ten="40,12000,2" yaku="1,1,0,1,52,2,54,1,53,1" doraHai="112" doraHaiUra="51" who="1" fromWho="1" sc="138,-63,604,136,298,-63,0,0" /><INIT seed="1,4,0,2,1,78" ten="75,740,235,0" oya="1" hai0="88,43,33,57,60,62,45,94,132,120,64,115,131" hai1="37,99,89,96,119,80,113,106,134,117,38,50,34" hai2="68,77,53,70,121,107,81,54,46,49,93,61,55" hai3=""/><U135/><E34/><V40/><N who="2" m="31008" /><V2/><F107/><T104/><N who="0" m="30752" /><T130/><D33/><U41/><E113/><V114/><F2/><T84/><D115/><U48/><E106/><V0/><F0/><T126/><D126/><U111/><E111/><V42/><F114/><T44/><D132/><U69/><E69/><V101/><F40/><T116/><D116/><U63/><E63/><V67/><F93/><T85/><D104/><U102/><E41/><V110/><F101/><T86/><D60/><U83/><REACH who="1" step="1"/><E89/><REACH who="1" ten="75,730,235,0" step="2"/><V129/><F110/><T82/><D43/><U76/><E76/><V95/><F68/><T52/><D64/><U98/><E98/><V97/><F42/><T124/><D124/><U74/><E74/><V71/><F71/><T127/><D127/><U100/><AGARI ba="4,1" hai="37,38,48,50,80,83,96,99,100,102,117,119,134,135" machi="100" ten="25,12000,2" yaku="1,1,0,1,22,2,52,2,53,0" doraHai="78" doraHaiUra="59" who="1" fromWho="1" sc="75,-64,730,138,235,-64,0,0" /><INIT seed="1,5,0,5,2,97" ten="11,868,171,0" oya="1" hai0="89,119,75,39,85,0,112,67,114,65,63,88,35" hai1="69,43,109,111,107,96,133,132,46,95,51,47,66" hai2="32,78,131,90,106,116,125,52,73,98,34,83,105" hai3=""/><U1/><E107/><V100/><F116/><T81/><D119/><U50/><E1/><V104/><F131/><T113/><D0/><U134/><E66/><V103/><F125/><T122/><N who="0" m="31264" /><T72/><D35/><U93/><E69/><V79/><F52/><T91/><D39/><U121/><N who="1" m="31008" /><U130/><E130/><V54/><F54/><T40/><D40/><U53/><REACH who="1" step="1"/><E95/><REACH who="1" ten="11,858,171,0" step="2"/><V82/><F34/><T128/><D128/><U118/><E118/><V70/><F70/><T124/><D124/><U57/><E57/><V87/><F32/><T135/><D135/><U86/><E86/><V60/><F60/><T68/><REACH who="0" step="1"/><D67/><REACH who="0" ten="1,858,171,0" step="2"/><U49/><E49/><V48/><F48/><T92/><D92/><AGARI ba="5,2" hai="73,78,79,82,83,87,90,92,98,100,103,104,105,106" machi="92" ten="40,16000,3" yaku="35,6,52,2" doraHai="97" who="2" fromWho="0" sc="1,-170,858,0,171,190,0,0" owari="-169,-77.0,858,81.0,361,-4.0,0,0.0" /></mjloggm>