<mjloggm ver="2.3"><GO type="185" lobby="0"/><UN n0="%E6%84%9B%E3%81%A8%E6%AD%A3%E7%BE%A9" n1="%E9%A0%88%E7%94%B0%E3%83%9F%E3%83%BC%E3%82%B3" n2="%79%61%73%73%61%6E" n3="" dan="17,16,17,0" rate="2248.77,2150.65,2203.13,1500.00" sx="F,M,M,C"/><TAIKYOKU oya="0"/><INIT seed="0,0,0,4,2,98" ten="350,350,350,0" oya="0" hai0="43,128,135,41,58,133,97,85,130,36,68,99,57" hai1="83,61,124,112,105,102,110,53,49,3,67,74,37" hai2="47,78,55,64,127,88,73,80,33,86,106,125,62" hai3=""/><T39/><REACH who="0" step="1"/><D85/><REACH who="0" ten="340,350,350,0" step="2"/><U93/><E112/><V51/><F33/><T113/><D113/><U66/><E3/><V50/><F106/><T60/><D60/><U122/><E105/><V121/><N who="2" m="31008" /><V65/><F51/><T90/><D90/><U2/><E2/><V40/><F40/><T76/><D76/><U132/><E61/><V100/><F100/><T63/><D63/><U42/><E102/><V81/><REACH who="2" step="1"/><F65/><REACH who="2" ten="340,350,340,0" step="2"/><T0/><D0/><U120/><E66/><V89/><F89/><T71/><AGARI ba="0,2" hai="36,39,41,43,57,58,68,71,97,99,128,130,133,135" machi="71" ten="25,8000,1" yaku="21,2,0,1,22,2,53,0" doraHai="98" doraHaiUra="119" who="0" fromWho="0" sc="340,100,350,-40,340,-40,0,0" /><INIT seed="0,1,0,4,2,107" ten="440,310,300,0" oya="0" hai0="64,108,42,111,2,94,135,114,56,80,32,132,78" hai1="117,77,43,103,35,47,109,99,51,53,48,75,49" hai2="55,70,44,57,102,119,69,105,71,101,120,112,60" hai3=""/><T85/><D114/><U65/><E35/><V37/><N who="2" m="30752" /><V134/><F112/><T34/><D2/><U81/><E109/><N who="0" m="42057" /><D42/><U40/><E117/><V68/><F119/><T87/><D87/><U122/><N who="1" m="31264" /><U98/><E65/><V66/><F105/><T106/><D106/><U38/><E43/><V79/><F79/><T113/><D94/><U76/><E76/><V110/><F110/><T84/><D84/><U50/><REACH who="1" step="1"/><E103/><REACH who="1" ten="440,300,300,0" step="2"/><V58/><F102/><T33/><D113/><U54/><E54/><V88/><F101/><T3/><D3/><U130/><E130/><V123/><N who="2" m="31520" /><V127/><F88/><T74/><D64/><U124/><E124/><V133/><F127/><T46/><D33/><U100/><E100/><V67/><F67/><T61/><D32/><U89/><E89/><V91/><F91/><T72/><D34/><U96/><E96/><V126/><F126/><T90/><D90/><U73/><E73/><V59/><F55/><T0/><D0/><U115/><E115/><V95/><F95/><T82/><D74/><U97/><E97/><V52/><F52/><T125/><D78/><U36/><E36/><V121/><N who="2" m="31008" /><V92/><F92/><T41/><D125/><U62/><E62/><RYUUKYOKU ba="1,1" sc="440,-20,300,10,300,10,0,0" hai1="38,40,47,48,49,50,51,53,75,77,81,98,99" hai2="37,44,57,58,59,60,66,68,69,70,71,133,134" /><INIT seed="1,2,1,0,0,66" ten="420,310,310,0" oya="1" hai0="51,112,56,60,123,111,77,82,79,99,107,68,109" hai1="125,39,105,97,73,38,54,40,100,50,55,98,135" hai2="64,33,3,118,0,127,37,119,103,110,104,106,75" hai3=""/><U101/><E125/><V93/><F64/><T126/><N who="0" m="31520" /><T34/><D112/><U96/><E73/><V2/><F93/><T84/><D34/><U87/><E135/><V121/><F103/><T58/><D126/><U80/><E40/><V65/><F65/><T49/><D68/><U88/><E98/><V71/><F2/><T67/><D79/><U94/><REACH who="1" step="1"/><E54/><REACH who="1" ten="420,300,310,0" step="2"/><V48/><F3/><T129/><D99/><U81/><E81/><V91/><F119/><T92/><D82/><U128/><E128/><V53/><F53/><T132/><D129/><U63/><E63/><V86/><F86/><T47/><D60/><U90/><E90/><V134/><F91/><T62/><D62/><U115/><E115/><V45/><F134/><T124/><D132/><U131/><E131/><V95/><F127/><T114/><D124/><U108/><E108/><V83/><F110/><T113/><D109/><U102/><E102/><V85/><F75/><T32/><D111/><U44/><AGARI ba="2,2" hai="38,39,44,50,55,80,87,88,94,96,97,100,101,105" machi="44" ten="20,8000,1" yaku="1,1,0,1,7,1,54,1,53,1" doraHai="66" doraHaiUra="46" who="1" fromWho="1" sc="420,-42,300,104,310,-42,0,0" /><INIT seed="1,3,0,0,4,93" ten="378,404,268,0" oya="1" hai0="97,62,81,131,134,98,117,39,65,46,122,96,63" hai1="37,50,36,71,115,94,2,116,82,85,108,64,118" hai2="80,40,43,125,61,44,113,100,105,83,57,60,70" hai3=""/><U109/><E115/><V126/><F113/><T132/><N who="0" m="31264" /><T92/><D131/><U95/><E2/><V66/><F105/><T32/><D32/><U129/><E129/><V51/><F100/><T3/><D3/><U67/><E50/><V34/><F34/><T89/><D117/><U76/><E71/><V84/><F43/><T78/><D46/><U72/><E64/><V68/><F83/><T33/><D39/><U104/><E67/><V114/><F114/><T88/><D33/><U49/><E104/><V42/><F42/><T90/><D92/><N who="1" m="35371" /><E49/><V54/><REACH who="2" step="1"/><F68/><REACH who="2" ten="378,404,258,0" step="2"/><T38/><D38/><U124/><E124/><V91/><AGARI ba="3,1" hai="40,44,51,54,57,60,61,66,70,80,84,91,125,126" machi="91" ten="30,3000,0" yaku="1,1,2,1,0,1,53,0" doraHai="93" doraHaiUra="1" who="2" fromWho="2" sc="378,-13,404,-23,258,46,0,0" /><INIT seed="2,0,0,1,0,123" ten="365,381,304,0" oya="2" hai0="104,109,91,37,76,69,63,118,131,78,50,112,98" hai1="125,62,129,55,111,33,116,82,102,130,135,83,3" hai2="72,101,114,42,113,49,68,59,119,71,0,73,115" hai3=""/><V43/><F0/><T134/><D118/><U65/><E116/><V74/><F119/><T106/><D37/><U117/><E117/><V87/><F101/><T40/><D134/><U92/><E33/><V70/><F87/><T36/><D36/><U51/><E125/><V32/><F32/><T99/><D50/><U85/><E135/><V105/><F105/><T45/><D45/><U121/><N who="1" m="31008" /><U94/><E111/><V132/><F132/><T124/><D40/><U64/><E64/><V47/><F59/><T86/><D69/><U88/><E83/><V2/><F2/><T56/><D56/><U120/><N who="1" m="30752" /><U52/><E55/><AGARI ba="0,0" hai="42,43,47,49,55,68,70,71,72,73,74,113,114,115" machi="55" ten="60,5800,0" yaku="29,2" doraHai="123" who="2" fromWho="1" sc="365,0,381,-58,304,58,0,0" /><INIT seed="2,1,0,4,3,108" ten="365,323,362,0" oya="2" hai0="35,47,63,42,127,76,91,130,128,101,83,61,112" hai1="64,84,59,87,114,115,99,32,45,70,135,58,94" hai2="118,33,68,132,38,51,129,97,120,131,74,77,1" hai3=""/><V50/><RYUUKYOKU type="yao9" ba="1,0" sc="365,0,323,0,362,0,0,0" hai2="1,33,38,50,51,68,74,77,97,118,120,129,131,132" /><INIT seed="2,2,0,0,4,113" ten="365,323,362,0" oya="2" hai0="92,38,40,45,89,99,37,118,62,112,90,36,103" hai1="57,47,109,46,50,74,129,68,128,85,110,35,52" hai2="79,33,73,117,106,55,66,42,83,130,72,91,87" hai3=""/><V44/><F33/><T69/><D112/><U1/><E74/><V71/><F130/><N who="1" m="50281" /><E1/><V96/><F117/><T98/><D118/><U58/><E85/><V132/><F132/><T94/><REACH who="0" step="1"/><D103/><REACH who="0" ten="355,323,362,0" step="2"/><U95/><E35/><V101/><F72/><T2/><D2/><U76/><E110/><V65/><F71/><T93/><D93/><U61/><E68/><V125/><F125/><T108/><D108/><U100/><E109/><V116/><F116/><T114/><D114/><U123/><N who="1" m="31520" /><U120/><N who="1" m="30752" /><U41/><E76/><V115/><F115/><T107/><D107/><U84/><E100/><V80/><REACH who="2" step="1"/><F55/><REACH who="2" ten="355,323,352,0" step="2"/><T32/><D32/><U70/><E70/><V104/><F104/><T88/><D88/><U102/><E102/><V75/><F75/><T51/><D51/><AGARI ba="2,2" hai="42,44,51,65,66,73,79,80,83,87,91,96,101,106" machi="51" ten="30,2900,0" yaku="1,1,7,1,53,0" doraHai="113" doraHaiUra="134" who="2" fromWho="0" sc="355,-33,323,0,352,53,0,0" /><INIT seed="2,3,0,5,3,56" ten="322,323,405,0" oya="2" hai0="42,51,134,116,69,135,62,68,55,125,131,57,98" hai1="37,35,48,36,107,118,53,88,40,63,49,87,73" hai2="96,80,86,50,60,103,94,109,111,83,104,52,89" hai3=""/><V3/><F3/><T100/><D116/><U32/><E107/><V41/><F41/><T2/><D2/><U84/><E73/><V124/><F124/><T33/><D33/><U34/><E118/><V79/><F60/><T45/><D125/><U72/><E72/><V114/><F114/><T85/><D85/><U65/><E40/><V76/><F83/><T78/><D78/><U71/><E87/><V112/><F112/><T120/><N who="0" m="30752" /><T54/><D131/><U122/><N who="1" m="31264" /><U108/><E108/><N who="2" m="41547" /><F104/><T90/><D90/><U38/><REACH who="1" step="1"/><E53/><REACH who="1" ten="322,313,405,0" step="2"/><V110/><N who="2" m="41555" /><V75/><DORA hai="59" /><F75/><T99/><D55/><U106/><E106/><V126/><F126/><T46/><D42/><U0/><E0/><V128/><F128/><T97/><D54/><U117/><E117/><V127/><F127/><T70/><D134/><U43/><E43/><V132/><F132/><T74/><D135/><U67/><E67/><V61/><F61/><T39/><D74/><U82/><AGARI ba="3,1" hai="32,34,35,36,37,38,48,49,63,65,71,82,84,88" m="31264" machi="82" ten="40,9000,2" yaku="1,1,0,1,52,3,54,1,53,0" doraHai="56,59" doraHaiUra="102,105" who="1" fromWho="1" sc="322,-33,313,106,405,-63,0,0" /><INIT seed="4,0,0,0,0,42" ten="289,419,342,0" oya="0" hai0="2,127,115,61,88,124,94,0,116,134,100,97,56" hai1="58,47,79,103,122,3,48,35,110,121,102,46,93" hai2="76,54,117,83,36,99,82,119,71,68,1,77,59" hai3=""/><T65/><D116/><N who="2" m="44618" /><F36/><T106/><D115/><U70/><N who="1" m="31008" /><U125/><N who="1" m="31264" /><U72/><E70/><N who="2" m="26667" /><F99/><T51/><D134/><U132/><E110/><V107/><F107/><T96/><REACH who="0" step="1"/><D51/><REACH who="0" ten="279,419,342,0" step="2"/><U66/><E48/><V45/><F1/><AGARI ba="0,1" hai="0,1,2,56,61,65,88,94,96,97,100,106,124,127" machi="1" ten="40,7700,0" yaku="1,1,2,1,54,1,53,0" doraHai="42" doraHaiUra="108" who="0" fromWho="2" sc="279,87,419,0,342,-77,0,0" /><INIT seed="4,1,0,5,0,119" ten="366,419,265,0" oya="0" hai0="107,3,69,122,84,129,38,135,131,34,74,35,109" hai1="79,95,106,1,103,43,92,55,85,75,63,66,45" hai2="61,78,37,54,56,83,0,68,108,44,53,96,117" hai3=""/><T123/><N who="0" m="31264" /><T47/><D84/><U88/><E1/><V124/><F108/><T112/><D47/><U71/><E55/><V89/><F124/><T67/><D67/><U118/><E118/><V100/><F117/><T72/><D72/><U80/><E103/><V111/><F111/><T94/><D94/><U132/><E132/><V36/><F68/><T64/><D64/><U134/><E134/><V114/><F89/><T77/><D77/><U73/><E106/><V59/><F114/><T93/><D93/><U62/><E62/><V98/><F0/><T128/><D128/><U50/><REACH who="1" step="1"/><E95/><REACH who="1" ten="366,409,265,0" step="2"/><V127/><F127/><T101/><D101/><U99/><AGARI ba="1,1" hai="43,45,50,63,66,71,73,75,79,80,85,88,92,99" machi="99" ten="20,9000,2" yaku="1,1,2,1,0,1,7,1,54,1,53,1" doraHai="119" doraHaiUra="90" who="1" fromWho="1" sc="366,-61,409,102,265,-31,0,0" /><INIT seed="5,0,0,5,2,38" ten="305,511,234,0" oya="1" hai0="121,35,118,61,80,114,50,104,83,0,84,63,108" hai1="120,112,129,76,102,100,53,69,59,133,98,106,64" hai2="44,74,77,60,123,99,101,34,116,82,65,96,3" hai3=""/><U68/><N who="1" m="30752" /><U78/><E112/><V70/><N who="2" m="31520" /><V58/><F116/><T32/><N who="0" m="31008" /><T103/><D108/><U46/><E133/><V45/><F34/><T111/><D111/><U127/><E127/><V75/><F3/><T88/><D0/><U90/><E102/><V47/><F75/><T117/><D114/><U134/><E129/><V95/><REACH who="2" step="1"/><F99/><REACH who="2" ten="305,511,224,0" step="2"/><T79/><D32/><U62/><E134/><V36/><F36/><T1/><D35/><U92/><E98/><V124/><F124/><T2/><D1/><U40/><E68/><AGARI ba="0,1" hai="44,45,47,58,60,65,68,70,74,77,82,95,96,101" m="31520" machi="68" ten="40,8000,1" yaku="1,1,52,1,53,2" doraHai="38" doraHaiUra="67" who="2" fromWho="1" sc="305,0,511,-80,224,90,0,0" /><INIT seed="6,0,0,3,2,38" ten="305,431,314,0" oya="2" hai0="41,54,133,121,125,96,51,130,103,44,58,32,72" hai1="49,70,39,35,85,33,42,112,101,36,97,95,82" hai2="55,113,109,68,92,50,127,52,134,2,69,106,111" hai3=""/><V107/><F2/><T46/><N who="0" m="31008" /><T122/><N who="0" m="31264" /><T102/><D32/><U123/><N who="1" m="31520" /><U105/><E70/><N who="2" m="27243" /><F113/><T53/><D133/><U48/><E112/><V77/><F77/><T91/><D130/><U43/><E105/><N who="2" m="39947" /><F134/><T1/><D1/><U83/><E83/><V114/><F114/><T115/><D72/><U40/><E35/><V65/><F65/><T98/><D115/><U88/><REACH who="1" step="1"/><E33/><REACH who="1" ten="305,421,314,0" step="2"/><V94/><F127/><T62/><D125/><U79/><E79/><V110/><F50/><AGARI ba="0,1" hai="36,39,40,42,43,48,49,50,82,85,88,95,97,101" m="31520" machi="50" ten="40,16000,3" yaku="1,1,52,4,54,1,53,3" doraHai="38" doraHaiUra="45" who="1" fromWho="2" sc="305,0,421,170,314,-160,0,0" owari="305,-9.0,591,54.0,154,-45.0,0,0.0" /></mjloggm>