<mjloggm ver="2.3"><GO type="185" lobby="0"/><UN n0="%74%2E%6F%2E%6F%2E%73" n1="%E3%81%8A%E7%9F%A5%E3%82%89%E3%81%9B" n2="%E5%A4%A7%E5%92%8C%E6%A1%9C" n3="" dan="18,18,18,0" rate="2345.23,2378.68,2357.25,1500.00" sx="M,M,F,C"/><TAIKYOKU oya="0"/><INIT seed="0,0,0,1,4,62" ten="350,350,350,0" oya="0" hai0="75,114,104,56,84,34,69,113,124,70,43,40,117" hai1="112,123,46,110,48,33,99,81,59,78,74,115,111" hai2="106,35,0,80,52,53,118,92,109,132,38,57,135" hai3=""/><T119/><D75/><U89/><N who="1" m="31520" /><U102/><E33/><V127/><F106/><T131/><D104/><U58/><E89/><V39/><F0/><T72/><D72/><U87/><E74/><V3/><F3/><T97/><D97/><U32/><E32/><V45/><F35/><T121/><N who="0" m="31008" /><T50/><D84/><U44/><E59/><V2/><F92/><T134/><D34/><U36/><E36/><V122/><F80/><T128/><D56/><U120/><N who="1" m="30752" /><U107/><E58/><V100/><F2/><T116/><D50/><U103/><E103/><V67/><F100/><T64/><D64/><U98/><E98/><V90/><F67/><T105/><D105/><U129/><E44/><V51/><F45/><T86/><D86/><U42/><REACH who="1" step="1"/><E129/><REACH who="1" ten="350,340,350,0" step="2"/><V65/><F57/><T55/><D131/><U47/><E47/><V125/><F38/><T101/><D128/><U66/><E66/><V71/><F39/><T60/><D101/><U82/><E82/><V126/><F65/><T41/><D117/><U133/><E133/><V54/><F135/><T79/><D134/><U61/><E61/><V1/><F132/><T37/><D116/><U76/><E76/><V91/><N who="2" m="31264" /><V130/><F118/><RYUUKYOKU ba="0,1" sc="350,-10,340,20,350,-10,0,0" hai1="42,46,48,78,81,87,99,102,107,110,111,112,115" /><INIT seed="1,1,1,1,3,73" ten="340,360,340,0" oya="1" hai0="38,45,80,101,129,133,98,39,54,3,130,55,119" hai1="118,51,110,92,132,108,75,95,107,46,94,1,88" hai2="113,91,53,127,34,37,106,32,115,109,126,123,58" hai3=""/><U97/><E118/><V42/><N who="2" m="31520" /><V90/><F106/><T63/><D3/><U59/><E1/><V43/><F109/><N who="1" m="42089" /><E132/><V86/><F37/><T71/><D133/><U121/><N who="1" m="31008" /><U83/><E59/><V128/><F58/><T125/><D119/><U112/><E107/><V68/><F86/><T79/><D130/><U84/><E75/><V48/><F48/><T78/><D129/><U44/><E112/><V61/><F128/><T56/><D71/><U77/><E44/><V65/><F68/><T81/><D45/><U96/><E96/><V62/><REACH who="2" step="1"/><F53/><AGARI ba="1,1" hai="46,51,53,77,83,84,88,92,94,95,97" m="31008,42089" machi="53" ten="30,12000,1" yaku="14,1,10,1,52,2,54,1" doraHai="73" who="1" fromWho="2" sc="340,0,360,132,340,-122,0,0" /><INIT seed="1,2,0,1,0,96" ten="340,492,218,0" oya="1" hai0="61,103,122,120,47,114,55,58,56,94,130,77,35" hai1="87,0,93,95,64,36,119,91,75,38,37,71,57" hai2="76,86,41,33,100,50,39,62,49,97,111,74,44" hai3=""/><U112/><E112/><V84/><F111/><T107/><N who="0" m="30752" /><T1/><N who="0" m="31264" /><T124/><D114/><U53/><E119/><V40/><F33/><T73/><D35/><U101/><E75/><V102/><F62/><T81/><D1/><U32/><E32/><V109/><F109/><T104/><D130/><U48/><E0/><V132/><F132/><T72/><D124/><U45/><E93/><V46/><F39/><T52/><D47/><U99/><E71/><V125/><F125/><T78/><D94/><U54/><E64/><V63/><F63/><T68/><D68/><U113/><E113/><V108/><F108/><T131/><D131/><U117/><E117/><V106/><REACH who="2" step="1"/><F102/><REACH who="2" ten="340,492,208,0" step="2"/><T116/><D103/><U135/><E135/><V123/><N who="2" m="31520" /><V42/><F42/><T80/><D116/><U134/><E134/><V92/><F92/><T128/><D128/><U127/><E127/><V115/><F115/><T89/><D89/><U79/><E91/><V98/><F98/><T59/><REACH who="0" step="1"/><D61/><REACH who="0" ten="330,492,208,0" step="2"/><U118/><E118/><V67/><F67/><T70/><D70/><U133/><E133/><V110/><F110/><T121/><N who="0" m="31008" /><T2/><D2/><U69/><E69/><V82/><AGARI ba="2,2" hai="40,41,44,46,49,50,74,76,82,84,86,97,100,106" m="31520" machi="82" ten="30,6000,1" yaku="1,1,0,1,9,1,52,2,53,0" doraHai="96" doraHaiUra="34" who="2" fromWho="2" sc="330,-22,492,-42,208,84,0,0" /><INIT seed="2,0,0,0,5,114" ten="308,450,292,0" oya="2" hai0="62,64,63,104,32,60,65,45,68,88,76,35,98" hai1="39,123,110,82,127,40,69,83,86,50,61,117,74" hai2="80,33,44,120,112,56,81,78,1,97,130,73,107" hai3=""/><V36/><N who="2" m="30752" /><V105/><F112/><T79/><D45/><U99/><N who="1" m="31520" /><U85/><E110/><V46/><F33/><T128/><D128/><U67/><E127/><V37/><F130/><T90/><D62/><U54/><E117/><V2/><F56/><T84/><D104/><U51/><E74/><V106/><F97/><T131/><D131/><U38/><E99/><V129/><F129/><T96/><REACH who="0" step="1"/><D84/><REACH who="0" ten="298,450,292,0" step="2"/><U0/><E86/><V43/><REACH who="2" step="1"/><F81/><REACH who="2" ten="298,450,282,0" step="2"/><T94/><D94/><U121/><E83/><V34/><F34/><T119/><D119/><U92/><E82/><V118/><F118/><T42/><D42/><AGARI ba="0,2" hai="1,2,36,37,42,43,44,46,73,78,80,105,106,107" m="30752" machi="42" ten="40,24000,3" yaku="1,1,9,1,33,3,52,1,53,2" doraHai="114" doraHaiUra="41" who="2" fromWho="0" sc="298,-240,450,0,282,260,0,0" /><INIT seed="2,1,0,5,2,129" ten="58,450,542,0" oya="2" hai0="108,131,36,62,95,72,51,92,98,71,94,105,1" hai1="121,126,54,60,45,41,35,124,49,37,96,103,0" hai2="106,107,130,63,73,58,84,128,3,48,135,113,2" hai3=""/><V117/><F73/><T43/><D1/><U114/><N who="1" m="31008" /><U110/><E0/><V120/><N who="2" m="30752" /><V61/><F113/><T88/><D108/><U123/><N who="1" m="31520" /><U52/><E114/><V67/><F117/><T81/><D131/><N who="2" m="50218" /><F135/><T91/><D36/><U69/><E35/><V80/><F61/><T122/><N who="0" m="31264" /><T100/><D43/><U83/><E83/><V104/><F48/><T76/><REACH who="0" step="1"/><D51/><REACH who="0" ten="48,450,542,0" step="2"/><U101/><E110/><V42/><F42/><T90/><D90/><AGARI ba="1,1" hai="2,3,58,63,67,80,84,90,104,106,107" m="50218,30752" machi="90" ten="40,3900,0" yaku="19,1,52,1" doraHai="129" who="2" fromWho="0" sc="48,-41,450,0,542,51,0,0" /><INIT seed="2,2,0,0,0,119" ten="7,450,593,0" oya="2" hai0="90,33,49,1,94,124,120,45,102,42,131,133,36" hai1="125,34,101,54,108,104,72,75,103,80,107,112,84" hai2="64,0,3,2,74,81,43,92,59,114,50,97,37" hai3=""/><V87/><F114/><T93/><N who="0" m="30752" /><T47/><D1/><U89/><E54/><V115/><F115/><T67/><D33/><U57/><E57/><V117/><F74/><N who="1" m="28201" /><E125/><V56/><F117/><T109/><D124/><U126/><E108/><V116/><F116/><T46/><D109/><U105/><E34/><V88/><F37/><T53/><D131/><U66/><E66/><V40/><F64/><T113/><D113/><U52/><E52/><V79/><REACH who="2" step="1"/><F43/><REACH who="2" ten="7,450,583,0" step="2"/><T39/><D67/><U128/><E126/><V68/><F68/><T86/><D133/><U62/><E112/><V129/><F129/><T71/><D71/><U63/><E128/><V38/><F38/><T98/><D36/><U122/><N who="1" m="31264" /><U69/><E63/><V35/><F35/><T51/><D39/><U77/><E62/><V127/><F127/><T110/><D110/><U96/><E69/><V106/><F106/><T91/><D102/><U70/><E70/><V85/><F85/><T44/><AGARI ba="2,1" hai="42,44,45,46,47,49,51,53,86,90,91,93,94,98" m="30752" machi="44" ten="20,6000,1" yaku="0,1,7,1,8,1,52,2" doraHai="119" who="0" fromWho="0" sc="7,74,450,-22,583,-42,0,0" /><INIT seed="4,0,0,2,1,128" ten="81,428,541,0" oya="0" hai0="61,135,2,90,73,132,50,99,110,125,82,64,63" hai1="129,89,49,77,85,127,39,124,104,109,46,93,106" hai2="91,32,134,79,71,126,0,40,34,120,3,53,116" hai3=""/><T121/><N who="0" m="31008" /><T80/><D2/><U95/><E109/><V103/><F71/><T98/><D125/><N who="1" m="48203" /><E129/><V52/><F126/><T107/><D110/><U102/><E39/><V78/><N who="2" m="30752" /><V100/><F91/><T76/><D50/><U69/><E69/><V74/><F74/><T58/><D63/><U83/><E102/><V60/><F60/><T55/><D64/><U88/><E95/><V43/><F116/><T72/><D107/><N who="1" m="41003" /><E93/><V36/><F36/><T54/><D54/><AGARI ba="0,0" hai="46,49,54,77,83,85,88,89" m="41003,48203" machi="54" ten="30,2000,0" yaku="18,1,54,1" doraHai="128" who="1" fromWho="0" sc="81,-20,428,20,541,0,0,0" /><INIT seed="5,0,0,1,0,82" ten="61,448,541,0" oya="1" hai0="39,57,92,129,43,98,124,84,112,74,35,110,46" hai1="79,115,44,33,3,91,130,109,1,38,90,0,135" hai2="100,118,53,55,71,61,133,54,96,34,99,126,72" hai3=""/><U89/><E33/><V121/><N who="2" m="31008" /><V50/><F34/><T65/><D110/><U76/><E109/><V56/><F118/><T102/><D112/><U134/><E115/><V42/><F72/><T2/><D129/><U86/><E130/><V125/><F133/><N who="1" m="50697" /><E86/><V75/><F75/><T68/><D124/><N who="2" m="47722" /><F96/><T62/><D2/><N who="1" m="515" /><U131/><DORA hai="85" /><E131/><V51/><F71/><T108/><D35/><U37/><E44/><V36/><F36/><AGARI ba="0,0" hai="36,37,38,76,79,89,90,91" m="515,50697" machi="36" ten="50,18000,2" yaku="28,2,20,1,52,3" doraHai="82,85" who="1" fromWho="2" sc="61,0,448,180,541,-180,0,0" /><INIT seed="5,1,0,3,2,85" ten="61,628,361,0" oya="1" hai0="103,61,82,75,51,128,81,63,123,60,66,104,101" hai1="99,111,71,84,67,1,120,91,102,34,45,2,96" hai2="115,135,89,92,116,53,72,41,131,79,126,107,97" hai3=""/><U39/><N who="1" m="30752" /><U118/><E118/><V110/><F116/><T58/><N who="0" m="31520" /><T106/><D128/><U33/><E111/><V122/><N who="2" m="31264" /><V49/><F110/><T114/><D114/><U86/><E67/><V124/><F131/><T78/><D66/><U36/><E45/><V113/><F107/><T52/><D106/><U108/><E108/><V73/><F41/><T112/><D112/><N who="2" m="43082" /><F135/><T105/><D105/><U80/><E102/><V50/><F50/><T44/><D104/><U94/><E80/><V40/><F40/><T64/><D82/><U3/><E71/><V0/><F0/><T42/><REACH who="0" step="1"/><D64/><REACH who="0" ten="51,628,361,0" step="2"/><U130/><E130/><V83/><F73/><T35/><D35/><U46/><E1/><V100/><F100/><AGARI ba="1,1" hai="42,44,51,52,58,60,61,63,75,78,81,100,101,103" m="31520" machi="100" ten="40,5200,0" yaku="1,1,52,1,54,1,53,0" doraHai="85" doraHaiUra="127" who="0" fromWho="2" sc="51,64,628,0,361,-54,0,0" /><INIT seed="6,0,0,5,5,59" ten="115,628,307,0" oya="2" hai0="33,80,77,88,79,119,49,42,56,3,72,97,84" hai1="61,103,78,114,68,39,113,47,73,35,85,106,124" hai2="133,58,92,57,40,65,91,69,81,76,71,99,64" hai3=""/><V82/><F133/><T0/><D119/><U107/><E35/><V41/><F71/><T74/><D33/><U45/><E85/><V87/><F69/><T128/><D128/><U66/><E124/><V110/><F110/><T93/><D0/><U104/><E103/><V83/><F83/><T37/><D3/><U135/><E135/><V102/><F58/><T34/><D34/><U63/><E63/><V36/><F36/><T38/><D38/><U43/><E47/><V1/><F1/><T95/><D37/><U67/><E67/><V117/><F117/><T98/><D42/><U60/><E60/><V52/><F64/><T96/><D49/><U125/><E125/><V130/><F65/><T89/><D56/><U101/><E101/><V111/><F111/><T112/><D112/><U105/><N who="1" m="26624" /><DORA hai="100" /><U129/><E129/><V126/><F126/><T32/><D32/><U48/><E48/><V75/><F130/><T53/><D53/><U121/><N who="1" m="31008" /><U50/><E50/><AGARI ba="0,0" hai="40,41,50,52,57,75,76,81,82,87,91,92,99,102" machi="50" ten="30,2900,0" yaku="7,1,54,1" doraHai="59,100" who="2" fromWho="1" sc="115,0,628,-29,307,29,0,0" /><INIT seed="6,1,0,2,4,83" ten="115,599,336,0" oya="2" hai0="63,103,110,90,52,102,135,132,35,80,94,85,81" hai1="38,59,131,36,114,130,76,79,117,65,109,108,97" hai2="43,42,129,2,66,125,46,96,44,124,113,54,111" hai3=""/><V115/><F2/><T32/><D32/><U71/><E114/><N who="2" m="43531" /><F129/><N who="1" m="49161" /><E71/><V91/><F111/><N who="1" m="42569" /><E117/><V89/><F66/><T39/><D35/><U120/><N who="1" m="30752" /><U73/><E97/><V58/><F96/><T78/><D39/><N who="1" m="14891" /><E73/><V60/><F89/><T106/><D110/><U104/><E104/><V98/><F98/><T70/><D70/><U0/><E0/><V127/><F91/><T62/><D62/><AGARI ba="1,0" hai="59,62,65,76,79" m="14891,30752,42569,49161" machi="62" ten="40,2600,0" yaku="19,1,52,1" doraHai="83" who="1" fromWho="0" sc="115,-28,599,28,336,0,0,0" owari="87,-51.0,627,57.0,336,-6.0,0,0.0" /></mjloggm>