<mjloggm ver="2.3"><GO type="225" lobby="0"/><UN n0="%E3%82%B5%E3%83%AB%E3%82%B7%E3%83%B3" n1="%E6%AF%9B%E8%8D%92%E3%82%8C%E3%83%BB%E3%82%B9%E3%83%9F%E3%82%B9" n2="%48%61%61%61%6C%61%6E%64" n3="%E8%A8%88%E7%AE%97%E6%A9%9F%E8%87%AA%E7%84%B6" dan="16,16,17,17" rate="2167.43,2160.71,2185.87,2213.75" sx="M,F,M,M"/><TAIKYOKU oya="0"/><INIT seed="0,0,0,3,4,51" ten="250,250,250,250" oya="0" hai0="13,93,26,50,124,57,5,59,68,113,40,115,63" hai1="52,90,89,42,114,55,38,66,74,103,132,77,20" hai2="4,67,34,70,104,76,61,64,41,87,12,106,128" hai3="22,36,3,49,117,99,0,129,118,127,101,100,44"/><T83/><D68/><U96/><E132/><V25/><F128/><W65/><G36/><T116/><D116/><U88/><E114/><V102/><F41/><W123/><G129/><T15/><D124/><U46/><E66/><V120/><F120/><W107/><G127/><T81/><D26/><U6/><E6/><V97/><F64/><W79/><G123/><T58/><D115/><U134/><E134/><V80/><F106/><W16/><G100/><T131/><D113/><U17/><E77/><V72/><F87/><W110/><G79/><T9/><D131/><U1/><E1/><V32/><REACH who="2" step="1"/><F25/><REACH who="2" ten="250,250,240,250" step="2"/><W10/><G65/><T85/><D63/><U69/><E74/><V14/><F14/><W7/><G3/><T92/><D15/><U56/><E69/><V98/><F98/><W54/><G110/><T53/><D40/><U84/><E84/><V133/><F133/><W112/><G112/><T28/><D28/><U62/><E55/><V82/><F82/><N who="0" m="31242" /><D85/><U125/><E125/><V39/><F39/><W130/><G130/><T29/><D29/><U73/><E73/><V8/><AGARI ba="0,1" hai="4,8,12,32,34,61,67,70,72,76,80,97,102,104" machi="8" ten="30,2000,0" yaku="1,1,0,1,53,0" doraHai="51" doraHaiUra="18" who="2" fromWho="2" sc="250,-10,250,-5,240,30,250,-5" /><INIT seed="1,0,0,3,2,15" ten="240,245,270,245" oya="1" hai0="77,25,104,63,74,73,2,109,8,119,114,54,126" hai1="62,26,0,19,113,88,92,67,56,87,34,106,33" hai2="68,4,115,80,91,21,97,3,38,51,7,10,39" hai3="58,110,47,102,125,90,43,107,121,94,35,32,53"/><U78/><E113/><V9/><F115/><W112/><G112/><T55/><D114/><RYUUKYOKU type="kaze4" ba="0,0" sc="240,0,245,0,270,0,245,0" /><INIT seed="1,1,0,0,2,62" ten="240,245,270,245" oya="1" hai0="36,61,96,37,54,95,22,67,34,87,91,75,119" hai1="10,122,9,125,72,88,130,0,7,86,38,111,65" hai2="121,3,135,43,64,6,69,103,24,32,124,70,41" hai3="5,80,131,85,58,26,35,102,40,113,116,112,33"/><U1/><E122/><V57/><F121/><W28/><G131/><T89/><D34/><U120/><E120/><V17/><F103/><W51/><G33/><T56/><D75/><U101/><E72/><V133/><F124/><W47/><G116/><T55/><D119/><U114/><E114/><V14/><F3/><W78/><G102/><T98/><D22/><U76/><E130/><V29/><F6/><W27/><G27/><T132/><D132/><N who="2" m="50762" /><F57/><W44/><G58/><T18/><D18/><U110/><E125/><V63/><F70/><W107/><G107/><T105/><D105/><U126/><E38/><V59/><F69/><W12/><REACH who="3" step="1"/><G47/><REACH who="3" ten="240,245,270,235" step="2"/><T123/><D123/><U77/><E126/><V4/><F4/><W79/><G79/><T30/><D56/><U73/><E101/><V39/><F39/><W49/><G49/><T74/><D37/><U66/><E77/><V128/><F128/><W81/><G81/><T94/><D36/><U53/><E76/><V46/><F46/><W19/><G19/><T15/><D30/><U99/><E7/><V68/><F68/><W134/><G134/><T45/><D45/><U11/><E111/><V117/><F117/><W31/><G31/><T104/><D104/><U84/><E110/><V97/><F24/><W60/><G60/><T115/><D61/><U8/><E0/><V48/><F48/><W23/><G23/><T108/><D108/><U25/><E1/><V42/><F32/><W93/><G93/><T100/><D100/><U83/><E25/><V129/><F129/><W2/><G2/><T92/><D95/><RYUUKYOKU ba="1,1" sc="240,-10,245,-10,270,-10,235,30" hai3="5,12,26,28,35,40,44,51,78,80,85,112,113" /><INIT seed="2,2,1,3,1,96" ten="230,235,260,265" oya="2" hai0="118,74,40,2,46,25,27,45,12,69,16,13,120" hai1="37,33,128,100,108,80,98,78,105,17,121,124,133" hai2="54,58,91,101,30,62,64,20,52,73,129,135,15" hai3="68,44,14,19,48,109,94,9,23,113,7,104,51"/><V39/><F129/><W103/><G68/><T102/><D2/><U77/><E33/><V119/><F119/><W72/><G72/><T92/><D120/><U107/><E37/><V126/><F126/><W95/><G109/><T90/><D74/><U4/><E4/><V6/><F39/><W83/><G113/><T81/><D69/><U50/><E108/><V61/><F135/><W26/><G83/><T131/><D131/><U75/><E128/><V32/><F32/><W82/><G82/><T34/><D34/><U60/><E124/><V84/><F101/><W85/><G104/><T116/><D12/><U70/><E133/><V36/><F36/><W18/><G85/><N who="0" m="50479" /><D118/><U89/><E121/><V22/><F73/><W56/><G7/><T42/><D42/><U114/><E114/><V117/><F117/><W66/><G103/><T24/><D40/><U5/><E5/><V71/><F54/><N who="3" m="31815" /><G66/><T65/><D65/><U0/><E0/><V97/><F97/><W41/><AGARI ba="2,1" hai="9,14,18,19,23,26,41,44,51,94,95" m="31815" machi="41" ten="30,1100,0" yaku="8,1" doraHai="96" who="3" fromWho="3" sc="230,-5,235,-5,260,-7,265,27" /><INIT seed="3,0,0,2,0,121" ten="225,230,253,292" oya="3" hai0="75,29,113,71,43,25,52,83,98,130,39,95,4" hai1="24,67,11,68,90,73,104,70,125,133,134,119,91" hai2="64,35,51,38,92,111,84,3,6,124,93,32,1" hai3="56,34,100,10,61,48,17,18,123,86,122,41,97"/><W99/><G34/><T30/><D71/><U37/><E73/><V85/><F38/><W42/><G86/><T8/><D130/><U103/><E37/><V12/><F12/><W59/><G48/><T132/><D132/><N who="1" m="50795" /><E125/><V27/><F51/><W7/><G100/><T108/><D108/><U16/><E119/><V33/><F27/><W105/><G10/><T45/><D113/><U96/><E67/><V36/><F36/><W46/><G7/><T50/><D83/><U87/><E90/><V14/><F64/><W62/><G46/><T106/><D106/><AGARI ba="0,0" hai="17,18,41,42,56,59,61,62,97,99,105,106,122,123" machi="106" ten="25,2400,0" yaku="22,2" doraHai="121" who="3" fromWho="0" sc="225,-24,230,0,253,0,292,24" owari="201,-30.0,230,-17.0,253,5.0,316,42.0" /></mjloggm>