<mjloggm ver="2.3"><GO type="185" lobby="0"/><UN n0="%E6%A5%A1%42%41%4E" n1="%28%C2%B4%C2%B0%CF%89%C2%B0%EF%BD%80%29" n2="%6E%69%63%61%2A%E3%82%9C" n3="" dan="16,17,18,0" rate="2193.13,2263.13,2308.62,1500.00" sx="M,M,F,C"/><TAIKYOKU oya="0"/><INIT seed="0,0,0,2,3,2" ten="350,350,350,0" oya="0" hai0="84,69,40,130,125,110,66,133,124,3,61,104,71" hai1="127,50,94,54,120,72,0,55,121,111,49,123,43" hai2="56,53,1,131,91,114,126,74,93,60,59,47,32" hai3=""/><T96/><D3/><U44/><N who="1" m="30752" /><U113/><N who="1" m="31008" /><U65/><N who="1" m="31520" /><U83/><E0/><V129/><F114/><T87/><D130/><U92/><E113/><V97/><F1/><T35/><D133/><U70/><E111/><V88/><F126/><T108/><D71/><U41/><E127/><N who="0" m="48713" /><D40/><U38/><E65/><V128/><F74/><T58/><D69/><U103/><E70/><V118/><F118/><T68/><D68/><U78/><E38/><V82/><F32/><T98/><D35/><U81/><E103/><V36/><F59/><T39/><D39/><U51/><E51/><V62/><F62/><T85/><D104/><U33/><E33/><V52/><F53/><T79/><D79/><U107/><E107/><V42/><F82/><T95/><D96/><U134/><E134/><V67/><F67/><T116/><D116/><U132/><E132/><V90/><AGARI ba="0,0" hai="36,42,47,52,56,60,88,90,91,93,97,128,129,131" machi="90" ten="40,6000,1" yaku="0,1,19,1,54,2" doraHai="2" who="2" fromWho="2" sc="350,-40,350,-20,350,60,0,0" /><INIT seed="1,0,0,3,1,93" ten="310,330,410,0" oya="1" hai0="79,33,73,91,83,34,112,123,118,61,41,64,104" hai1="71,100,130,1,95,113,45,115,57,46,88,87,102" hai2="90,3,133,106,101,50,111,126,81,134,39,122,109" hai3=""/><U40/><E71/><V2/><N who="2" m="31264" /><V84/><F39/><T97/><N who="0" m="31520" /><T129/><D112/><U85/><E1/><N who="2" m="11" /><F126/><T68/><D129/><U32/><E32/><V35/><F35/><T56/><D118/><U75/><E75/><V125/><F125/><T82/><D41/><U36/><E130/><V59/><F50/><T120/><N who="0" m="30752" /><T116/><D116/><U48/><E57/><V51/><F51/><T38/><D38/><U107/><E87/><V119/><F59/><T98/><D68/><U78/><E78/><V67/><F67/><T117/><D117/><U103/><REACH who="1" step="1"/><E107/><REACH who="1" ten="310,320,410,0" step="2"/><V114/><F119/><T66/><D104/><U110/><E110/><N who="2" m="41995" /><F114/><T89/><D33/><U65/><E65/><V69/><F69/><T128/><D34/><U76/><E76/><V42/><F106/><T127/><D127/><U72/><E72/><V80/><F84/><T55/><D73/><U105/><E105/><V49/><F81/><T62/><D56/><U92/><E92/><V99/><F80/><T108/><D108/><U77/><E77/><V132/><F134/><T58/><D58/><U52/><AGARI ba="0,1" hai="36,40,45,46,48,52,85,88,95,100,102,103,113,115" machi="52" ten="30,8000,1" yaku="1,1,0,1,54,2,53,1" doraHai="93" doraHaiUra="37" who="1" fromWho="1" sc="310,-40,320,90,410,-40,0,0" /><INIT seed="1,1,0,0,0,47" ten="270,410,370,0" oya="1" hai0="88,134,83,43,77,132,51,75,97,82,135,90,61" hai1="108,52,123,86,103,102,127,105,120,122,76,112,110" hai2="89,73,115,80,74,93,68,126,35,109,32,50,119" hai3=""/><U46/><N who="1" m="30752" /><U63/><N who="1" m="31264" /><U2/><N who="1" m="31520" /><U65/><E112/><V79/><F119/><T96/><D61/><U124/><E2/><V131/><F109/><N who="1" m="42089" /><E76/><V94/><F68/><T72/><D43/><U113/><E86/><V37/><F37/><T106/><D51/><U58/><E113/><V104/><F104/><T114/><D114/><U81/><E81/><V117/><F94/><T95/><D106/><U100/><E105/><V99/><F117/><T42/><D42/><U64/><E46/><V71/><F115/><T41/><D41/><U111/><N who="1" m="42097" /><U85/><DORA hai="49" /><E85/><V33/><F80/><N who="0" m="30762" /><D77/><U39/><E39/><V44/><F79/><T69/><D72/><U118/><E118/><V48/><F74/><T1/><D75/><U40/><E40/><V66/><F44/><T128/><D1/><U129/><E129/><V67/><F131/><T78/><D128/><U130/><E130/><V62/><F73/><T87/><D78/><U56/><E64/><V133/><F67/><T3/><D3/><U38/><E38/><V70/><F66/><T121/><D87/><U36/><E36/><V84/><F84/><T101/><N who="0" m="31008" /><T53/><D135/><U60/><AGARI ba="1,0" hai="52,56,58,60,63,65,100,102,103,124,127" m="42097,31520,31264,30752" machi="60" ten="50,12000,2" yaku="14,1,10,1,52,4,54,1" doraHai="47,49" who="1" fromWho="1" sc="270,-61,410,122,370,-61,0,0" /><INIT seed="1,2,0,5,1,52" ten="209,532,309,0" oya="1" hai0="78,111,99,59,53,87,65,129,124,94,135,40,77" hai1="118,134,68,107,80,0,93,57,104,3,100,46,37" hai2="109,49,81,43,113,126,110,51,86,133,36,98,50" hai3=""/><U106/><E118/><V61/><F133/><T85/><D135/><U128/><E68/><V82/><F126/><T42/><D124/><U47/><E134/><V95/><F113/><T60/><D111/><U45/><E37/><V56/><F36/><T117/><D129/><U69/><E69/><V103/><F43/><T121/><N who="0" m="31008" /><T123/><N who="0" m="31520" /><T122/><N who="0" m="31264" /><T101/><D65/><U114/><E114/><V48/><N who="2" m="12288" /><DORA hai="35" /><V2/><F2/><T44/><D117/><U97/><E128/><V73/><F73/><T71/><D71/><U1/><E57/><V89/><REACH who="2" step="1"/><F82/><AGARI ba="2,0" hai="0,1,3,45,46,47,80,82,93,97,100,104,106,107" machi="82" ten="60,12000,1" yaku="29,2,52,3" doraHai="52,35" who="1" fromWho="2" sc="209,0,532,124,309,-124,0,0" /><INIT seed="1,3,0,5,0,49" ten="209,656,185,0" oya="1" hai0="72,113,73,117,59,68,50,89,134,45,42,75,34" hai1="40,107,78,105,3,97,128,109,110,92,35,1,46" hai2="119,43,80,51,99,54,98,33,112,126,64,111,60" hai3=""/><U53/><E35/><V58/><F33/><T57/><D34/><U0/><E78/><V79/><F119/><T48/><D113/><U47/><E128/><V44/><F112/><T125/><D68/><U106/><E53/><V32/><F32/><T91/><D117/><U71/><E71/><V124/><F111/><N who="1" m="42505" /><E40/><V115/><F115/><T36/><D125/><N who="2" m="48234" /><F43/><T102/><D36/><U103/><AGARI ba="3,0" hai="0,1,3,46,47,92,97,103,105,106,107" m="42505" machi="103" ten="50,3200,0" yaku="14,1,10,1" doraHai="49" who="1" fromWho="1" sc="209,-19,656,38,185,-19,0,0" /><INIT seed="1,4,0,1,5,48" ten="190,694,166,0" oya="1" hai0="82,129,127,98,122,96,80,86,133,0,73,56,44" hai1="113,99,126,84,61,42,62,117,109,41,78,135,111" hai2="121,55,77,59,32,116,119,50,54,120,60,74,134" hai3=""/><U125/><E113/><V132/><N who="2" m="30752" /><V47/><N who="2" m="31008" /><V81/><REACH who="2" step="1"/><F32/><REACH who="2" ten="190,694,156,0" step="2"/><T95/><D122/><U94/><E125/><V106/><F106/><T88/><D127/><U68/><E126/><V51/><F51/><T89/><D0/><U43/><E117/><AGARI ba="4,1" hai="47,50,54,55,59,60,74,77,81,116,117,119,132,134" m="31008,30752" machi="117" ten="40,12000,2" yaku="1,1,52,4,53,2" doraHai="48" doraHaiUra="118" who="2" fromWho="1" sc="190,0,694,-128,156,138,0,0" /><INIT seed="2,0,0,5,4,48" ten="190,566,294,0" oya="2" hai0="38,69,78,104,73,115,3,74,125,67,107,118,51" hai1="42,44,108,60,40,80,93,122,46,55,131,68,66" hai2="82,45,98,96,110,35,121,116,89,101,113,54,33" hai3=""/><V114/><N who="2" m="31008" /><V95/><F116/><T94/><D51/><U52/><N who="1" m="31264" /><U70/><E108/><V34/><F110/><T130/><D67/><U83/><E93/><V117/><F117/><T41/><D41/><U36/><E131/><V134/><F134/><T43/><D43/><U135/><E135/><V99/><F82/><T2/><D78/><U127/><E127/><V61/><F45/><T128/><D94/><U81/><REACH who="1" step="1"/><E70/><REACH who="1" ten="190,556,294,0" step="2"/><V124/><F124/><T71/><D125/><U57/><E57/><V111/><F111/><T100/><D118/><U62/><E62/><V91/><F61/><T105/><D105/><U132/><E132/><V85/><F34/><T63/><D63/><U129/><E129/><V56/><F33/><T126/><D126/><U64/><E64/><V109/><F35/><T79/><D130/><U0/><E0/><V120/><F109/><T77/><D128/><U75/><E75/><V112/><N who="2" m="30752" /><V88/><F101/><T103/><D103/><U59/><E59/><V76/><F56/><T87/><D100/><U90/><E90/><V47/><F76/><T84/><D77/><U32/><E32/><V86/><F95/><T53/><D79/><U65/><E65/><V119/><F119/><RYUUKYOKU ba="0,1" sc="190,-20,556,10,294,10,0,0" hai1="36,40,42,44,46,52,55,60,66,68,80,81,83" hai2="47,54,85,86,88,89,91,96,98,99,112,113,114" /><INIT seed="2,1,1,2,1,57" ten="170,566,304,0" oya="2" hai0="119,40,59,122,108,53,32,41,103,80,61,37,71" hai1="115,121,105,125,91,118,130,129,68,106,49,63,113" hai2="48,128,36,79,46,66,78,33,124,114,117,123,60" hai3=""/><V64/><N who="2" m="31520" /><V47/><F114/><T38/><N who="0" m="31264" /><T62/><D32/><U135/><N who="1" m="31008" /><U132/><E49/><V100/><F117/><T85/><D103/><U86/><E63/><V72/><F33/><T82/><D119/><U109/><E68/><V90/><F100/><T89/><D108/><U42/><E42/><V70/><F64/><T44/><D82/><U76/><E76/><V134/><F134/><N who="1" m="51241" /><E109/><V92/><F128/><N who="1" m="49257" /><E118/><V120/><N who="2" m="30752" /><V96/><F124/><T112/><D112/><N who="1" m="43083" /><E125/><V54/><REACH who="2" step="1"/><F72/><REACH who="2" ten="170,566,294,0" step="2"/><T98/><D37/><U55/><E55/><V107/><F107/><T50/><D38/><U126/><E126/><V1/><F1/><T93/><D53/><U131/><E131/><V84/><F84/><T88/><D85/><U58/><E58/><V83/><F83/><AGARI ba="1,2" hai="83,86,91,105,106" m="43083,49257,51241,31008" machi="83" ten="40,8000,1" yaku="20,1,19,1,34,2,52,1" doraHai="57" who="1" fromWho="2" sc="170,0,566,102,294,-82,0,0" /><INIT seed="4,0,0,0,0,103" ten="170,668,212,0" oya="0" hai0="1,119,124,125,40,0,126,33,107,96,43,77,69" hai1="35,93,57,92,129,95,37,39,97,72,50,94,120" hai2="73,60,104,131,48,67,61,123,58,42,109,76,65" hai3=""/><T38/><D33/><U82/><N who="1" m="30752" /><U52/><E35/><V84/><N who="2" m="31520" /><V114/><F109/><T59/><D119/><U49/><E129/><V32/><F131/><T110/><D69/><U122/><N who="1" m="31264" /><U79/><REACH who="1" step="1"/><E50/><REACH who="1" ten="170,658,212,0" step="2"/><V121/><F32/><T41/><D38/><U113/><E113/><V78/><F114/><T127/><D127/><U100/><AGARI ba="0,1" hai="37,39,49,52,57,72,79,82,92,93,94,95,97,100" m="31264,30752" machi="100" ten="30,6000,1" yaku="1,1,0,1,52,2,54,1,53,0" doraHai="103" doraHaiUra="36" who="1" fromWho="1" sc="170,-40,658,70,212,-20,0,0" /><INIT seed="5,0,0,2,0,101" ten="130,728,192,0" oya="1" hai0="64,45,51,67,85,46,69,84,42,125,78,53,2" hai1="115,55,113,108,35,49,112,123,40,60,130,74,47" hai2="81,116,59,103,133,94,83,66,89,75,52,50,80" hai3=""/><U105/><N who="1" m="31520" /><U34/><E130/><V118/><F133/><T39/><D2/><U82/><E108/><V102/><F75/><T127/><D78/><U77/><E105/><V71/><F103/><T107/><D85/><U98/><E98/><V0/><F102/><T36/><D84/><U109/><E109/><V128/><F128/><T91/><D91/><U126/><E126/><N who="0" m="48137" /><D107/><U56/><AGARI ba="0,0" hai="34,35,40,47,49,55,56,60,74,77,82,112,113,115" m="31520" machi="56" ten="40,5200,0" yaku="0,1,15,1,52,1" doraHai="101" who="1" fromWho="1" sc="130,-26,728,52,192,-26,0,0" /><INIT seed="5,1,0,1,5,74" ten="104,780,166,0" oya="1" hai0="41,3,85,128,40,0,83,46,79,56,76,84,115" hai1="37,129,36,99,62,53,32,35,93,107,110,111,1" hai2="66,124,130,117,55,78,44,108,75,118,91,60,87" hai3=""/><U86/><E1/><V89/><F108/><N who="1" m="41513" /><E107/><V133/><F130/><T68/><D68/><U88/><E129/><V67/><F133/><T116/><D128/><U50/><E62/><V96/><F124/><T125/><D125/><U126/><E126/><V98/><F75/><T114/><D56/><U123/><N who="1" m="31520" /><U52/><E99/><V48/><F98/><T103/><D103/><U127/><E53/><V39/><F96/><T90/><D116/><U80/><E93/><V82/><F118/><T34/><D34/><N who="1" m="12843" /><E127/><V72/><F117/><T113/><D40/><U92/><E92/><V135/><F135/><T119/><D119/><U64/><E64/><V95/><F67/><T58/><D0/><U131/><E131/><V122/><N who="2" m="31264" /><V57/><REACH who="2" step="1"/><F89/><REACH who="2" ten="104,780,156,0" step="2"/><T94/><D3/><U51/><E51/><V33/><F33/><T42/><D115/><U38/><E36/><AGARI ba="1,1" hai="36,39,44,48,55,57,60,66,72,78,82,87,91,95" m="31264" machi="36" ten="40,5200,0" yaku="1,1,52,2,53,0" doraHai="74" doraHaiUra="102" who="2" fromWho="1" sc="104,0,780,-54,156,64,0,0" /><INIT seed="6,0,0,1,3,117" ten="104,726,220,0" oya="2" hai0="116,37,49,47,54,92,72,36,73,104,100,3,84" hai1="89,93,134,125,86,74,2,66,60,70,75,56,39" hai2="41,55,1,107,52,83,122,97,81,105,46,85,108" hai3=""/><V34/><N who="2" m="31264" /><V51/><F1/><T128/><D116/><U78/><E39/><V32/><F108/><T40/><D3/><U110/><E110/><V53/><F83/><T114/><D104/><U129/><E129/><V59/><F59/><T127/><D100/><U63/><E134/><V106/><REACH who="2" step="1"/><F97/><REACH who="2" ten="104,726,210,0" step="2"/><T45/><D128/><U61/><E2/><V99/><F99/><T133/><D133/><U130/><E56/><V42/><F42/><T126/><D40/><U67/><E130/><V87/><F87/><T103/><D84/><U123/><E86/><V98/><F98/><T96/><D96/><U35/><E123/><V131/><F131/><T102/><D126/><U33/><E125/><V119/><F119/><T132/><D127/><U90/><E75/><V68/><F68/><T48/><D132/><U71/><E74/><V65/><F65/><T64/><D64/><U38/><E70/><V0/><F0/><T115/><D54/><U88/><E71/><V69/><F69/><T57/><D57/><U120/><E67/><V113/><F113/><T118/><D118/><U124/><E124/><V44/><F44/><T82/><D82/><U50/><E66/><V111/><F111/><T112/><D112/><U135/><E135/><RYUUKYOKU ba="0,1" sc="104,10,726,-20,210,10,0,0" hai0="36,37,45,47,48,49,72,73,92,102,103,114,115" hai2="32,34,41,46,51,52,53,55,81,85,105,106,107" /><INIT seed="6,1,1,5,2,105" ten="114,706,220,0" oya="2" hai0="93,82,125,115,62,87,98,65,110,120,122,60,75" hai1="80,107,106,97,32,2,37,64,126,48,36,57,134" hai2="39,56,108,79,112,103,101,69,3,94,121,128,130" hai3=""/><V95/><N who="2" m="31008" /><V40/><F112/><T123/><N who="0" m="30752" /><T49/><N who="0" m="31264" /><T47/><N who="0" m="31520" /><T72/><D110/><U46/><E32/><V117/><F69/><T73/><D115/><U33/><E2/><V58/><F117/><T84/><D125/><U90/><E134/><V34/><F34/><T71/><D60/><U66/><E80/><V35/><F35/><T102/><REACH who="0" step="1"/><D82/><REACH who="0" ten="104,706,220,0" step="2"/><U42/><E48/><V54/><F108/><T76/><D76/><U61/><E57/><V114/><F79/><T55/><AGARI ba="1,2" hai="47,49,55,62,65,71,72,73,75,84,87,93,98,102" m="31520,31264,30752" machi="55" ten="30,12000,3" yaku="1,1,0,1,52,6,53,1" doraHai="105" doraHaiUra="88" who="0" fromWho="0" sc="104,142,706,-41,220,-81,0,0" owari="246,-15.0,665,61.0,139,-46.0,0,0.0" /></mjloggm>