<mjloggm ver="2.3"><GO type="185" lobby="0"/><UN n0="%E3%81%9D%E3%81%86%E3%81%A1%E3%82%87" n1="%E5%85%A5%E5%B7%A3%E6%9F%9A%E5%AE%9F" n2="%6D%6D%6A%61%6E%67%6B%69" n3="" dan="17,16,16,0" rate="2215.82,2190.55,2162.94,1500.00" sx="F,F,M,C"/><TAIKYOKU oya="0"/><INIT seed="0,0,0,2,3,84" ten="350,350,350,0" oya="0" hai0="135,91,115,117,121,78,37,62,89,60,118,124,39" hai1="108,54,114,113,73,105,68,130,45,0,85,82,69" hai2="38,87,72,132,59,76,71,83,94,57,43,125,129" hai3=""/><T75/><N who="0" m="31008" /><T126/><D78/><U97/><E0/><V61/><F125/><T119/><D119/><U95/><E108/><V109/><F129/><T106/><D106/><U98/><E130/><V65/><F132/><T107/><D107/><U81/><E68/><V111/><F38/><T44/><D44/><U48/><E69/><V33/><F43/><T86/><D86/><U100/><E73/><V74/><F33/><T104/><D104/><U42/><E42/><V55/><F71/><T102/><D102/><U3/><E3/><V64/><F64/><T120/><N who="0" m="30752" /><T79/><D79/><U40/><E40/><V127/><F127/><T112/><D75/><U52/><E54/><V122/><N who="2" m="31264" /><V34/><F34/><T90/><D90/><U92/><E105/><V53/><F74/><T67/><D67/><U134/><E134/><AGARI ba="0,0" hai="37,39,60,62,89,91,112,115,117,118,124,126,134,135" m="30752,31008" machi="134" ten="25,18000,2" yaku="22,2,52,4" doraHai="84" who="0" fromWho="1" sc="350,180,350,-180,350,0,0,0" /><INIT seed="0,1,0,1,4,71" ten="530,170,350,0" oya="0" hai0="52,135,59,81,32,112,56,93,69,85,92,3,131" hai1="77,106,66,79,72,86,74,44,78,68,89,126,90" hai2="110,62,37,129,97,63,117,49,107,42,65,57,103" hai3=""/><T45/><D112/><U54/><E106/><V118/><F110/><T96/><D131/><U125/><E66/><V134/><F134/><T130/><D130/><U61/><E68/><V35/><F35/><T119/><D119/><U73/><E61/><V109/><F109/><T123/><N who="0" m="31520" /><T0/><D135/><U84/><E54/><V116/><F129/><T124/><D124/><U91/><REACH who="1" step="1"/><E44/><REACH who="1" ten="530,160,350,0" step="2"/><V82/><F63/><T47/><D69/><U133/><E133/><V39/><F82/><T60/><D60/><U55/><E55/><V38/><F49/><T75/><D52/><U36/><E36/><V101/><F101/><T108/><D108/><U128/><E128/><V115/><F115/><T100/><D100/><U34/><E34/><V64/><F64/><T113/><D113/><U98/><E98/><V40/><AGARI ba="1,1" hai="37,38,39,40,42,57,62,65,97,103,107,116,117,118" machi="40" ten="40,6000,1" yaku="0,1,12,1,52,3" doraHai="71" who="2" fromWho="2" sc="530,-41,160,-21,350,72,0,0" /><INIT seed="1,0,0,5,4,116" ten="489,139,422,0" oya="1" hai0="105,53,119,56,73,103,108,109,39,57,52,126,84" hai1="111,98,43,47,63,112,114,33,107,78,76,70,106" hai2="93,41,1,95,35,101,130,79,49,71,80,133,128" hai3=""/><U100/><E33/><V123/><N who="2" m="31520" /><V83/><F71/><T115/><D73/><U110/><E107/><V125/><F1/><T34/><D115/><U94/><E106/><V81/><F35/><T99/><D34/><U91/><E100/><V45/><F133/><T127/><D39/><U59/><E70/><V48/><F125/><N who="0" m="47626" /><D84/><U97/><E97/><V75/><F79/><N who="1" m="30249" /><E59/><N who="0" m="22601" /><D119/><U88/><E91/><V113/><F113/><T135/><D135/><U104/><E63/><V50/><F75/><T68/><D68/><U32/><E104/><V54/><F101/><T61/><D61/><U51/><E32/><V37/><REACH who="2" step="1"/><F54/><AGARI ba="0,0" hai="52,53,54,99,103,105,108,109" m="22601,47626" machi="54" ten="30,2000,0" yaku="18,1,54,1" doraHai="116" who="0" fromWho="2" sc="489,20,139,0,422,-20,0,0" /><INIT seed="2,0,0,4,4,73" ten="509,139,402,0" oya="2" hai0="39,88,127,72,101,49,64,45,62,0,53,99,43" hai1="104,118,106,126,112,76,129,128,48,77,105,41,124" hai2="119,40,84,47,78,36,117,131,94,61,132,42,115" hai3=""/><V83/><F115/><T96/><D127/><N who="1" m="48683" /><E41/><V57/><F131/><N who="1" m="50249" /><E48/><V107/><F132/><T67/><D72/><U46/><E46/><V2/><F107/><T122/><N who="0" m="31264" /><T116/><D116/><U74/><E112/><V3/><F42/><T121/><N who="0" m="31008" /><T102/><D88/><U93/><E74/><V51/><F36/><T37/><D37/><U109/><E109/><V56/><F119/><T97/><D64/><U34/><E34/><V54/><F117/><T35/><D35/><U86/><E118/><V85/><F56/><T125/><D125/><U92/><E86/><V69/><F69/><T55/><D55/><U65/><E65/><V91/><AGARI ba="0,0" hai="2,3,40,47,51,54,57,61,78,83,84,85,91,94" machi="91" ten="30,2000,0" yaku="0,1,52,1" doraHai="73" who="2" fromWho="2" sc="509,-10,139,-10,402,20,0,0" /><INIT seed="2,1,0,4,5,41" ten="499,129,422,0" oya="2" hai0="124,1,106,117,62,113,125,132,58,88,118,48,39" hai1="84,70,34,100,33,111,133,53,102,93,66,122,94" hai2="128,32,87,98,134,51,47,49,36,108,78,115,67" hai3=""/><V99/><F115/><T35/><D39/><U46/><N who="1" m="31264" /><U90/><E111/><V69/><F128/><T103/><D35/><U42/><E133/><V37/><F134/><T79/><D1/><U121/><N who="1" m="31008" /><U96/><E102/><V59/><F36/><T130/><D130/><U54/><E54/><V65/><F37/><T107/><D79/><U63/><REACH who="1" step="1"/><E53/><REACH who="1" ten="499,119,422,0" step="2"/><V123/><N who="2" m="31520" /><V81/><F108/><T112/><D132/><U126/><E126/><V71/><F32/><T50/><D103/><U38/><AGARI ba="1,1" hai="33,34,38,42,46,63,66,70,84,90,93,94,96,100" m="31008,31264" machi="38" ten="20,9000,2" yaku="1,1,0,1,7,1,52,3,53,0" doraHai="41" doraHaiUra="72" who="1" fromWho="1" sc="499,-31,119,102,422,-61,0,0" /><INIT seed="4,0,0,2,0,129" ten="468,221,361,0" oya="0" hai0="74,75,72,32,46,126,117,101,62,59,35,45,111" hai1="76,0,102,66,49,84,63,58,41,54,48,90,134" hai2="122,1,104,116,100,51,36,61,133,120,39,112,65" hai3=""/><T107/><D117/><U89/><E0/><V88/><N who="2" m="30752" /><V95/><N who="2" m="31264" /><V91/><F1/><T118/><D118/><U115/><E102/><V121/><N who="2" m="31008" /><V47/><F116/><T64/><D126/><U73/><E115/><V108/><F108/><T55/><D111/><U52/><E73/><V82/><F82/><T128/><D128/><U86/><E76/><V106/><F91/><T34/><REACH who="0" step="1"/><D64/><REACH who="0" ten="458,221,361,0" step="2"/><U135/><E66/><V99/><F112/><T77/><D77/><U83/><E41/><V98/><F106/><T114/><D114/><U38/><E38/><V78/><F78/><T44/><D44/><U33/><E33/><V3/><F3/><T42/><D42/><U69/><E54/><V80/><F36/><T125/><D125/><U92/><REACH who="1" step="1"/><E69/><REACH who="1" ten="458,211,361,0" step="2"/><V110/><F39/><T37/><D37/><U132/><AGARI ba="0,2" hai="48,49,52,58,63,83,84,86,89,90,92,132,134,135" machi="132" ten="30,12000,3" yaku="1,1,2,1,0,1,20,1,52,3,54,1,53,0" doraHai="129" doraHaiUra="113" who="1" fromWho="1" sc="458,-80,211,140,361,-40,0,0" /><INIT seed="5,0,0,5,5,105" ten="378,351,321,0" oya="1" hai0="61,57,115,90,49,58,87,65,88,121,37,109,70" hai1="107,39,35,48,45,124,43,76,85,114,125,75,99" hai2="51,116,60,95,71,66,77,63,41,38,52,129,1" hai3=""/><U33/><E114/><V123/><N who="2" m="31520" /><V78/><F1/><T50/><N who="0" m="31008" /><T104/><D109/><U72/><E39/><V110/><F116/><T83/><D115/><U67/><E67/><V134/><F63/><T42/><D104/><U82/><E107/><V130/><F134/><T117/><D117/><U102/><E99/><V54/><F54/><T0/><D0/><U3/><E102/><V128/><F95/><T120/><N who="0" m="30752" /><T56/><REACH who="0" step="1"/><D90/><REACH who="0" ten="368,351,321,0" step="2"/><U84/><E3/><V100/><F110/><T92/><D92/><U126/><REACH who="1" step="1"/><E85/><REACH who="1" ten="368,341,321,0" step="2"/><V34/><F100/><T47/><AGARI ba="0,2" hai="37,42,47,49,50,56,57,58,61,65,70,83,87,88" m="30752,31008" machi="47" ten="30,9000,2" yaku="1,1,0,1,52,2,54,1,53,2" doraHai="105" doraHaiUra="44" who="0" fromWho="0" sc="368,110,341,-60,321,-30,0,0" /><INIT seed="6,0,0,5,5,56" ten="478,281,291,0" oya="2" hai0="114,41,115,54,69,67,70,92,82,85,128,83,55" hai1="57,78,65,36,77,62,72,79,118,45,135,34,102" hai2="103,131,86,64,129,35,59,37,42,100,96,58,84" hai3=""/><V97/><F42/><T33/><D33/><U44/><E34/><V93/><F35/><T3/><D3/><U94/><E72/><V66/><REACH who="2" step="1"/><F93/><REACH who="2" ten="478,281,281,0" step="2"/><T1/><D92/><U113/><E113/><V112/><F112/><T107/><D41/><U117/><E135/><V0/><F0/><T47/><D1/><U46/><REACH who="1" step="1"/><E36/><AGARI ba="0,1" hai="36,37,58,59,64,66,84,86,96,97,100,103,129,131" machi="36" ten="25,4800,0" yaku="1,1,22,2,53,0" doraHai="56" doraHaiUra="50" who="2" fromWho="1" sc="478,0,281,-48,281,58,0,0" /><INIT seed="6,1,0,0,4,67" ten="478,233,339,0" oya="2" hai0="49,103,59,82,130,43,45,99,132,133,125,39,84" hai1="116,64,87,61,118,73,3,58,94,97,34,96,109" hai2="44,76,60,57,105,35,119,52,114,92,72,89,68" hai3=""/><V129/><F119/><T79/><D130/><U42/><E109/><V0/><F0/><T101/><D125/><U108/><E108/><V86/><F35/><T127/><D127/><U102/><E73/><V38/><F105/><T37/><D103/><U47/><E3/><V51/><F114/><T100/><D101/><U88/><E34/><V85/><F129/><T40/><D40/><U91/><E118/><V55/><F38/><T50/><D50/><U81/><E116/><V77/><F68/><T65/><D65/><U71/><E58/><V128/><F72/><T48/><D48/><U2/><E2/><V1/><F1/><T95/><D59/><U56/><E56/><V63/><F63/><T112/><D112/><U98/><REACH who="1" step="1"/><E91/><REACH who="1" ten="478,223,339,0" step="2"/><V74/><F74/><T117/><D117/><U83/><E83/><V75/><F75/><T32/><D32/><U124/><E124/><V62/><F128/><T110/><D110/><U113/><E113/><V53/><F62/><T93/><D82/><U46/><E46/><V66/><F60/><T54/><D45/><U78/><E78/><V123/><N who="2" m="31520" /><V121/><N who="2" m="31008" /><V104/><F76/><T111/><D79/><U134/><E134/><V70/><F77/><T41/><D132/><RYUUKYOKU ba="1,1" sc="478,-10,223,20,339,-10,0,0" hai1="42,47,61,64,71,81,87,88,94,96,97,98,102" owari="478,43.0,243,-36.0,329,-7.0,0,0.0" /></mjloggm>