<mjloggm ver="2.3"><GO type="169" lobby="0"/><UN n0="%E7%84%A1%E7%AD%8B%E9%96%8B%E6%8B%93%E3%83%9E%E3%82%B7%E3%83%BC%E3%83%B3" n1="%E3%82%A4%E3%82%AB%E3%81%AB%E3%82%82%E6%9D%B1%E5%8C%97" n2="%E3%82%88%E3%81%97%E3%81%A0%E3%81%84%E3%81%9F%E3%82%8B" n3="%6F%6B%62%6F%6B%62" dan="16,17,17,16" rate="2091.55,2155.91,2155.81,2052.31" sx="M,M,M,M"/><TAIKYOKU oya="0"/><INIT seed="0,0,0,0,3,76" ten="250,250,250,250" oya="0" hai0="13,56,2,61,119,62,133,122,129,23,52,90,10" hai1="79,118,34,99,96,131,20,87,94,14,42,71,15" hai2="19,95,82,101,65,54,30,89,31,85,57,55,132" hai3="134,84,39,36,124,74,120,110,21,91,17,106,5"/><T35/><D35/><U98/><E118/><V41/><F132/><W4/><G110/><T0/><D119/><U114/><E34/><V43/><F65/><W92/><G134/><T37/><D37/><U64/><E131/><V111/><F111/><W11/><G124/><T45/><D129/><U33/><E33/><V127/><F127/><W1/><G106/><T29/><D122/><U66/><E114/><V60/><F55/><W135/><G135/><T126/><D126/><U16/><E42/><V22/><F101/><W121/><G5/><T51/><D62/><U68/><E15/><V3/><F3/><W130/><G130/><T12/><D90/><U69/><REACH who="1" step="1"/><E94/><REACH who="1" ten="250,240,250,250" step="2"/><V80/><F43/><W8/><G121/><T113/><D113/><U86/><E86/><V24/><F41/><W117/><G120/><T83/><D133/><U72/><E72/><V73/><F73/><W40/><G117/><T26/><D12/><U59/><E59/><V78/><F78/><W105/><G74/><T50/><D83/><AGARI ba="0,1" hai="14,16,20,64,66,68,69,71,79,83,87,96,98,99" machi="83" ten="50,6400,0" yaku="1,1,52,1,54,1,53,0" doraHai="76" doraHaiUra="104" who="1" fromWho="0" sc="250,-64,240,74,250,0,250,0" /><AGARI ba="0,0" hai="19,22,24,30,31,54,57,60,80,82,83,85,89,95" machi="83" ten="40,8000,1" yaku="8,1,52,3" doraHai="76" who="2" fromWho="0" sc="186,-80,314,0,250,80,250,0" /><INIT seed="1,0,0,0,1,24" ten="106,314,330,250" oya="1" hai0="26,66,122,91,101,46,36,127,74,80,14,48,61" hai1="85,107,16,9,75,60,125,131,28,89,111,118,94" hai2="55,42,76,47,92,117,20,3,31,95,63,10,96" hai3="71,11,15,69,121,112,104,134,124,39,22,123,65"/><U128/><E118/><V133/><F117/><W129/><G112/><T64/><D101/><U98/><E75/><V84/><F133/><W78/><G104/><T77/><D127/><U30/><E125/><V67/><F55/><W132/><G124/><T116/><D116/><U54/><E111/><V33/><F33/><W17/><G39/><T29/><D122/><N who="3" m="46601" /><G78/><T43/><D91/><U27/><E60/><V93/><F3/><W52/><G65/><T99/><D99/><U45/><E45/><V44/><F10/><W38/><G38/><T35/><D14/><N who="1" m="7247" /><E54/><V106/><F106/><W86/><G86/><T57/><REACH who="0" step="1"/><D36/><REACH who="0" ten="96,314,330,250" step="2"/><U40/><E27/><N who="2" m="16871" /><F96/><W82/><G11/><T88/><D88/><N who="1" m="55623" /><E107/><V90/><F76/><W34/><G134/><T72/><D72/><U50/><E40/><V115/><F42/><W97/><G132/><T73/><D73/><U68/><E68/><V59/><F115/><W41/><G69/><T13/><D13/><U5/><E5/><V109/><F109/><W18/><G71/><T19/><D19/><U126/><E126/><V4/><F4/><W114/><G17/><T83/><D83/><AGARI ba="0,1" hai="44,47,59,63,67,83,84,90,92,93,95" m="16871" machi="83" ten="30,2000,0" yaku="8,1,52,1" doraHai="24" who="2" fromWho="0" sc="96,-20,314,0,330,30,250,0" /><INIT seed="2,0,0,5,0,94" ten="76,314,360,250" oya="2" hai0="130,86,54,126,52,109,135,19,101,18,51,92,43" hai1="88,11,124,21,44,49,39,14,87,48,26,62,66" hai2="132,120,103,121,83,41,10,75,71,58,79,16,118" hai3="27,117,3,17,64,107,29,36,134,96,56,38,35"/><V122/><F71/><W45/><G134/><T85/><D109/><U9/><E124/><V65/><F118/><W129/><G129/><T73/><D73/><U84/><E39/><V116/><F116/><W42/><G117/><T40/><D135/><U32/><E32/><V53/><F132/><W125/><G125/><T13/><D130/><U108/><E108/><V50/><F41/><W72/><G72/><T33/><D33/><U6/><E11/><V77/><F77/><W93/><G3/><T37/><D37/><U7/><E6/><V12/><F65/><W115/><G115/><T95/><D126/><U89/><E87/><V127/><F127/><W82/><G82/><T100/><REACH who="0" step="1"/><D13/><REACH who="0" ten="66,314,360,250" step="2"/><U5/><E14/><V81/><F122/><W67/><G36/><T97/><D97/><U31/><E7/><V46/><F120/><W59/><G35/><T114/><D114/><U102/><E5/><V34/><F34/><W47/><G38/><T0/><D0/><U104/><E84/><V22/><F121/><W68/><G96/><T110/><D110/><U119/><E119/><V113/><F113/><W57/><G67/><T78/><D78/><U80/><E66/><V23/><F79/><W112/><G64/><T76/><D76/><U55/><E26/><V60/><F75/><W1/><G27/><T133/><D133/><U131/><E131/><V128/><F128/><W63/><G1/><T106/><D106/><U91/><E104/><V70/><F70/><W98/><G107/><T2/><D2/><U111/><E111/><V4/><F12/><W30/><G112/><RYUUKYOKU ba="0,1" sc="66,30,314,-10,360,-10,250,-10" hai0="18,19,40,43,51,52,54,85,86,92,95,100,101" /><INIT seed="3,1,1,4,5,124" ten="96,304,350,240" oya="3" hai0="85,111,48,116,52,104,89,66,121,94,79,106,125" hai1="26,71,28,33,129,123,112,1,55,34,78,127,91" hai2="118,0,86,110,109,90,119,70,122,72,101,13,65" hai3="133,67,102,126,134,30,64,53,99,93,4,47,107"/><W61/><G126/><T51/><D121/><U100/><E123/><V44/><F122/><W40/><G4/><T11/><D111/><N who="2" m="42506" /><F0/><W131/><G30/><T96/><D116/><U50/><E112/><V27/><F72/><W38/><G107/><T120/><D120/><U103/><E127/><V80/><F101/><W19/><G19/><T75/><D66/><U9/><E71/><V17/><F27/><W39/><G39/><T82/><D125/><U31/><E78/><V57/><F44/><W2/><G2/><T7/><D48/><U49/><E91/><V3/><F70/><W8/><G8/><T74/><D74/><U42/><E42/><V60/><F3/><W24/><G24/><T29/><D29/><U16/><E1/><V108/><N who="2" m="42514" /><V128/><DORA hai="69" /><F128/><W105/><G131/><T35/><D35/><U21/><E129/><V87/><F86/><W58/><REACH who="3" step="1"/><G105/><REACH who="3" ten="96,304,350,230" step="2"/><T15/><REACH who="0" step="1"/><D75/><REACH who="0" ten="86,304,350,230" step="2"/><U23/><E31/><V36/><F36/><W81/><G81/><T115/><D115/><U130/><E28/><V95/><F80/><W6/><G6/><T37/><D37/><U18/><E130/><V32/><F32/><W117/><G117/><T54/><D54/><U56/><E34/><V113/><F113/><W83/><G83/><T76/><D76/><U25/><E33/><V73/><F73/><W132/><AGARI ba="1,3" hai="38,40,47,53,58,61,64,67,93,99,102,132,133,134" machi="132" ten="30,11700,0" yaku="1,1,0,1,20,1,52,1,53,0" doraHai="124,69" doraHaiUra="84,46" who="3" fromWho="3" sc="86,-40,304,-40,350,-40,230,150" /><INIT seed="3,2,0,2,4,45" ten="46,264,310,380" oya="3" hai0="114,30,74,65,130,38,110,60,25,17,28,105,9" hai1="32,3,27,13,55,111,106,82,108,69,2,104,80" hai2="39,87,24,7,47,68,31,44,61,42,26,103,93" hai3="71,100,109,132,0,134,15,20,97,22,86,4,131"/><W73/><G73/><T72/><D38/><U48/><E69/><V88/><F7/><W127/><G71/><T83/><D110/><N who="1" m="42027" /><E13/><V35/><F103/><W128/><G109/><T63/><D17/><U50/><E27/><V99/><F26/><W84/><G0/><N who="1" m="42" /><E32/><V59/><F68/><W8/><G84/><T119/><D25/><U129/><E129/><N who="3" m="49738" /><G86/><T70/><D70/><U124/><E124/><V19/><F19/><W94/><G127/><T79/><D130/><U90/><E90/><V81/><F39/><W118/><G118/><T52/><D119/><U112/><E112/><V75/><F75/><W101/><G101/><T117/><D74/><U133/><E133/><AGARI ba="2,0" hai="4,8,15,20,22,94,97,100,132,133,134" m="49738" machi="133" ten="30,2900,0" yaku="20,1,19,1" doraHai="45" who="3" fromWho="1" sc="46,0,264,-35,310,0,380,35" /><INIT seed="3,3,0,1,2,95" ten="46,229,310,415" oya="3" hai0="90,128,55,85,64,100,53,13,17,1,23,41,65" hai1="49,0,127,22,109,35,101,116,70,108,51,76,84" hai2="126,38,107,24,91,56,66,99,50,14,118,122,32" hai3="130,114,11,48,15,97,133,44,113,37,47,98,81"/><W58/><G133/><T16/><D1/><U121/><E121/><V28/><F118/><W92/><G130/><T68/><D68/><U59/><E35/><V120/><F38/><W52/><G37/><T62/><D128/><U117/><E70/><V124/><F14/><W12/><G12/><T21/><D41/><U69/><E69/><V46/><F56/><W87/><G114/><T31/><D31/><U89/><E0/><V104/><F66/><W134/><G134/><T80/><D100/><U67/><E76/><V71/><F71/><W119/><G119/><N who="1" m="45642" /><E101/><N who="2" m="62527" /><F91/><N who="3" m="51695" /><G113/><T110/><D110/><N who="1" m="42603" /><E22/><V125/><F107/><W60/><G92/><T103/><D103/><U115/><E115/><V112/><F112/><W18/><G44/><T131/><D131/><U39/><E39/><V7/><F7/><W129/><G129/><T54/><REACH who="0" step="1"/><D62/><REACH who="0" ten="36,229,310,415" step="2"/><N who="1" m="38367" /><E127/><V94/><F126/><W26/><G26/><AGARI ba="3,1" hai="13,16,17,21,23,26,53,54,55,64,65,80,85,90" machi="26" ten="40,5200,0" yaku="1,1,8,1,54,1,53,0" doraHai="95" doraHaiUra="42" who="0" fromWho="3" sc="36,71,229,0,310,0,415,-61" /><INIT seed="4,0,0,5,0,74" ten="107,229,310,354" oya="0" hai0="132,107,129,135,8,104,130,126,97,117,22,110,63" hai1="24,114,105,27,48,121,0,78,1,28,118,72,89" hai2="90,86,92,82,115,34,15,31,49,26,41,125,12" hai3="44,51,58,122,46,60,128,93,40,38,127,23,67"/><T11/><D117/><U20/><E118/><V76/><F125/><W99/><G127/><T10/><D63/><U39/><E121/><V79/><F115/><W103/><G122/><T106/><D97/><U42/><E105/><V95/><F95/><W56/><G128/><N who="0" m="49259" /><D110/><U73/><E39/><V131/><F131/><W94/><G23/><T17/><D126/><U9/><E114/><V133/><F133/><N who="0" m="51274" /><D22/><U71/><E71/><V6/><F6/><W123/><G123/><T124/><D124/><U80/><E72/><V100/><F100/><W112/><G112/><T108/><D108/><U7/><E89/><V111/><F111/><W83/><G83/><T55/><D55/><U98/><E98/><V52/><F41/><W77/><G94/><T19/><AGARI ba="0,0" hai="8,10,11,17,19,104,106,107" m="51274,49259" machi="19" ten="50,12000,1" yaku="28,2,19,1,20,1" doraHai="74" who="0" fromWho="0" sc="107,120,229,-40,310,-40,354,-40" /><INIT seed="4,1,0,5,0,30" ten="227,189,270,314" oya="0" hai0="80,64,128,99,43,113,78,77,119,6,95,83,19" hai1="48,73,26,106,74,22,39,34,76,14,24,55,110" hai2="116,75,130,25,49,92,53,133,117,129,8,122,11" hai3="135,62,47,45,12,71,108,131,84,72,5,100,90"/><T97/><D6/><U86/><E110/><V96/><F75/><W93/><G108/><T107/><D43/><U0/><E0/><V125/><F122/><W36/><G135/><T18/><D64/><U111/><E111/><V51/><F25/><W38/><G72/><T65/><D65/><U20/><E39/><V103/><F133/><W63/><G131/><N who="2" m="50185" /><F125/><W81/><G71/><T2/><D128/><U59/><E106/><V58/><F51/><W88/><G100/><T10/><D2/><U118/><E118/><AGARI ba="1,0" hai="8,11,49,53,58,92,96,103,116,117,118" m="50185" machi="118" ten="30,2000,0" yaku="12,1,19,1" doraHai="30" who="2" fromWho="1" sc="227,0,189,-23,270,23,314,0" /><INIT seed="5,0,0,4,4,28" ten="227,166,293,314" oya="1" hai0="26,106,133,42,92,82,9,41,90,24,58,10,98" hai1="17,75,80,72,25,71,116,56,12,52,108,87,110" hai2="103,0,119,2,1,100,64,14,50,114,131,109,5" hai3="101,67,3,51,105,29,112,38,97,6,122,49,33"/><U20/><E116/><V46/><F119/><W39/><G122/><T22/><D106/><U59/><E71/><V48/><F109/><N who="1" m="42089" /><E59/><V99/><F131/><W8/><G112/><T83/><D133/><U53/><E12/><V117/><F117/><W7/><G7/><T132/><D132/><U126/><E126/><V35/><F35/><W43/><G67/><T81/><D58/><U73/><E56/><V125/><F125/><W96/><G96/><T60/><D60/><U77/><AGARI ba="0,0" hai="17,20,25,52,53,72,73,75,77,80,87" m="42089" machi="77" ten="40,3900,0" yaku="10,1,54,1" doraHai="28" who="1" fromWho="1" sc="227,-13,166,39,293,-13,314,-13" /><INIT seed="5,1,0,4,4,23" ten="214,205,280,301" oya="1" hai0="26,86,117,49,66,82,2,36,58,87,15,18,34" hai1="60,99,108,102,113,79,101,120,55,91,124,68,107" hai2="48,110,65,121,14,22,98,76,35,51,9,30,7" hai3="41,104,114,50,132,3,52,119,12,85,21,125,33"/><U10/><E120/><V134/><F110/><W116/><G104/><T75/><D36/><U95/><E108/><V29/><F121/><W19/><G114/><T46/><D2/><U42/><E113/><V1/><F134/><W109/><G132/><T100/><D117/><N who="3" m="45129" /><G109/><T123/><D123/><U129/><E129/><V0/><F76/><W77/><G3/><T11/><D100/><U78/><E124/><V135/><F135/><W92/><G33/><T43/><D75/><U127/><E127/><V25/><F65/><W44/><G125/><T6/><D82/><U70/><E42/><V112/><F112/><W111/><G111/><T63/><D34/><U59/><E102/><V133/><F133/><W32/><G32/><T105/><REACH who="0" step="1"/><D105/><REACH who="0" ten="204,205,280,301" step="2"/><U90/><E90/><V73/><F73/><W17/><G92/><T93/><D93/><U81/><E78/><V20/><F35/><W72/><G72/><T115/><D115/><U8/><E107/><V5/><F0/><W40/><G77/><T74/><D74/><U103/><E103/><V84/><F1/><W130/><G130/><T24/><D24/><U27/><E27/><V45/><F25/><N who="3" m="14511" /><G85/><T131/><D131/><U38/><E101/><V39/><F84/><W16/><G19/><T62/><D62/><U83/><E83/><V88/><F5/><W89/><G89/><T13/><D13/><U67/><E38/><V80/><F39/><W64/><G16/><T61/><D61/><N who="1" m="36095" /><E68/><V128/><F128/><W37/><G37/><T53/><D53/><U94/><E95/><V96/><F88/><W122/><G12/><RYUUKYOKU ba="1,1" sc="204,15,205,15,280,-15,301,-15" hai0="6,11,15,18,26,43,46,49,58,63,66,86,87" hai1="8,10,60,67,70,79,81,91,94,99" /><INIT seed="5,2,1,3,0,50" ten="219,220,265,286" oya="1" hai0="117,116,0,15,44,27,130,39,120,68,106,76,40" hai1="42,29,105,46,73,47,49,121,102,101,91,97,81" hai2="79,129,93,14,88,90,135,75,38,113,43,7,78" hai3="62,9,71,4,10,16,98,82,21,51,108,122,63"/><U57/><E121/><V64/><F129/><W58/><G122/><T48/><D0/><U72/><E29/><V110/><F110/><W66/><G108/><T18/><D68/><U23/><E102/><V11/><F135/><W35/><G35/><T67/><D67/><U31/><E57/><V8/><F64/><W112/><G112/><T126/><D106/><U86/><REACH who="1" step="1"/><E47/><REACH who="1" ten="219,210,265,286" step="2"/><V115/><F115/><W123/><G123/><T133/><D120/><U55/><E55/><V89/><F113/><W1/><G71/><T77/><D117/><U32/><E32/><V59/><F59/><W131/><G58/><T124/><D116/><U109/><E109/><V80/><F43/><W54/><G131/><T5/><D130/><U96/><E96/><V60/><F80/><W12/><G54/><T53/><D133/><U127/><E127/><V74/><F74/><W84/><G98/><T26/><D126/><U45/><E45/><V132/><F132/><W111/><G111/><T125/><D125/><U33/><E33/><V36/><F75/><W103/><G103/><T128/><D128/><U20/><E20/><V24/><F93/><W13/><G66/><T30/><D30/><U19/><E19/><V118/><F118/><W56/><G56/><N who="0" m="32807" /><D124/><U107/><E107/><V87/><F87/><W17/><REACH who="3" step="1"/><G51/><REACH who="3" ten="219,210,265,276" step="2"/><T99/><D99/><U70/><E70/><V37/><F37/><W104/><G104/><T69/><D69/><U2/><E2/><N who="2" m="119" /><F38/><W85/><G85/><T25/><D5/><U114/><E114/><V134/><F36/><W34/><G34/><T3/><D3/><RYUUKYOKU ba="2,3" sc="219,10,210,10,265,-30,276,10" hai0="15,18,25,26,27,39,40,44,76,77" hai1="23,31,42,46,49,72,73,81,86,91,97,101,105" hai3="1,4,9,10,12,13,16,17,21,62,63,82,84" /><INIT seed="5,3,3,5,3,35" ten="229,220,235,286" oya="1" hai0="27,97,71,109,32,62,112,70,20,45,15,53,37" hai1="25,49,91,7,85,79,13,117,73,77,57,134,82" hai2="38,104,51,74,40,54,106,122,50,101,26,135,2" hai3="28,89,98,129,65,4,123,92,107,14,69,133,21"/><U115/><E117/><V68/><F122/><W0/><G123/><T56/><D109/><U113/><E134/><V11/><F68/><W99/><G133/><T72/><D72/><U43/><E25/><V118/><F135/><W17/><G129/><T132/><D132/><U66/><E66/><V55/><F118/><W60/><G28/><T39/><D112/><N who="1" m="43083" /><E73/><V94/><F74/><W16/><G17/><T67/><D32/><U100/><E100/><V61/><F61/><W80/><G80/><T58/><D15/><U44/><E57/><V114/><F114/><W126/><G126/><T46/><D97/><U33/><E33/><V83/><F83/><W116/><G116/><T75/><D20/><U110/><E110/><V120/><F101/><W3/><REACH who="3" step="1"/><G4/><REACH who="3" ten="229,220,235,276" step="2"/><T127/><D127/><U12/><E7/><V103/><F120/><W131/><G131/><T23/><D71/><U78/><AGARI ba="3,4" hai="12,13,43,44,49,77,78,79,82,85,91" m="43083" machi="78" ten="30,1500,0" yaku="15,1" doraHai="35" who="1" fromWho="1" sc="229,-8,220,64,235,-8,276,-8" /><INIT seed="5,4,0,4,3,53" ten="221,284,227,268" oya="1" hai0="32,2,117,113,76,66,90,110,69,15,88,129,130" hai1="56,135,94,21,44,75,7,31,102,81,83,28,10" hai2="61,95,50,72,4,101,93,109,20,119,132,55,45" hai3="115,52,58,68,5,33,99,25,46,13,43,118,79"/><U77/><E135/><V108/><F109/><W86/><G68/><T125/><D2/><U80/><E44/><V27/><F108/><W126/><G126/><T12/><D110/><U59/><E75/><V9/><F119/><W14/><G118/><T104/><D69/><U6/><E77/><V89/><F72/><W106/><G5/><N who="1" m="1546" /><E10/><V34/><F34/><W49/><G115/><T63/><D76/><U39/><E39/><V87/><F132/><W91/><G79/><T105/><D32/><U116/><E116/><V127/><F127/><W51/><G99/><T85/><D117/><U36/><E36/><V64/><F101/><W0/><G106/><T84/><D125/><U123/><E123/><V22/><F93/><W100/><G100/><T29/><D63/><U57/><E21/><V41/><F41/><W74/><G0/><T23/><D23/><U11/><E11/><V65/><F61/><W26/><G74/><T92/><D92/><U73/><E73/><V98/><F98/><AGARI ba="4,0" hai="28,31,56,57,59,80,81,83,94,98,102" m="1546" machi="98" ten="40,12000,1" yaku="8,1,52,3" doraHai="53" who="1" fromWho="2" sc="221,0,284,132,227,-132,268,0" /><INIT seed="5,5,0,5,0,46" ten="221,416,95,268" oya="1" hai0="17,69,60,88,98,117,39,111,47,89,109,53,45" hai1="26,77,131,135,76,42,3,18,82,15,19,116,9" hai2="0,48,103,74,71,44,37,27,66,86,130,93,125" hai3="2,55,100,80,99,64,121,29,123,124,20,102,51"/><U61/><E131/><V67/><F74/><W38/><G38/><T22/><D117/><U87/><E135/><V105/><F0/><W8/><G124/><T119/><D119/><U63/><E116/><V56/><F105/><W21/><G64/><T40/><D45/><U134/><E3/><V7/><F37/><W110/><G110/><T33/><D33/><U97/><E134/><V101/><F125/><W132/><G132/><T28/><D28/><U41/><E97/><V129/><F7/><W36/><G36/><T16/><D17/><U4/><E77/><V32/><F71/><W23/><G80/><T81/><D81/><U57/><E61/><V49/><F44/><W120/><G99/><T104/><D104/><U113/><E113/><V1/><F1/><W72/><G72/><T58/><D69/><U10/><E26/><V24/><F56/><W95/><G95/><N who="0" m="56679" /><D89/><U59/><E57/><V62/><F62/><W6/><REACH who="3" step="1"/><G29/><REACH who="3" ten="221,416,95,258" step="2"/><T85/><D85/><U127/><E127/><V25/><F86/><W115/><G115/><T114/><D114/><U118/><E118/><V68/><F93/><W13/><G13/><T126/><D126/><U91/><E87/><V96/><F96/><W11/><G11/><T133/><D133/><U75/><E10/><V112/><F112/><W94/><G94/><T14/><D14/><U83/><E83/><V73/><F73/><W43/><G43/><N who="1" m="16394" /><E82/><V107/><F107/><W78/><G78/><T54/><D109/><U90/><E76/><V31/><F31/><W35/><G35/><T65/><D111/><U5/><E75/><RYUUKYOKU ba="5,1" sc="221,15,416,-15,95,-15,258,15" hai0="16,22,39,40,47,53,54,58,60,65" hai3="2,6,8,20,21,23,51,55,100,102,120,121,123" /><INIT seed="6,6,1,3,1,74" ten="236,401,80,273" oya="2" hai0="19,16,76,48,17,56,23,29,81,129,30,131,88" hai1="112,87,119,72,8,21,42,53,9,57,108,59,6" hai2="36,38,89,85,14,0,113,51,102,95,91,54,68" hai3="94,80,78,1,28,64,47,33,13,103,46,5,115"/><V130/><F0/><W58/><G1/><T128/><D23/><U45/><E112/><V43/><F68/><W79/><G115/><T25/><D25/><U134/><E108/><V60/><F113/><W24/><G5/><T101/><D101/><U40/><E134/><V61/><F130/><W100/><G13/><T104/><D104/><U121/><E72/><V10/><F102/><W109/><G109/><T39/><D39/><U65/><E119/><V27/><F27/><W67/><G103/><T55/><D88/><U35/><E35/><V34/><F34/><W133/><G133/><T26/><D26/><U37/><E42/><V132/><F132/><W114/><G114/><T118/><D118/><U97/><E121/><V15/><F43/><W99/><G67/><T63/><D63/><U127/><E97/><V105/><F105/><W125/><G125/><T12/><D12/><U44/><E21/><V11/><F38/><W120/><G120/><T122/><D122/><U4/><E4/><N who="2" m="3399" /><F91/><W31/><G31/><T92/><D92/><U20/><E40/><V107/><F107/><W3/><G80/><T84/><AGARI ba="6,1" hai="16,17,19,29,30,48,55,56,76,81,84,128,129,131" machi="84" ten="40,8000,1" yaku="0,1,19,1,52,1,54,1" doraHai="74" who="0" fromWho="0" sc="236,108,401,-26,80,-46,273,-26" /><INIT seed="7,0,0,3,4,79" ten="344,375,34,247" oya="3" hai0="28,0,7,19,130,89,74,31,23,104,91,10,18" hai1="4,37,69,60,12,64,29,66,90,25,70,58,6" hai2="47,49,35,119,132,56,126,95,85,128,103,2,94" hai3="26,111,53,40,76,33,51,75,15,80,52,8,107"/><W100/><G111/><T109/><D74/><U112/><E37/><V84/><F2/><W42/><G107/><T114/><D104/><U117/><E112/><V45/><F35/><W73/><G100/><T38/><D109/><U87/><E117/><V88/><F119/><W125/><G73/><T121/><D38/><U81/><E58/><V43/><F132/><W67/><G67/><T61/><D121/><U65/><E65/><V83/><F128/><W34/><G53/><T72/><D72/><U110/><E110/><V13/><F126/><W108/><G108/><T48/><D18/><U1/><E1/><V77/><F56/><W118/><G118/><T105/><D105/><U59/><E12/><V133/><F133/><W32/><G26/><T92/><D114/><U99/><E99/><V93/><F103/><W14/><G14/><T46/><D61/><U113/><E113/><V68/><F68/><W41/><G125/><T24/><D130/><U122/><E122/><V11/><REACH who="2" step="1"/><F47/><REACH who="2" ten="344,375,24,247" step="2"/><W50/><REACH who="3" step="1"/><G52/><REACH who="3" ten="344,375,24,237" step="2"/><T21/><D0/><U5/><REACH who="1" step="1"/><E66/><REACH who="1" ten="344,365,24,237" step="2"/><V124/><F124/><W106/><G106/><T86/><D24/><U44/><E44/><V55/><F55/><W115/><G115/><T3/><D46/><U57/><E57/><V9/><F9/><W97/><G97/><T78/><D3/><U39/><E39/><V123/><F123/><W22/><G22/><AGARI ba="0,3" hai="4,5,6,22,25,29,59,60,64,69,70,81,87,90" machi="22" ten="40,2600,0" yaku="1,1,52,1,53,0" doraHai="79" doraHaiUra="101" who="1" fromWho="3" sc="344,0,365,56,24,0,237,-26" owari="344,14.0,421,53.0,24,-48.0,211,-19.0" /></mjloggm>