<mjloggm ver="2.3"><GO type="185" lobby="0"/><UN n0="%E3%82%84%E3%81%B6%E3%81%84%E3%81%97%E3%82%83" n1="%65%6C%75%6C%75" n2="%50%42%33%2D%50" n3="" dan="17,16,17,0" rate="2208.68,2210.03,2245.44,1500.00" sx="M,M,M,C"/><TAIKYOKU oya="0"/><INIT seed="0,0,0,3,1,48" ten="350,350,350,0" oya="0" hai0="104,99,39,36,83,59,72,80,71,108,95,3,131" hai1="76,81,41,63,32,106,84,44,62,103,107,53,105" hai2="118,49,69,34,134,61,117,88,90,101,47,37,122" hai3=""/><T56/><D3/><U78/><E32/><V1/><N who="2" m="31264" /><V132/><F1/><T89/><D71/><U133/><E133/><N who="2" m="51307" /><F37/><T125/><D131/><U112/><E112/><V35/><F101/><T45/><D125/><U109/><E109/><V77/><F77/><T100/><D108/><U129/><E129/><V87/><F90/><T75/><D45/><U96/><E78/><V58/><F69/><T93/><D99/><U55/><E96/><V119/><F49/><T43/><D100/><U57/><E103/><V130/><F47/><T110/><D110/><U40/><E44/><V68/><F68/><T42/><D89/><U91/><E91/><V50/><F50/><T33/><REACH who="0" step="1"/><D104/><REACH who="0" ten="340,350,350,0" step="2"/><U114/><E114/><V46/><F46/><T2/><D2/><U66/><E107/><V120/><N who="2" m="30752" /><V102/><F102/><T124/><D124/><U65/><E106/><V51/><F130/><T38/><D38/><U67/><E105/><V97/><F97/><T85/><D85/><U0/><E0/><V115/><F115/><T54/><D54/><U92/><E55/><V82/><F88/><T126/><D126/><U111/><E111/><V121/><F87/><T73/><D73/><U60/><E84/><V98/><F98/><RYUUKYOKU ba="0,1" sc="340,20,350,-10,350,-10,0,0" hai0="33,36,39,42,43,56,59,72,75,80,83,93,95" /><INIT seed="0,1,1,5,1,64" ten="360,340,340,0" oya="0" hai0="57,132,76,128,58,114,3,127,62,98,61,111,85" hai1="72,101,81,124,125,63,89,131,60,73,0,50,46" hai2="87,65,83,79,32,126,93,121,100,66,119,130,91" hai3=""/><T74/><D3/><U122/><N who="1" m="31264" /><U99/><E0/><V38/><N who="2" m="31008" /><V68/><F32/><T118/><D118/><U115/><E131/><V45/><F119/><T37/><D37/><U40/><E115/><V34/><F34/><T35/><D35/><U78/><E89/><V47/><F130/><T69/><D114/><U88/><E73/><V44/><F126/><N who="1" m="48745" /><E88/><V129/><F129/><T104/><D127/><U51/><E50/><V49/><F38/><T102/><D74/><U108/><E108/><V134/><F134/><T90/><D111/><U42/><E42/><V135/><F135/><T80/><D132/><U113/><E113/><V120/><N who="2" m="30752" /><V54/><F100/><T71/><D128/><U82/><E82/><V123/><N who="2" m="31520" /><V75/><REACH who="2" step="1"/><F68/><REACH who="2" ten="360,340,330,0" step="2"/><T109/><D109/><U133/><E133/><V70/><F70/><T96/><D71/><U67/><E67/><AGARI ba="1,2" hai="44,45,47,49,54,65,66,67,75,79,83,87,91,93" m="31520,30752,31008" machi="67" ten="40,8000,1" yaku="1,1,52,3,53,0" doraHai="64" doraHaiUra="110" who="2" fromWho="1" sc="360,0,340,-82,330,102,0,0" /><INIT seed="1,0,0,2,4,38" ten="360,258,432,0" oya="1" hai0="67,72,49,115,118,122,70,55,76,37,94,105,114" hai1="90,39,117,63,54,79,130,51,71,53,77,32,48" hai2="82,116,87,134,86,84,1,97,93,50,129,41,127" hai3=""/><U73/><E32/><V89/><F1/><T128/><N who="0" m="31264" /><T44/><D105/><U69/><E39/><V35/><F35/><T100/><D72/><U60/><E73/><V61/><F116/><T52/><D76/><U131/><REACH who="1" step="1"/><E90/><REACH who="1" ten="360,248,432,0" step="2"/><V65/><F129/><T135/><D128/><U95/><E95/><V98/><F134/><T45/><D94/><U103/><E103/><V56/><F98/><T40/><D100/><U88/><E88/><V80/><F127/><T121/><N who="0" m="31008" /><T108/><D135/><U83/><E83/><V107/><F107/><T102/><D102/><U132/><E132/><V106/><F106/><T57/><D118/><AGARI ba="0,1" hai="48,51,53,54,60,63,69,71,77,79,117,118,130,131" machi="118" ten="25,4800,0" yaku="1,1,22,2,53,0" doraHai="38" doraHaiUra="110" who="1" fromWho="0" sc="360,-48,248,58,432,0,0,0" /><INIT seed="1,1,0,5,4,48" ten="312,306,432,0" oya="1" hai0="95,104,132,65,110,106,66,77,108,101,130,135,64" hai1="87,109,133,117,1,70,90,83,54,91,85,100,73" hai2="72,35,69,67,2,71,111,42,88,112,107,98,92" hai3=""/><U79/><E1/><V44/><F2/><T62/><D130/><U39/><E70/><V43/><F35/><T105/><D77/><U75/><E39/><V134/><F72/><T126/><D62/><U46/><E117/><V51/><F112/><T38/><D38/><U56/><E133/><V121/><N who="2" m="31008" /><V55/><F134/><N who="0" m="51242" /><D126/><U122/><N who="1" m="31264" /><U97/><E46/><V61/><F111/><N who="0" m="42538" /><D95/><U50/><E109/><V3/><F3/><T36/><D36/><U57/><E57/><V41/><REACH who="2" step="1"/><F107/><REACH who="2" ten="312,306,422,0" step="2"/><T63/><D63/><U32/><E32/><V40/><N who="2" m="10240" /><DORA hai="76" /><V33/><F33/><T93/><D93/><U53/><E75/><V37/><F37/><T34/><D34/><U124/><E73/><V128/><F128/><T120/><N who="0" m="30752" /><T125/><D125/><U102/><E124/><V82/><F82/><T115/><D115/><U52/><E83/><V129/><F129/><T99/><AGARI ba="1,1" hai="64,65,66,99,101,104,105,106" m="30752,42538,51242" machi="99" ten="40,3900,0" yaku="20,1,14,1,52,1" doraHai="48,76" who="0" fromWho="0" sc="312,51,306,-27,422,-14,0,0" /><INIT seed="2,0,0,2,3,112" ten="363,279,408,0" oya="2" hai0="118,135,130,61,90,128,59,120,63,65,94,131,113" hai1="35,93,132,107,119,109,72,60,34,57,54,58,101" hai2="78,96,76,92,32,40,89,82,53,134,41,133,121" hai3=""/><V88/><N who="2" m="31008" /><V62/><F32/><T46/><N who="0" m="30752" /><T67/><D113/><U125/><E72/><V115/><F115/><T77/><D135/><N who="2" m="51722" /><F89/><T75/><D46/><U126/><E132/><V103/><F103/><T87/><D118/><U106/><E109/><V86/><F78/><T122/><N who="0" m="31264" /><T80/><D63/><U74/><E74/><V97/><F97/><T95/><D65/><U48/><E93/><AGARI ba="0,0" hai="59,61,67,75,77,80,87,90,93,94,95,128,130,131" m="31264,30752" machi="93" ten="40,5200,0" yaku="19,1,52,2" doraHai="112" who="0" fromWho="1" sc="363,52,279,-52,408,0,0,0" /><INIT seed="4,0,0,4,3,38" ten="415,227,408,0" oya="0" hai0="60,70,119,53,32,79,111,33,115,102,83,42,66" hai1="101,49,104,75,97,71,62,40,69,117,129,114,45" hai2="80,124,78,51,48,65,120,121,84,81,2,77,43" hai3=""/><T68/><D119/><U125/><E117/><V95/><N who="2" m="30752" /><V112/><N who="2" m="31008" /><V96/><F2/><T67/><D115/><U103/><E75/><V35/><F35/><T123/><N who="0" m="31520" /><T87/><D111/><U130/><E114/><V135/><F112/><T133/><D133/><U59/><E103/><V74/><F135/><T106/><D53/><U41/><E125/><V57/><F124/><T37/><D102/><U132/><E132/><V46/><F57/><T47/><D106/><U98/><E98/><V92/><F65/><T110/><D110/><U86/><E86/><V73/><F84/><T54/><D54/><U94/><E104/><V61/><F61/><AGARI ba="0,0" hai="32,33,37,42,47,60,61,66,67,68,70,79,83,87" m="31520" machi="61" ten="40,7700,0" yaku="9,1,52,2" doraHai="38" who="0" fromWho="2" sc="415,77,227,0,408,-77,0,0" /><INIT seed="4,1,0,3,2,80" ten="492,227,331,0" oya="0" hai0="88,121,124,69,101,113,85,51,60,128,100,33,78" hai1="42,65,87,71,91,127,77,58,41,36,74,64,79" hai2="43,38,3,34,37,120,135,114,0,1,131,53,70" hai3=""/><T45/><N who="0" m="31008" /><T132/><D33/><U129/><E129/><V55/><N who="2" m="30752" /><V126/><F131/><T112/><D128/><U72/><E58/><V83/><F34/><T39/><D78/><U99/><E99/><V44/><F70/><T116/><D39/><U63/><E127/><V103/><F126/><T67/><D132/><U115/><E115/><N who="0" m="44105" /><D116/><U125/><E125/><V102/><F114/><T52/><D124/><U133/><E133/><V49/><F135/><T35/><D35/><U86/><E36/><V117/><F117/><T84/><D84/><U98/><E98/><V94/><F38/><T119/><D119/><U68/><REACH who="1" step="1"/><E91/><REACH who="1" ten="492,217,331,0" step="2"/><V46/><F1/><T54/><D54/><U92/><E92/><AGARI ba="1,1" hai="45,51,52,60,67,69,85,88,92,100,101" m="44105,31008" machi="92" ten="30,12000,1" yaku="15,1,52,2,54,2" doraHai="80" who="0" fromWho="1" sc="492,132,217,-122,331,0,0,0" /><INIT seed="4,2,0,2,0,55" ten="624,95,331,0" oya="0" hai0="50,53,0,52,88,135,39,72,32,94,59,129,62" hai1="130,77,103,61,127,63,121,49,104,48,36,123,93" hai2="69,54,125,83,124,51,42,115,102,113,40,35,74" hai3=""/><T128/><D0/><U122/><N who="1" m="31008" /><U100/><N who="1" m="31264" /><U58/><N who="1" m="31520" /><U41/><E130/><N who="0" m="50281" /><D32/><U111/><E111/><V116/><F35/><T99/><D72/><U109/><E109/><V86/><F74/><T79/><D79/><U117/><E117/><V107/><F116/><T46/><D39/><U76/><E127/><N who="2" m="48715" /><F69/><T80/><D80/><U43/><E36/><V71/><F71/><T60/><D60/><U56/><REACH who="1" step="1"/><E93/><REACH who="1" ten="624,85,331,0" step="2"/><V38/><F38/><T44/><D135/><U132/><E132/><V95/><F95/><T84/><D44/><U119/><E119/><V37/><F37/><T47/><D47/><U112/><E112/><V3/><F115/><T87/><AGARI ba="2,1" hai="46,50,52,53,59,62,84,87,88,94,99" m="50281" machi="87" ten="30,7800,0" yaku="19,1,52,1,54,2" doraHai="55" who="0" fromWho="0" sc="624,92,85,-41,331,-41,0,0" /><INIT seed="4,3,0,1,3,42" ten="716,44,290,0" oya="0" hai0="49,96,135,107,60,113,116,44,40,123,55,63,131" hai1="83,50,124,32,103,112,133,51,91,109,69,104,111" hai2="64,110,76,99,57,88,47,71,34,90,73,62,2" hai3=""/><T48/><N who="0" m="31520" /><T87/><D116/><U77/><E32/><V81/><F2/><T1/><D1/><U86/><E69/><V117/><F34/><T65/><D131/><U120/><N who="1" m="30752" /><U89/><E124/><V85/><F117/><T59/><D135/><U74/><E133/><V82/><F110/><T78/><D113/><U68/><E68/><V80/><F47/><T108/><D108/><U35/><E35/><V94/><F71/><T100/><D78/><U102/><E112/><V72/><REACH who="2" step="1"/><F81/><REACH who="2" ten="716,44,280,0" step="2"/><T38/><D87/><AGARI ba="3,1" hai="57,62,64,72,73,76,80,82,85,87,88,90,94,99" machi="87" ten="30,7700,0" yaku="1,1,2,1,7,1,54,1,53,0" doraHai="42" doraHaiUra="115" who="2" fromWho="0" sc="716,-83,44,0,280,93,0,0" /><INIT seed="5,0,0,5,4,75" ten="633,44,373,0" oya="1" hai0="78,71,41,36,115,107,129,46,120,50,96,83,124" hai1="58,38,64,99,61,116,130,55,95,57,127,37,74" hai2="104,33,66,53,0,88,1,3,35,111,2,112,91" hai3=""/><U89/><E116/><V65/><F111/><T39/><N who="0" m="30752" /><T132/><D71/><U110/><E110/><V85/><F104/><T123/><N who="0" m="31520" /><T122/><N who="0" m="31264" /><T109/><D109/><U87/><E74/><V105/><F105/><T62/><D115/><U67/><E130/><V121/><N who="2" m="31008" /><V117/><F112/><T133/><D62/><U70/><E127/><V40/><F117/><T84/><D124/><U54/><E67/><V102/><F2/><T60/><D60/><U131/><E131/><V63/><F3/><T32/><D32/><U52/><REACH who="1" step="1"/><E99/><REACH who="1" ten="633,34,373,0" step="2"/><V68/><F0/><T125/><D125/><U47/><E47/><V42/><F1/><T126/><D129/><U134/><E134/><N who="0" m="51817" /><D126/><U48/><E48/><V73/><F73/><T56/><D56/><AGARI ba="0,1" hai="37,38,52,54,55,56,57,58,61,64,70,87,89,95" machi="56" ten="40,12000,1" yaku="1,1,54,1,53,2" doraHai="75" doraHaiUra="69" who="1" fromWho="0" sc="633,-120,34,130,373,0,0,0" /><INIT seed="5,1,0,4,1,113" ten="513,164,373,0" oya="1" hai0="133,3,67,105,68,86,78,47,74,60,127,79,132" hai1="102,34,35,135,81,46,94,93,92,43,61,59,77" hai2="64,108,111,116,134,65,52,73,126,91,88,87,120" hai3=""/><U71/><E71/><V118/><N who="2" m="30752" /><V104/><F104/><T1/><D74/><U2/><E2/><V101/><F101/><T0/><D105/><U76/><E102/><V32/><F73/><T83/><D127/><U70/><E70/><V117/><F32/><T58/><D79/><U49/><E135/><N who="0" m="51785" /><D47/><U124/><E124/><V44/><F126/><T110/><D58/><U123/><N who="1" m="31520" /><U84/><REACH who="1" step="1"/><E77/><REACH who="1" ten="513,154,373,0" step="2"/><V130/><F134/><T106/><D106/><U96/><E96/><V97/><F97/><T114/><D114/><U36/><E36/><V63/><F130/><T40/><D68/><U54/><AGARI ba="1,1" hai="34,35,43,46,49,54,59,61,76,81,84,92,93,94" m="31520" machi="54" ten="30,7800,0" yaku="1,1,0,1,52,1,53,1" doraHai="113" doraHaiUra="72" who="1" fromWho="1" sc="513,-40,154,90,373,-40,0,0" /><INIT seed="5,2,0,5,0,128" ten="473,244,333,0" oya="1" hai0="99,117,73,111,60,64,57,44,34,132,118,119,125" hai1="115,37,66,89,133,70,94,82,63,105,39,91,50" hai2="52,80,79,68,93,97,121,51,54,96,83,120,36" hai3=""/><U135/><E105/><V108/><N who="2" m="30752" /><V114/><N who="2" m="31008" /><V61/><F108/><T55/><D34/><U112/><E50/><V131/><F131/><T48/><D73/><U129/><E129/><V1/><F1/><T116/><D111/><U71/><E82/><V92/><F36/><N who="1" m="13897" /><E71/><V65/><F114/><N who="1" m="43561" /><E91/><V124/><F124/><T62/><D125/><U100/><E100/><V123/><N who="2" m="31520" /><V75/><F83/><T86/><D116/><U107/><E107/><V3/><F3/><T35/><D35/><U67/><E67/><V69/><F69/><T126/><D126/><U78/><E78/><V77/><F77/><T32/><D32/><U102/><E102/><V74/><F74/><T85/><D117/><U122/><N who="1" m="31264" /><U84/><AGARI ba="2,0" hai="63,66,70,84,89,94,133,135" m="31264,43561,13897" machi="84" ten="40,8000,1" yaku="4,1,15,1,52,3" doraHai="128" who="1" fromWho="1" sc="473,-42,244,84,333,-42,0,0" /><INIT seed="5,3,0,2,4,90" ten="431,328,291,0" oya="1" hai0="39,32,58,131,69,66,44,84,71,94,109,1,73" hai1="99,35,40,63,38,117,111,65,124,104,108,60,42" hai2="54,45,88,115,75,43,82,64,97,128,110,96,95" hai3=""/><U56/><E35/><V91/><F110/><N who="1" m="42025" /><E117/><V52/><F115/><T125/><D58/><U132/><E132/><V47/><F128/><T89/><D66/><U92/><E124/><V3/><F3/><T103/><D44/><U2/><E2/><V50/><F64/><T74/><D84/><U135/><E135/><V121/><N who="2" m="31008" /><V48/><F75/><T87/><D87/><U130/><E130/><V67/><F67/><T36/><D109/><U0/><E0/><V55/><F82/><T122/><N who="0" m="31264" /><T114/><D1/><U93/><E63/><V106/><F106/><T37/><D32/><U79/><E79/><V34/><F34/><T118/><D118/><U133/><E133/><V101/><F97/><T70/><D125/><U113/><E113/><V127/><F127/><T123/><N who="0" m="31520" /><T33/><D114/><U76/><E76/><V85/><F85/><T53/><D73/><U134/><E134/><V80/><F80/><T78/><D74/><U77/><E77/><V98/><F98/><T86/><D78/><U100/><E38/><V57/><F43/><AGARI ba="3,0" hai="40,42,43,56,60,65,92,93,99,100,104" m="42025" machi="43" ten="30,5800,0" yaku="10,1,52,2" doraHai="90" who="1" fromWho="2" sc="431,0,328,64,291,-64,0,0" /><INIT seed="5,4,0,1,3,103" ten="431,392,227,0" oya="1" hai0="1,32,83,116,108,128,98,0,89,124,42,76,37" hai1="54,58,75,73,33,110,126,118,67,64,130,105,120" hai2="101,88,70,114,135,65,90,36,85,56,44,129,2" hai3=""/><U34/><N who="1" m="30752" /><U121/><N who="1" m="31008" /><U60/><E118/><V102/><F2/><T53/><D32/><U115/><E115/><V3/><F114/><T52/><D116/><U80/><E130/><V113/><F3/><T61/><D108/><U66/><E110/><V69/><F113/><T87/><D124/><U74/><E126/><V107/><F129/><T82/><D128/><U35/><REACH who="1" step="1"/><E105/><REACH who="1" ten="431,382,227,0" step="2"/><V96/><F102/><T71/><D0/><U45/><E45/><V48/><F90/><T125/><D1/><U38/><E38/><V119/><F119/><T57/><D37/><U122/><N who="1" m="31264" /><U43/><E43/><V86/><F86/><T63/><D42/><U62/><E62/><V84/><F84/><T132/><D63/><U106/><E106/><V39/><F39/><T133/><D61/><U78/><AGARI ba="4,1" hai="33,34,35,54,58,60,64,66,67,73,74,75,78,80" m="31264,31008,30752" machi="78" ten="40,8000,1" yaku="1,1,0,1,52,3,53,0" doraHai="103" doraHaiUra="109" who="1" fromWho="1" sc="431,-44,382,98,227,-44,0,0" /><INIT seed="5,5,0,4,5,43" ten="387,480,183,0" oya="1" hai0="116,84,36,57,55,2,70,54,74,120,97,35,60" hai1="106,108,105,127,39,45,41,133,61,131,121,72,86" hai2="83,115,38,117,95,87,110,33,103,67,125,100,32" hai3=""/><U93/><N who="1" m="31008" /><U49/><E72/><V111/><F67/><T80/><N who="0" m="30752" /><T91/><D35/><U62/><E127/><V76/><F33/><T44/><D2/><U109/><E133/><V68/><F38/><T104/><D116/><U50/><E131/><V107/><F68/><T101/><D70/><U65/><E93/><V40/><F40/><T78/><D36/><U1/><E86/><V64/><F64/><T58/><D44/><U128/><E128/><V114/><F32/><T126/><D126/><U42/><E39/><V81/><F117/><T48/><REACH who="0" step="1"/><D74/><REACH who="0" ten="377,480,183,0" step="2"/><U69/><E1/><V75/><F125/><T77/><AGARI ba="5,1" hai="48,54,55,57,58,60,77,78,80,84,91,97,101,104" m="30752" machi="77" ten="30,6000,1" yaku="1,1,2,1,0,1,52,1,53,1" doraHai="43" doraHaiUra="46" who="0" fromWho="0" sc="377,80,480,-45,183,-25,0,0" /><INIT seed="6,0,0,0,2,3" ten="457,435,158,0" oya="2" hai0="66,87,35,126,44,67,2,103,118,132,39,36,129" hai1="94,50,37,108,70,82,0,54,96,41,75,133,124" hai2="128,127,1,122,114,111,49,135,125,109,52,131,48" hai3=""/><V58/><N who="2" m="31264" /><V45/><F1/><T79/><D2/><U72/><E108/><N who="2" m="41547" /><F114/><T107/><D87/><U64/><E133/><V88/><F135/><T47/><D79/><U115/><E115/><V89/><F89/><T33/><D103/><U53/><E0/><V106/><F106/><T95/><D95/><U34/><E82/><V99/><F99/><T56/><D132/><U59/><E53/><V74/><F88/><T57/><D126/><N who="2" m="48138" /><F74/><T102/><D102/><U101/><E124/><V92/><F92/><T32/><D32/><U85/><E34/><V61/><F48/><T38/><D38/><U110/><E110/><V134/><F134/><T86/><D86/><U69/><E85/><V65/><AGARI ba="0,0" hai="45,49,52,58,61,65,128,131" m="48138,41547,31264" machi="65" ten="40,12000,2" yaku="10,1,18,1,34,2,52,1,54,1" doraHai="3" who="2" fromWho="2" sc="457,-60,435,-60,158,120,0,0" /><INIT seed="6,1,0,4,0,73" ten="397,375,278,0" oya="2" hai0="57,50,40,44,45,54,75,96,110,61,62,72,69" hai1="46,98,35,114,52,108,84,97,43,68,65,81,67" hai2="122,128,33,41,49,83,102,126,78,121,37,104,56" hai3=""/><V77/><N who="2" m="31008" /><V117/><N who="2" m="31264" /><V99/><F33/><T94/><D110/><U119/><E108/><V74/><F117/><T32/><D32/><U100/><E35/><V131/><F126/><T129/><D129/><N who="2" m="49738" /><F37/><T95/><D95/><U127/><E127/><V111/><F111/><T132/><D132/><U55/><E119/><V70/><F70/><T90/><D45/><U82/><E114/><V86/><F41/><T34/><D34/><U58/><E55/><V130/><N who="2" m="49746" /><V106/><DORA hai="47" /><F106/><T36/><D61/><U60/><E82/><V123/><N who="2" m="31520" /><V38/><F38/><T134/><D134/><U92/><E98/><V124/><F124/><T109/><D109/><U59/><E59/><V80/><F49/><T107/><D107/><U64/><E68/><V113/><F56/><T116/><D116/><U91/><E43/><V79/><F79/><T115/><D115/><AGARI ba="1,0" hai="74,77,78,80,83,86,99,102,104,113,115" m="31520,49746,31264,31008" machi="115" ten="40,24000,3" yaku="19,1,34,2,52,5" doraHai="73,47" who="2" fromWho="0" sc="397,-242,375,0,278,242,0,0" owari="155,-44.0,375,-2.0,520,46.0,0,0.0" /></mjloggm>