<mjloggm ver="2.3"><GO type="169" lobby="0"/><UN n0="%53%63%61%6E%64%61%6C" n1="%E6%98%8E%E6%98%9F%E5%B8%82%E6%B0%91" n2="%73%74%61%72%E6%98%9F%E8%BE%B0" n3="%50%6F%6F%48%65%3F" dan="17,16,16,16" rate="2194.08,2190.63,2102.98,2145.18" sx="M,M,F,F"/><TAIKYOKU oya="0"/><INIT seed="0,0,0,3,0,25" ten="250,250,250,250" oya="0" hai0="81,1,80,19,124,2,42,8,66,26,22,118,49" hai1="127,134,119,126,114,68,36,79,113,55,38,94,73" hai2="93,123,125,109,102,20,96,32,91,34,88,121,86" hai3="110,31,87,11,59,16,89,54,84,15,33,63,13"/><T90/><BYE who="2" /><D118/><U106/><E73/><UN n2="%73%74%61%72%E6%98%9F%E8%BE%B0" /><V135/><F109/><W108/><G15/><T120/><D120/><U37/><E79/><V64/><F135/><W41/><G41/><T35/><D124/><N who="1" m="47659" /><E106/><V112/><F125/><W100/><G100/><T7/><D66/><U3/><E3/><V29/><F112/><N who="1" m="43113" /><E94/><V85/><F64/><W128/><G128/><T17/><D90/><U14/><E14/><V103/><F20/><W43/><G43/><T72/><D72/><U97/><E97/><V0/><F0/><W133/><G133/><T105/><D105/><U92/><E92/><V101/><F96/><W111/><G89/><T40/><D1/><U115/><E115/><V23/><F23/><W74/><G74/><T6/><D22/><U83/><E83/><V76/><F76/><W69/><REACH who="3" step="1"/><G69/><REACH who="3" ten="250,250,250,240" step="2"/><T10/><D2/><U52/><E134/><V82/><REACH who="2" step="1"/><F34/><REACH who="2" ten="250,250,240,240" step="2"/><W130/><G130/><T107/><D35/><U117/><E68/><V51/><F51/><W50/><G50/><T104/><D49/><U60/><E60/><V24/><AGARI ba="0,2" hai="24,29,32,82,85,86,88,91,93,101,102,103,121,123" machi="24" ten="30,7900,0" yaku="1,1,0,1,52,1,54,1,53,0" doraHai="25" doraHaiUra="67" who="2" fromWho="2" sc="250,-39,250,-20,240,99,240,-20" /><INIT seed="1,0,0,5,0,5" ten="211,230,339,220" oya="1" hai0="108,63,94,61,2,70,96,47,103,106,67,15,71" hai1="51,32,102,90,64,122,76,48,21,59,101,25,18" hai2="37,27,62,123,41,12,80,6,124,95,44,31,82" hai3="116,57,16,0,56,100,99,30,79,8,35,52,131"/><U60/><E122/><V46/><F123/><W77/><G131/><T78/><D108/><U107/><E32/><V120/><F120/><W45/><G116/><T43/><D2/><U114/><E114/><V127/><F46/><W50/><G0/><T83/><D106/><U54/><E76/><V29/><F95/><N who="3" m="58495" /><G30/><T39/><D15/><U36/><E36/><V117/><F62/><W72/><G72/><T109/><D109/><U130/><E130/><V19/><F117/><W42/><G35/><T49/><D49/><U86/><E107/><V89/><F6/><W134/><G134/><T73/><REACH who="0" step="1"/><D63/><REACH who="0" ten="201,230,339,220" step="2"/><U17/><E51/><V98/><F12/><N who="3" m="7175" /><G57/><AGARI ba="0,1" hai="39,43,47,57,61,67,70,71,73,78,83,94,96,103" machi="57" ten="30,3900,0" yaku="1,1,7,1,53,1" doraHai="5" doraHaiUra="88" who="0" fromWho="3" sc="201,49,230,0,339,0,220,-39" /><INIT seed="2,0,0,3,2,48" ten="250,230,339,181" oya="2" hai0="53,93,4,76,111,135,75,95,57,103,88,73,132" hai1="89,78,65,44,30,35,134,90,24,118,102,8,12" hai2="122,1,34,74,80,104,39,66,17,10,15,38,49" hai3="79,0,60,120,50,115,125,87,27,72,26,106,23"/><V96/><F34/><W20/><G120/><T51/><D111/><U40/><E134/><N who="0" m="51241" /><D4/><U16/><E118/><V32/><F32/><W113/><G125/><T67/><D76/><U131/><E131/><V14/><F1/><W83/><G106/><T98/><D67/><U25/><E78/><V13/><F13/><W61/><G0/><T58/><D58/><U126/><E126/><V47/><F66/><W55/><G72/><T6/><D6/><U64/><E102/><V43/><F80/><W82/><G79/><T11/><D11/><U71/><E25/><V117/><F74/><W42/><G50/><T121/><D121/><U130/><E130/><V129/><F117/><W46/><G87/><AGARI ba="0,0" hai="51,53,57,73,75,87,88,93,95,98,103" m="51241" machi="87" ten="30,3900,0" yaku="20,1,52,1,54,1" doraHai="48" who="0" fromWho="3" sc="250,39,230,0,339,0,181,-39" /><INIT seed="3,0,0,4,0,64" ten="289,230,339,142" oya="3" hai0="57,47,52,25,69,30,42,94,12,23,131,119,46" hai1="56,75,67,89,71,126,55,26,105,72,130,6,58" hai2="108,15,45,54,44,53,41,99,50,62,16,10,79" hai3="31,115,129,117,118,35,116,34,65,93,114,74,123"/><W21/><G74/><T32/><D119/><N who="3" m="45641" /><G65/><T4/><D131/><U9/><E105/><V83/><F108/><W33/><G93/><T121/><D69/><U70/><E130/><V7/><F99/><W106/><G106/><T86/><D121/><U128/><E128/><V112/><F112/><N who="3" m="43051" /><G129/><T87/><D4/><U132/><E67/><V36/><F62/><W27/><N who="3" m="45649" /><W97/><DORA hai="48" /><G97/><T120/><D120/><AGARI ba="0,0" hai="21,27,31,33,34,35,120,123" m="43051,45649" machi="120" ten="50,4800,0" yaku="34,2" doraHai="64,48" who="3" fromWho="0" sc="289,-48,230,0,339,0,142,48" /><INIT seed="3,1,0,4,1,115" ten="241,230,339,190" oya="3" hai0="46,114,102,99,77,22,78,90,40,37,87,55,74" hai1="112,119,85,123,76,29,95,71,73,49,120,83,109" hai2="126,116,17,50,118,58,51,111,27,72,61,57,43" hai3="13,11,8,34,3,65,69,100,5,21,31,129,9"/><W54/><G100/><T132/><D114/><U110/><E71/><V0/><F72/><W133/><G65/><T127/><D127/><U130/><E29/><V14/><F0/><W33/><G69/><T60/><D132/><U23/><E23/><V88/><F126/><W4/><G54/><T2/><D2/><U81/><E112/><V79/><F79/><W135/><G129/><T56/><D22/><U105/><E49/><V86/><F27/><N who="3" m="16879" /><G11/><T42/><D42/><U113/><E105/><V25/><F25/><W131/><G131/><T12/><D12/><U36/><E36/><V30/><F30/><W125/><G125/><T122/><D122/><N who="1" m="46635" /><E130/><V28/><F28/><W91/><G91/><T32/><D32/><AGARI ba="1,0" hai="3,4,5,8,9,13,32,33,34,133,135" m="16879" machi="32" ten="30,2900,0" yaku="34,2" doraHai="115" who="3" fromWho="0" sc="241,-32,230,0,339,0,190,32" /><INIT seed="3,2,0,3,4,1" ten="209,230,339,222" oya="3" hai0="59,121,3,130,129,21,131,112,9,14,13,87,81" hai1="116,82,126,41,101,11,120,23,74,36,53,7,92" hai2="134,117,58,56,109,34,71,119,60,20,107,50,68" hai3="123,4,57,48,32,103,124,125,66,51,22,86,18"/><W111/><G123/><T24/><D121/><U25/><E116/><V100/><F34/><W106/><G32/><T37/><D37/><U75/><E126/><N who="3" m="48746" /><G111/><T42/><D42/><U49/><E41/><V10/><F109/><W46/><G86/><T83/><D112/><U30/><E36/><V26/><F134/><W133/><G133/><T91/><D81/><U65/><E65/><V105/><F105/><W127/><G4/><N who="0" m="1183" /><D59/><U93/><E120/><V8/><F100/><W78/><G78/><T2/><D2/><U27/><E27/><V97/><F97/><N who="3" m="61807" /><G127/><T113/><D113/><U38/><E38/><V31/><F107/><W72/><G72/><T67/><D67/><U88/><E101/><V45/><F117/><W79/><G79/><T64/><D64/><U85/><E74/><V63/><F119/><W6/><G6/><T128/><N who="0" m="32768" /><DORA hai="73" /><T5/><D5/><U61/><E75/><V95/><F68/><W114/><G114/><T118/><D118/><U115/><E115/><V104/><F71/><W40/><G66/><T55/><D55/><U96/><E96/><V28/><F58/><W84/><G57/><T76/><D91/><U89/><E89/><V15/><F56/><W62/><G62/><T98/><D98/><U90/><E61/><V44/><F63/><W99/><G99/><T16/><AGARI ba="2,0" hai="13,14,16,21,24,76,83,87" m="32768,1183" machi="16" ten="60,8000,1" yaku="19,1,52,2,54,1" doraHai="1,73" who="0" fromWho="0" sc="209,86,230,-22,339,-22,222,-42" /><INIT seed="4,0,0,1,2,81" ten="295,208,317,180" oya="0" hai0="30,34,49,62,22,41,38,51,124,61,132,57,114" hai1="108,64,74,63,40,85,78,71,123,129,24,110,26" hai2="98,94,82,80,20,32,42,33,68,86,106,53,13" hai3="43,31,115,133,101,6,97,95,112,14,7,67,118"/><T60/><D114/><N who="3" m="43561" /><G118/><T131/><D34/><U87/><E123/><V44/><F68/><W72/><G72/><T116/><D22/><U23/><E40/><V50/><F106/><W54/><G133/><T90/><D90/><U102/><E129/><V5/><F82/><W89/><G43/><T10/><D10/><U29/><E102/><V127/><F127/><W0/><G0/><T113/><D30/><U96/><E96/><V3/><F3/><W92/><G67/><T77/><D77/><U25/><E74/><V83/><F83/><W15/><G31/><T8/><D8/><U16/><E78/><V55/><F33/><W99/><G54/><T134/><D113/><U2/><E2/><V52/><F32/><W70/><G70/><T135/><D116/><U109/><REACH who="1" step="1"/><E29/><REACH who="1" ten="295,198,317,180" step="2"/><V66/><F42/><W47/><G101/><T46/><D131/><U69/><E69/><V73/><F73/><W19/><G99/><T4/><D134/><U48/><E48/><V128/><F50/><W39/><G97/><T45/><D132/><U11/><E11/><V119/><F98/><W93/><G89/><T117/><D135/><U79/><E79/><V76/><F76/><W1/><G1/><T28/><D49/><U125/><E125/><V103/><F103/><W88/><G88/><T9/><D51/><U12/><AGARI ba="0,1" hai="12,16,23,24,25,26,63,64,71,85,87,108,109,110" machi="12" ten="40,8000,1" yaku="1,1,0,1,52,2,54,1,53,0" doraHai="81" doraHaiUra="75" who="1" fromWho="1" sc="295,-40,198,90,317,-20,180,-20" /><INIT seed="5,0,0,1,0,114" ten="255,288,297,160" oya="1" hai0="31,74,98,49,117,116,28,39,102,83,53,135,62" hai1="104,32,72,24,76,68,19,11,97,16,133,122,121" hai2="90,126,6,123,29,42,99,85,26,9,21,33,120" hai3="84,40,56,69,134,81,131,0,17,132,57,10,75"/><U52/><E133/><V96/><F126/><W129/><G69/><T110/><D135/><N who="3" m="51753" /><G40/><T115/><D110/><U119/><E68/><V3/><F42/><W27/><G75/><T43/><D115/><U41/><E119/><V106/><F106/><W51/><G51/><T5/><D5/><U93/><E104/><V34/><F34/><W128/><G81/><T66/><D83/><U59/><E41/><V82/><REACH who="2" step="1"/><F33/><REACH who="2" ten="255,288,287,160" step="2"/><W8/><G84/><T25/><D74/><U101/><E72/><V13/><F13/><N who="3" m="7335" /><G27/><T46/><D25/><U94/><E24/><V64/><F64/><W44/><G44/><T103/><D66/><U88/><E32/><V80/><F80/><W89/><G89/><T37/><D43/><U100/><E76/><V30/><F30/><W111/><G111/><T36/><D31/><U54/><E88/><V22/><F22/><W45/><G45/><T61/><D28/><U92/><E92/><V63/><F63/><W20/><G20/><T78/><D78/><U1/><E1/><V18/><F18/><W4/><AGARI ba="0,1" hai="0,4,10,56,57,128,129,131" m="7335,51753" machi="4" ten="40,2700,0" yaku="19,1,20,1" doraHai="114" who="3" fromWho="3" sc="255,-7,288,-13,287,-7,160,37" /><INIT seed="6,0,0,5,3,101" ten="248,275,280,197" oya="2" hai0="103,122,14,36,131,31,47,34,59,1,55,38,116" hai1="67,9,61,119,84,75,105,128,87,80,85,79,83" hai2="106,21,112,130,99,22,127,12,32,133,66,52,25" hai3="16,20,117,63,65,90,23,57,68,40,86,2,54"/><V125/><F112/><W134/><G2/><T15/><D122/><U108/><E108/><V10/><F66/><W64/><G134/><T48/><D116/><U4/><E128/><V11/><F133/><W58/><G117/><T74/><D131/><U100/><E119/><V56/><F130/><W5/><G5/><T129/><D129/><U120/><E120/><V124/><F32/><W39/><G23/><N who="2" m="8713" /><F25/><W17/><G17/><T41/><D74/><U102/><E105/><V35/><F35/><W50/><G40/><T132/><D1/><U42/><E42/><V46/><F46/><W60/><G39/><T88/><D103/><U78/><E84/><V30/><F30/><W49/><G68/><T81/><D38/><U45/><E45/><V13/><F13/><W110/><G110/><T73/><D132/><U29/><E29/><V44/><F44/><W43/><G43/><T0/><D0/><U109/><E75/><V72/><F72/><W93/><G54/><T135/><D73/><U27/><E27/><AGARI ba="0,0" hai="16,20,27,49,50,57,58,60,63,64,65,86,90,93" machi="27" ten="30,7700,0" yaku="7,1,9,1,8,1,54,1" doraHai="101" who="3" fromWho="1" sc="248,0,275,-77,280,0,197,77" /><INIT seed="7,0,0,1,3,14" ten="248,198,280,274" oya="3" hai0="68,40,125,76,46,49,64,4,114,72,107,42,88" hai1="28,106,87,17,132,48,74,109,95,15,96,124,36" hai2="23,102,105,55,89,86,50,98,1,121,110,78,33" hai3="53,34,12,11,41,79,90,13,43,16,20,59,80"/><W116/><G34/><T84/><D125/><U26/><E36/><V108/><F33/><W130/><G130/><T65/><D107/><U83/><E109/><V10/><F121/><W120/><G116/><T129/><D129/><U126/><E132/><V3/><F78/><W91/><G120/><T69/><D114/><U135/><E135/><V22/><F22/><W111/><G111/><T45/><D72/><U97/><E74/><V113/><F113/><W56/><G56/><T44/><D76/><U25/><E106/><V7/><F3/><W133/><G133/><T54/><D4/><U118/><E118/><V101/><F101/><W32/><G32/><T2/><D2/><U122/><E122/><V73/><F73/><W81/><G79/><T5/><D5/><U100/><E96/><V21/><F108/><W19/><G90/><T52/><D88/><N who="1" m="51327" /><E48/><V128/><F128/><W8/><G20/><T51/><D84/><U18/><E15/><V0/><F1/><W67/><G67/><N who="0" m="25675" /><D46/><U70/><E70/><AGARI ba="0,0" hai="40,42,44,45,49,51,52,54,68,69,70" m="25675" machi="70" ten="30,12000,2" yaku="35,5,54,1" doraHai="14" who="0" fromWho="1" sc="248,120,198,-120,280,0,274,0" owari="368,47.0,78,-42.0,280,8.0,274,-13.0" /></mjloggm>