<mjloggm ver="2.3"><GO type="169" lobby="0"/><UN n0="%E3%81%AA%E3%81%97%E4%B8%B8" n1="%E3%81%9F%E3%81%84%E3%81%9B" n2="%E7%84%A1%E7%82%BA%E8%87%AA%E7%84%B6" n3="%6F%6C%69%76%65%72" dan="16,17,16,16" rate="2080.15,2196.30,2155.03,2080.96" sx="M,F,M,M"/><TAIKYOKU oya="0"/><INIT seed="0,0,0,4,2,68" ten="250,250,250,250" oya="0" hai0="129,89,96,22,92,127,34,15,98,88,54,14,58" hai1="42,114,113,126,117,2,99,69,59,10,109,26,63" hai2="36,79,87,118,95,84,119,82,33,66,3,18,25" hai3="53,24,80,93,106,11,37,8,12,94,7,91,107"/><T5/><D34/><U125/><E99/><V48/><F3/><W116/><G116/><N who="2" m="44585" /><F66/><W115/><G115/><N who="1" m="44042" /><E26/><V50/><F36/><W41/><G80/><T70/><D70/><U51/><E10/><V46/><F46/><W121/><G94/><N who="0" m="56391" /><D129/><U108/><E2/><V17/><F17/><W0/><G121/><T21/><D127/><N who="1" m="48651" /><E69/><V74/><F95/><W77/><G24/><T97/><D97/><U72/><E72/><V76/><F74/><W130/><G11/><N who="0" m="4463" /><D15/><U73/><E73/><V20/><F33/><W75/><G0/><T135/><D135/><U9/><E9/><V111/><F84/><W47/><G130/><T61/><AGARI ba="0,0" hai="21,22,54,58,61,89,92,98" m="4463,56391" machi="61" ten="30,3000,0" yaku="8,1,54,1" doraHai="68" who="0" fromWho="0" sc="250,30,250,-10,250,-10,250,-10" /><INIT seed="0,1,0,2,3,16" ten="280,240,240,240" oya="0" hai0="17,78,5,20,3,128,65,108,50,73,43,59,113" hai1="98,68,93,92,84,25,71,21,96,4,130,120,133" hai2="19,88,8,22,74,69,112,70,52,119,10,104,29" hai3="79,36,115,107,110,126,122,114,135,123,31,102,58"/><T14/><D113/><U6/><E120/><N who="3" m="46122" /><G36/><T44/><D128/><U30/><E130/><V99/><F112/><W83/><G31/><T9/><D108/><U80/><E133/><V85/><F29/><W76/><G110/><T111/><D111/><U62/><E71/><V39/><F39/><W34/><G34/><T124/><D124/><U131/><E131/><V0/><F74/><W49/><G79/><T116/><D116/><U53/><E68/><V12/><F8/><W2/><G2/><T45/><D45/><U37/><E37/><V117/><F10/><W46/><G58/><T91/><D91/><U55/><E6/><V13/><F0/><W18/><G18/><T51/><D51/><U132/><E4/><V33/><F33/><W89/><G89/><T32/><D32/><U90/><E132/><V77/><F77/><W127/><G135/><T87/><D87/><U15/><E15/><V97/><F12/><W38/><G38/><T72/><REACH who="0" step="1"/><D78/><REACH who="0" ten="270,240,240,240" step="2"/><N who="1" m="46103" /><E62/><AGARI ba="1,1" hai="3,5,9,14,17,20,43,44,50,59,62,65,72,73" machi="62" ten="40,3900,0" yaku="1,1,52,1,53,0" doraHai="16" doraHaiUra="100" who="0" fromWho="1" sc="270,52,240,-42,240,0,240,0" /><INIT seed="0,2,0,0,0,14" ten="322,198,240,240" oya="0" hai0="108,68,29,106,6,50,118,70,71,86,82,74,18" hai1="44,80,1,127,30,21,73,65,52,66,12,2,61" hai2="95,60,81,5,105,123,78,111,26,120,89,48,87" hai3="45,20,31,34,77,16,69,7,100,4,56,107,116"/><T96/><D118/><U38/><E127/><V112/><F112/><W11/><G69/><T128/><D74/><U109/><E109/><V124/><F111/><W115/><G115/><T121/><D121/><U47/><E66/><V92/><F124/><W51/><G116/><T53/><D6/><U41/><E73/><V28/><F105/><W135/><G77/><T103/><D29/><U131/><E131/><V25/><F92/><W22/><G135/><T85/><D128/><U15/><E80/><V114/><F26/><W134/><G134/><T33/><D33/><U32/><E32/><V55/><F60/><W110/><G110/><T93/><D106/><U90/><E90/><V99/><F5/><W62/><G34/><T113/><D113/><U88/><E12/><V17/><F28/><W101/><G22/><T104/><D104/><U24/><E15/><V36/><F36/><W57/><G57/><T42/><D42/><U97/><E88/><V91/><F89/><W84/><G84/><T13/><D82/><U102/><E47/><V23/><REACH who="2" step="1"/><F114/><REACH who="2" ten="322,198,230,240" step="2"/><W9/><G107/><T8/><REACH who="0" step="1"/><D108/><REACH who="0" ten="312,198,230,240" step="2"/><U19/><E30/><V79/><F79/><W10/><G31/><T94/><D94/><U83/><E83/><V76/><F76/><W58/><G7/><T126/><D126/><U35/><E35/><V59/><AGARI ba="2,2" hai="17,23,25,48,55,59,78,81,87,91,95,99,120,123" machi="59" ten="20,5200,0" yaku="1,1,0,1,7,1,52,1,53,0" doraHai="14" doraHaiUra="63" who="2" fromWho="2" sc="312,-28,198,-15,230,78,240,-15" /><INIT seed="1,0,0,3,4,35" ten="284,183,308,225" oya="1" hai0="34,122,33,59,68,54,120,121,105,83,5,101,128" hai1="9,114,29,117,102,67,74,97,126,99,96,66,94" hai2="21,71,14,15,79,86,81,23,108,92,18,134,58" hai3="6,103,0,89,95,80,110,52,48,116,93,118,43"/><U87/><E117/><N who="3" m="45162" /><G110/><T51/><D68/><U135/><E114/><V3/><F71/><W41/><G103/><T32/><D128/><U98/><E74/><V42/><F108/><W61/><G80/><T77/><D5/><U2/><E126/><V106/><F106/><W30/><G30/><T85/><REACH who="0" step="1"/><D101/><REACH who="0" ten="274,183,308,225" step="2"/><U109/><E109/><V104/><F134/><W49/><G6/><T82/><D82/><U90/><E135/><V46/><F81/><W88/><G0/><T112/><D112/><U69/><E69/><V62/><F3/><W131/><G131/><T16/><D16/><U129/><E129/><V60/><F18/><W47/><G61/><T1/><D1/><U50/><E29/><V113/><F60/><W39/><G39/><T119/><D119/><U22/><E2/><V72/><F62/><W73/><G49/><T91/><D91/><N who="3" m="34889" /><G73/><T70/><D70/><U40/><E50/><V64/><F113/><W84/><G84/><T12/><D12/><U27/><E102/><V44/><F14/><W75/><G75/><T55/><D55/><U13/><E87/><V115/><F15/><W7/><G7/><T53/><D53/><U31/><REACH who="1" step="1"/><E40/><AGARI ba="0,1" hai="40,41,43,47,48,52,93,95" m="34889,45162" machi="40" ten="30,3900,0" yaku="12,1,54,2" doraHai="35" who="3" fromWho="1" sc="274,0,183,-39,308,0,225,49" /><INIT seed="2,0,0,0,1,104" ten="274,144,308,274" oya="2" hai0="134,89,93,72,98,18,14,33,20,74,67,133,131" hai1="7,128,25,107,85,28,24,13,135,103,51,39,127" hai2="124,40,65,63,4,71,82,101,64,68,130,109,87" hai3="12,10,123,42,92,23,34,117,17,38,54,70,59"/><V37/><F124/><W49/><G123/><T99/><D33/><U57/><E39/><V31/><F130/><W116/><G70/><T21/><D67/><U11/><E127/><V80/><F101/><W114/><G34/><T15/><D131/><U84/><E128/><V16/><F31/><W60/><G114/><T9/><D99/><U66/><E135/><N who="0" m="51721" /><D20/><U79/><E107/><V76/><F4/><AGARI ba="0,0" hai="4,9,14,15,18,21,72,74,89,93,98" m="51721" machi="4" ten="30,3900,0" yaku="20,1,52,2" doraHai="104" who="0" fromWho="2" sc="274,39,144,0,308,-39,274,0" /><INIT seed="3,0,0,0,0,33" ten="313,144,269,274" oya="3" hai0="20,104,118,65,29,100,126,103,77,123,53,55,70" hai1="90,121,27,75,122,86,38,102,7,111,89,110,72" hai2="12,112,133,71,95,54,92,101,128,39,24,6,85" hai3="15,84,135,106,32,124,109,3,79,9,45,11,25"/><W13/><G106/><T64/><D77/><U34/><E27/><V22/><F39/><W132/><G45/><T18/><D29/><U129/><E34/><V31/><F71/><W21/><G79/><T61/><D64/><U37/><E86/><V119/><F101/><W2/><G32/><T125/><D118/><U4/><REACH who="1" step="1"/><E102/><REACH who="1" ten="313,134,269,274" step="2"/><V19/><F85/><W28/><G84/><T88/><D103/><U130/><AGARI ba="0,1" hai="4,7,37,38,72,75,89,90,110,111,121,122,129,130" machi="130" ten="25,8000,1" yaku="1,1,2,1,0,1,22,2,53,0" doraHai="33" doraHaiUra="73" who="1" fromWho="1" sc="313,-20,134,90,269,-20,274,-40" /><INIT seed="4,0,0,1,2,17" ten="293,224,249,234" oya="0" hai0="56,81,86,39,128,84,126,89,60,33,100,70,35" hai1="37,101,64,2,134,8,31,72,47,113,62,116,74" hai2="49,79,18,57,21,118,77,112,29,87,12,119,108" hai3="59,94,106,123,36,32,131,69,120,130,42,58,105"/><T98/><D128/><N who="3" m="49193" /><G32/><T27/><D39/><U5/><E116/><N who="2" m="44587" /><F108/><W24/><G69/><T34/><D126/><U133/><E31/><V85/><F112/><W93/><G24/><T65/><D56/><N who="3" m="21545" /><G42/><T107/><REACH who="0" step="1"/><D84/><REACH who="0" ten="283,224,249,234" step="2"/><U63/><E37/><V38/><F38/><W127/><G36/><T1/><D1/><U75/><E2/><V129/><F129/><W20/><G127/><T9/><D9/><U45/><E8/><N who="2" m="6407" /><F85/><W16/><G120/><T68/><D68/><U4/><E75/><V44/><F57/><W92/><G123/><T125/><D125/><U83/><E72/><V91/><F87/><W115/><G115/><T132/><D132/><U99/><E74/><V50/><F50/><W103/><G103/><T73/><D73/><U78/><E101/><V25/><F91/><W41/><G41/><AGARI ba="0,1" hai="21,25,29,41,44,49,77,79" m="6407,44587" machi="41" ten="30,2000,0" yaku="12,1,52,1" doraHai="17" who="2" fromWho="3" sc="283,0,224,0,249,30,234,-20" /><INIT seed="5,0,0,4,4,10" ten="283,224,279,214" oya="1" hai0="34,11,13,9,12,47,65,102,23,39,29,14,90" hai1="58,133,84,30,134,131,33,122,128,54,15,42,71" hai2="75,26,35,1,31,95,113,72,52,46,17,70,97" hai3="43,21,8,86,107,93,41,81,91,24,64,118,20"/><U59/><E71/><V48/><F113/><W27/><G107/><T4/><D34/><U119/><E119/><V100/><F1/><W49/><G118/><T126/><D102/><U36/><E30/><V125/><F125/><W16/><G64/><T3/><D65/><U32/><E122/><V121/><F70/><W0/><G49/><T44/><D126/><U51/><E84/><V53/><F121/><W79/><G8/><N who="0" m="4103" /><D3/><U85/><E85/><V63/><REACH who="2" step="1"/><F17/><REACH who="2" ten="283,224,269,214" step="2"/><N who="3" m="12303" /><G0/><T45/><D39/><U88/><E36/><V37/><F37/><W5/><G5/><T40/><D40/><U76/><E42/><V38/><F38/><W67/><G67/><T77/><D11/><U56/><E54/><V50/><F50/><W114/><G114/><T115/><D115/><U111/><E51/><V92/><F92/><W103/><G103/><T104/><D104/><U96/><E111/><V132/><F132/><W66/><G66/><T105/><D105/><U87/><E134/><V74/><F74/><W7/><G7/><T28/><D9/><U116/><E133/><V73/><F73/><W82/><G82/><T130/><D130/><U106/><E116/><V83/><F83/><W68/><G68/><T135/><D135/><U60/><E131/><V55/><F55/><W69/><G69/><T101/><D101/><U124/><E124/><V120/><F120/><W25/><G43/><T98/><D77/><U80/><E128/><V123/><F123/><W99/><G41/><T112/><D112/><U127/><E127/><V94/><F94/><W61/><G61/><T129/><D129/><RYUUKYOKU ba="0,1" sc="283,-15,224,-15,269,15,214,15" hai2="26,31,35,46,48,52,53,63,72,75,95,97,100" hai3="16,21,25,27,79,81,86,91,93,99" /><INIT seed="6,1,1,4,1,5" ten="268,209,284,229" oya="2" hai0="41,2,51,122,50,132,77,0,90,129,60,19,103" hai1="92,59,8,131,22,106,6,70,95,120,47,44,27" hai2="48,43,86,91,114,135,84,117,115,29,35,125,11" hai3="12,54,7,53,72,113,71,9,85,64,111,62,88"/><V126/><F117/><W63/><G111/><T31/><D31/><U112/><E106/><V17/><F135/><W49/><G72/><T30/><D30/><U79/><E70/><V127/><F29/><W42/><G113/><N who="2" m="43017" /><F35/><W69/><G42/><T80/><D103/><U107/><E107/><V75/><F75/><W56/><G54/><T97/><D122/><U61/><E112/><V76/><F76/><W10/><G10/><T13/><D60/><U96/><E120/><V110/><F91/><W39/><G39/><T82/><D50/><U124/><E79/><V67/><F67/><W133/><G63/><T89/><D89/><U25/><E131/><V33/><F33/><W36/><G36/><T94/><D129/><U121/><E121/><V73/><F73/><W83/><REACH who="3" step="1"/><G133/><REACH who="3" ten="268,209,284,219" step="2"/><T105/><D132/><U16/><E124/><V128/><F110/><W3/><G3/><T28/><D2/><U58/><E58/><AGARI ba="1,2" hai="7,9,12,49,53,56,58,62,64,69,71,83,85,88" machi="58" ten="30,7700,0" yaku="1,1,7,1,52,1,54,1,53,0" doraHai="5" doraHaiUra="109" who="3" fromWho="1" sc="268,0,209,-80,284,0,219,100" /><INIT seed="7,0,0,4,1,125" ten="268,129,284,319" oya="3" hai0="119,45,133,57,41,118,36,3,128,113,40,67,23" hai1="93,16,60,11,37,62,75,116,15,24,25,1,31" hai2="108,13,33,14,26,6,82,50,86,38,29,85,70" hai3="39,69,80,51,87,121,56,58,112,72,30,132,104"/><W32/><G121/><T9/><D3/><U7/><E37/><V12/><F38/><W101/><G72/><T10/><D23/><U59/><E75/><V88/><F70/><W123/><G123/><T117/><D10/><U52/><E116/><V27/><F108/><W124/><G69/><T61/><D9/><U126/><E126/><V73/><F73/><W100/><G39/><T2/><D2/><U134/><E134/><V78/><F27/><W111/><G51/><T17/><D17/><U92/><E25/><V129/><F129/><W55/><G104/><T22/><D22/><U114/><E62/><V130/><F130/><W135/><G112/><T48/><D133/><N who="3" m="51273" /><G111/><T8/><D8/><U131/><E114/><V122/><F122/><W115/><G58/><T120/><D120/><U44/><E44/><V96/><F96/><W42/><G42/><N who="0" m="24631" /><D113/><U68/><E68/><V103/><F50/><N who="3" m="30839" /><G115/><T110/><D110/><U97/><E97/><V109/><F109/><W98/><G98/><T63/><D36/><U0/><E0/><V106/><F106/><W65/><G30/><T46/><D46/><U49/><E60/><V84/><F84/><W47/><G32/><T107/><D107/><U4/><E131/><V54/><F103/><W83/><G87/><T34/><D34/><N who="1" m="20839" /><E4/><V66/><F54/><W95/><G124/><T105/><D128/><U35/><E35/><V18/><F6/><W91/><G47/><T99/><D61/><U28/><E28/><V90/><F18/><W94/><G65/><T20/><D20/><U53/><E53/><V19/><F85/><RYUUKYOKU ba="0,0" sc="268,15,129,15,284,-15,319,-15" hai0="40,41,57,63,67,99,105,117,118,119" hai1="1,7,11,15,16,49,52,59,92,93" owari="283,8.0,144,-36.0,269,-13.0,304,41.0" /></mjloggm>