<mjloggm ver="2.3"><GO type="169" lobby="0"/><UN n0="%44%27%73%2D%E3%82%B9%E3%82%BF%E3%82%B8%E3%82%AA" n1="%E6%BB%9D%E6%9C%AC%E3%81%B2%E3%81%B5%E3%81%BF%EF%BC%81" n2="%7A%6F%6F%31%39%36%34" n3="%E7%A8%B2%E5%A6%BB%E3%81%A1%E3%82%83%E3%81%A3%E3%81%B4%E3%83%BC" dan="16,17,16,16" rate="2030.55,2176.39,2149.91,2114.64" sx="M,M,M,M"/><TAIKYOKU oya="0"/><INIT seed="0,0,0,5,4,74" ten="250,250,250,250" oya="0" hai0="97,84,10,17,24,80,86,118,126,43,109,76,53" hai1="54,88,21,9,55,14,125,29,57,124,5,3,119" hai2="23,69,56,67,48,94,44,102,40,16,22,12,46" hai3="73,52,42,131,75,103,81,130,83,79,28,87,34"/><T25/><D118/><U1/><E119/><V60/><F69/><W134/><G42/><T0/><D126/><U78/><E54/><V122/><F122/><W66/><G66/><T132/><D132/><U120/><E120/><V32/><F32/><W95/><G34/><T108/><D43/><U129/><E129/><N who="3" m="49162" /><G28/><T121/><D121/><U72/><E1/><V8/><REACH who="2" step="1"/><F46/><REACH who="2" ten="250,250,240,250" step="2"/><W50/><G134/><T45/><D45/><U101/><E124/><V135/><F135/><W7/><G7/><T58/><D97/><AGARI ba="0,1" hai="8,12,16,22,23,40,44,48,56,60,67,94,97,102" machi="97" ten="40,8000,1" yaku="1,1,8,1,54,1,53,1" doraHai="74" doraHaiUra="93" who="2" fromWho="0" sc="250,-80,250,0,240,90,250,0" /><INIT seed="1,0,0,4,5,1" ten="170,250,330,250" oya="1" hai0="28,98,103,132,111,2,11,4,32,39,85,77,21" hai1="50,90,134,129,122,69,33,87,81,92,36,40,48" hai2="109,56,46,12,65,96,17,133,99,41,117,89,121" hai3="5,59,18,78,29,31,37,70,74,14,25,108,44"/><U100/><E122/><V27/><F117/><W20/><G70/><T125/><D111/><U120/><E120/><V66/><F121/><W55/><G108/><T118/><D118/><U72/><E129/><V102/><F109/><W83/><G37/><T15/><D39/><U6/><E33/><V7/><F133/><W10/><REACH who="3" step="1"/><G44/><REACH who="3" ten="170,250,330,240" step="2"/><T126/><D132/><U23/><E69/><V67/><F46/><W26/><G26/><T22/><D126/><U45/><E134/><V38/><F27/><W30/><G30/><T112/><D28/><U113/><E113/><V52/><F38/><W34/><G34/><T73/><D32/><U104/><E36/><V110/><F110/><W49/><AGARI ba="0,1" hai="5,10,14,18,20,25,29,31,49,55,59,74,78,83" machi="49" ten="20,8000,1" yaku="1,1,0,1,7,1,52,1,53,1" doraHai="1" doraHaiUra="51" who="3" fromWho="3" sc="170,-20,250,-40,330,-20,240,90" /><INIT seed="2,0,0,1,1,68" ten="150,210,310,330" oya="2" hai0="126,64,130,38,127,133,94,100,18,57,104,99,8" hai1="125,113,55,74,39,128,5,95,33,83,45,4,67" hai2="24,119,97,36,105,134,102,53,13,98,48,70,116" hai3="25,47,91,54,86,69,34,89,76,85,31,44,96"/><V26/><F70/><W77/><G69/><T135/><D104/><U66/><E33/><V108/><F134/><W71/><G71/><T22/><D8/><U81/><E113/><V111/><F13/><W62/><G96/><T17/><D64/><U42/><E125/><N who="0" m="47625" /><D57/><U29/><E29/><V46/><F98/><W92/><G47/><T79/><D79/><U49/><E128/><V132/><F132/><N who="0" m="50762" /><D18/><U120/><E66/><V11/><F11/><W65/><G65/><T87/><D87/><U20/><E67/><V12/><F119/><W121/><G121/><T19/><D19/><U90/><E120/><V0/><F116/><W112/><G112/><T60/><D60/><U40/><E4/><V28/><F105/><W115/><G115/><T21/><D21/><U124/><E5/><V41/><F97/><W84/><G84/><T73/><D73/><U88/><E74/><V52/><F28/><W101/><G62/><T129/><D38/><U9/><E39/><V32/><F32/><W43/><G76/><T50/><D50/><U35/><E35/><V61/><F61/><W30/><G77/><T14/><AGARI ba="0,0" hai="14,17,22,94,99,100,129,130" m="50762,47625" machi="14" ten="40,8000,1" yaku="30,2,18,1,20,1" doraHai="68" who="0" fromWho="0" sc="150,80,210,-20,310,-40,330,-20" /><INIT seed="3,0,0,2,5,60" ten="230,190,270,310" oya="3" hai0="93,98,84,57,39,112,120,45,114,68,122,113,78" hai1="30,132,108,131,42,72,22,9,107,106,51,38,69" hai2="8,101,47,117,66,19,32,135,126,1,79,7,17" hai3="77,12,58,83,44,28,61,62,11,124,109,115,36"/><W56/><G115/><T13/><D68/><U133/><E108/><V37/><F117/><W29/><G124/><T121/><D13/><U118/><E38/><V125/><F32/><W73/><G109/><T81/><D57/><U25/><E72/><V54/><F135/><N who="1" m="51785" /><E118/><V129/><F129/><W80/><G83/><T87/><D45/><N who="1" m="26039" /><E131/><V94/><F79/><W31/><G44/><T75/><D39/><U23/><E69/><V64/><F37/><W43/><G43/><T6/><D6/><U100/><E9/><V10/><F10/><W70/><G36/><T16/><D16/><N who="2" m="6218" /><F47/><W103/><G70/><T49/><D49/><U21/><E100/><AGARI ba="0,0" hai="75,78,81,84,87,93,98,100,112,113,114,120,121,122" machi="100" ten="50,8000,1" yaku="11,1,34,3" doraHai="60" who="0" fromWho="1" sc="230,80,190,-80,270,0,310,0" /><INIT seed="4,0,0,4,0,105" ten="310,110,270,310" oya="0" hai0="29,64,122,3,124,69,119,21,42,132,6,129,90" hai1="56,95,14,9,126,97,32,115,77,0,16,33,60" hai2="135,89,80,52,70,113,86,12,102,30,123,50,43" hai3="2,48,134,45,24,109,121,25,10,104,99,131,72"/><T55/><D119/><U120/><E120/><V88/><F123/><W31/><G121/><T4/><D122/><U41/><E126/><V68/><F113/><W19/><G109/><T53/><D124/><U15/><E0/><V36/><F135/><W78/><G134/><T46/><D132/><U67/><E115/><V74/><F74/><W38/><G38/><T54/><D129/><U11/><E41/><V65/><F102/><W8/><G24/><T13/><D3/><U59/><E77/><V128/><F65/><W44/><G44/><T5/><D64/><U18/><REACH who="1" step="1"/><E56/><REACH who="1" ten="310,100,270,310" step="2"/><V7/><F128/><W96/><G78/><T84/><D69/><U34/><E34/><V1/><F1/><W117/><G131/><T63/><D42/><U106/><E106/><V127/><F127/><W81/><G104/><T27/><D46/><U51/><E51/><V76/><F70/><W130/><G48/><T83/><REACH who="0" step="1"/><D63/><REACH who="0" ten="300,100,270,310" step="2"/><U107/><E107/><V40/><F68/><W118/><G45/><T100/><D100/><AGARI ba="0,2" hai="9,11,14,15,16,18,32,33,59,60,67,95,97,100" machi="100" ten="30,12000,2" yaku="1,1,7,1,9,1,54,1,53,2" doraHai="105" doraHaiUra="28" who="1" fromWho="0" sc="300,-120,100,140,270,0,310,0" /><INIT seed="5,0,0,2,1,75" ten="180,240,270,310" oya="1" hai0="66,13,71,69,133,120,43,129,60,28,86,128,2" hai1="73,122,40,58,38,12,112,23,89,79,0,47,125" hai2="49,104,76,5,18,101,30,74,100,98,35,31,42" hai3="56,48,92,53,117,94,24,34,1,123,118,8,14"/><U77/><E122/><V46/><F35/><W131/><G1/><T15/><D2/><U111/><E73/><V50/><F5/><W25/><G131/><N who="0" m="50251" /><D120/><U67/><E0/><V87/><F74/><W54/><G123/><T41/><D71/><U95/><E112/><V102/><F104/><W85/><G53/><T110/><D110/><U52/><E67/><V10/><F98/><W82/><G34/><T116/><D116/><N who="3" m="44649" /><G24/><T55/><D133/><U45/><E45/><V91/><F50/><W109/><G25/><T113/><D113/><U88/><E89/><V33/><F33/><W70/><G70/><T80/><D55/><U37/><E37/><V57/><F57/><W93/><G109/><T26/><D43/><U4/><E125/><V126/><F126/><W36/><G36/><T11/><D41/><U107/><E107/><V6/><F31/><W62/><G48/><T29/><D26/><U78/><E111/><V27/><F30/><N who="0" m="11882" /><D11/><U119/><E119/><V39/><F39/><W121/><G121/><T51/><D51/><N who="1" m="31007" /><E4/><V65/><F65/><W84/><G82/><T114/><D114/><U124/><E124/><V72/><F6/><AGARI ba="0,0" hai="6,8,14,54,56,62,84,85,92,93,94" m="44649" machi="6" ten="30,1000,0" yaku="12,1" doraHai="75" who="3" fromWho="2" sc="180,0,240,0,270,-10,310,10" /><INIT seed="6,0,0,3,3,31" ten="180,240,260,320" oya="2" hai0="21,111,28,100,47,125,46,75,5,4,48,81,64" hai1="6,1,14,109,86,35,56,130,99,123,19,41,129" hai2="18,59,0,10,65,128,11,101,85,90,78,74,116" hai3="82,124,37,26,76,121,51,112,66,40,93,113,24"/><V69/><F116/><W27/><G121/><T79/><D111/><U103/><E109/><V114/><F114/><N who="3" m="44139" /><G124/><T118/><D118/><U3/><E6/><V70/><F101/><W32/><G66/><T54/><D125/><U105/><E35/><V2/><F74/><W60/><G60/><T58/><D100/><U122/><E56/><V107/><F107/><W71/><G71/><T13/><D64/><U68/><E86/><V73/><F73/><W25/><G93/><T83/><D83/><U67/><E41/><V45/><F45/><N who="3" m="26023" /><G37/><T15/><D15/><U29/><E67/><V43/><F43/><W30/><G24/><T16/><D28/><U97/><E29/><V20/><F59/><W98/><G98/><T133/><D133/><U42/><E97/><V115/><F115/><W135/><G135/><T49/><REACH who="0" step="1"/><D58/><REACH who="0" ten="170,240,260,320" step="2"/><U77/><E14/><V95/><F65/><W117/><G117/><T63/><D63/><U62/><E62/><V127/><F127/><W55/><G55/><AGARI ba="0,1" hai="4,5,13,16,21,46,47,48,49,54,55,75,79,81" machi="55" ten="30,7700,0" yaku="1,1,7,1,9,1,54,1,53,0" doraHai="31" doraHaiUra="39" who="0" fromWho="3" sc="170,87,240,0,260,0,320,-77" /><INIT seed="7,0,0,3,0,2" ten="257,240,260,243" oya="3" hai0="64,108,38,4,110,88,13,34,84,71,55,105,58" hai1="114,124,112,122,11,66,10,79,67,62,60,27,44" hai2="52,135,103,117,0,49,113,12,125,119,129,47,57" hai3="25,121,85,109,32,23,70,101,102,86,1,59,131"/><W24/><G121/><T111/><D105/><U87/><E122/><V94/><F0/><W22/><G70/><T81/><D38/><U92/><E27/><V28/><F28/><W56/><G1/><T51/><D34/><U65/><E44/><V14/><F113/><N who="1" m="43625" /><E79/><V43/><F135/><W7/><G131/><T77/><D71/><U99/><E87/><V46/><F129/><W130/><G130/><T93/><D64/><U45/><E45/><V90/><F103/><W104/><G104/><T95/><REACH who="0" step="1"/><D77/><REACH who="0" ten="247,240,260,243" step="2"/><U15/><E66/><V133/><F43/><W132/><G132/><T76/><D76/><U96/><E65/><V29/><F133/><W106/><G106/><T41/><D41/><U107/><E67/><V42/><F42/><W83/><G109/><T19/><D19/><U126/><E107/><V30/><F30/><W75/><G32/><T78/><D78/><U120/><E120/><V31/><F31/><W26/><G75/><T6/><D6/><U50/><E124/><V61/><F29/><W69/><G69/><T91/><D91/><U74/><E74/><V134/><F125/><W68/><G68/><T73/><D73/><U40/><E40/><V63/><F134/><W53/><G7/><T80/><D80/><U123/><E126/><V21/><F94/><W48/><G83/><T115/><D115/><U127/><E123/><V39/><F90/><W118/><G101/><T37/><D37/><U5/><E92/><V116/><F39/><W17/><G102/><T8/><AGARI ba="0,1" hai="4,8,13,51,55,58,81,84,88,93,95,108,110,111" machi="8" ten="40,8000,1" yaku="1,1,0,1,52,1,54,1,53,0" doraHai="2" doraHaiUra="128" who="0" fromWho="0" sc="247,90,240,-20,260,-20,243,-40" owari="337,44.0,220,-18.0,240,4.0,203,-30.0" /></mjloggm>