<mjloggm ver="2.3"><GO type="169" lobby="0"/><UN n0="%E3%81%98%E3%81%9F%E3%81%A3%E3%81%8F" n1="%2D%E6%84%9B%E5%AE%95%E7%B5%B9%E6%81%B5%2D" n2="%E3%81%82%E3%81%A0%E3%81%A4" n3="%68%61%6B%75%72%79%75%75" dan="17,16,16,16" rate="2168.60,2149.88,2150.32,2059.84" sx="M,M,M,M"/><TAIKYOKU oya="0"/><INIT seed="0,0,0,4,5,77" ten="250,250,250,250" oya="0" hai0="73,130,31,34,51,14,96,52,55,66,75,80,24" hai1="72,48,116,89,85,135,87,64,60,114,33,121,109" hai2="28,123,18,90,4,133,88,126,5,46,112,91,0" hai3="54,53,41,10,78,94,17,8,43,25,119,120,23"/><T49/><D130/><U113/><E33/><V9/><F123/><W106/><G106/><T69/><D96/><U92/><E121/><V44/><F126/><W74/><G119/><T105/><D105/><U79/><E116/><V68/><F112/><N who="1" m="43113" /><E109/><V98/><F68/><W117/><G117/><T40/><D14/><U134/><E48/><V36/><F133/><N who="1" m="50697" /><E60/><V108/><F108/><W132/><G120/><T42/><D66/><U21/><E64/><V122/><F36/><W37/><G132/><T22/><D69/><U39/><E21/><V2/><F98/><W3/><G37/><T111/><D111/><U115/><E39/><V102/><F102/><W30/><G8/><T128/><D128/><U67/><E67/><V56/><F56/><W35/><G35/><T16/><D42/><U103/><E103/><V6/><F9/><W38/><G41/><T95/><D40/><U1/><E1/><N who="2" m="619" /><F122/><W81/><G94/><T129/><D129/><U83/><E115/><V70/><F70/><W84/><G3/><T82/><D95/><U12/><E12/><V63/><F63/><W99/><G10/><T65/><D65/><U59/><E59/><V86/><F46/><W32/><G38/><T19/><D19/><U124/><E124/><V26/><F18/><W131/><G43/><T50/><D34/><U7/><E7/><V62/><F44/><W57/><G131/><T93/><D93/><U71/><E71/><V118/><F118/><W45/><G32/><T11/><D11/><U107/><E107/><V127/><F127/><W20/><G17/><T104/><D16/><RYUUKYOKU ba="0,0" sc="250,-10,250,30,250,-10,250,-10" hai1="72,79,83,85,87,89,92" /><INIT seed="1,1,0,2,0,5" ten="240,280,240,240" oya="1" hai0="87,91,0,101,8,48,135,53,43,73,126,109,44" hai1="83,3,112,76,1,75,69,77,34,16,93,42,130" hai2="22,129,113,60,108,17,45,98,111,118,13,61,103" hai3="41,11,81,12,59,46,20,67,122,90,32,84,78"/><U14/><E112/><V62/><F118/><W24/><G122/><T10/><D73/><U72/><E69/><V70/><F113/><W21/><G32/><T27/><D109/><N who="2" m="42058" /><F129/><W66/><G90/><T80/><D135/><U36/><E130/><V40/><F70/><W79/><G79/><T55/><D126/><U123/><E123/><V125/><F125/><W121/><G121/><T95/><D0/><U107/><E107/><N who="2" m="63991" /><F62/><W88/><G78/><T4/><D4/><U102/><E34/><V56/><F56/><W51/><G59/><T132/><D132/><U35/><E35/><V96/><F96/><W65/><REACH who="3" step="1"/><G24/><REACH who="3" ten="240,280,240,230" step="2"/><T29/><D27/><U117/><E76/><V85/><F85/><W2/><G2/><T106/><D106/><U18/><E1/><V100/><F100/><W133/><G133/><T26/><D101/><U28/><E3/><V33/><F33/><W64/><N who="3" m="16384" /><DORA hai="19" /><W63/><G63/><T92/><D26/><U25/><E25/><V7/><F61/><W38/><G38/><T71/><D71/><U115/><E36/><N who="2" m="21639" /><F60/><W82/><G82/><T86/><D80/><U116/><E83/><V31/><F31/><W49/><G49/><T128/><D29/><U89/><E28/><V110/><F110/><W57/><G57/><T74/><D128/><U124/><E102/><V105/><F105/><W119/><G119/><T54/><D74/><U94/><E116/><V114/><F114/><W127/><G127/><T97/><D95/><U131/><E94/><V52/><F22/><W9/><G9/><AGARI ba="1,1" hai="8,9,10,43,44,48,53,54,55,86,87,91,92,97" machi="9" ten="40,8000,1" yaku="8,1,52,3" doraHai="5,19" who="0" fromWho="3" sc="240,93,280,0,240,0,230,-83" /><INIT seed="2,0,0,3,3,22" ten="333,280,240,147" oya="2" hai0="30,58,55,42,38,91,0,104,119,120,23,28,24" hai1="103,6,34,29,124,125,40,98,69,133,47,88,73" hai2="51,78,79,126,123,17,5,114,72,26,70,128,92" hai3="10,57,121,67,116,99,115,81,48,3,113,106,36"/><V19/><F114/><N who="3" m="43531" /><G116/><T8/><D120/><U68/><E73/><V11/><F123/><W82/><G36/><T4/><D104/><U89/><E6/><V56/><F70/><W129/><G121/><T25/><D119/><U37/><E133/><V84/><F126/><N who="1" m="48745" /><E69/><V20/><F128/><W87/><G129/><T66/><D42/><U80/><E80/><N who="3" m="30826" /><G87/><T134/><D134/><U107/><E68/><V44/><F56/><W43/><G43/><T50/><D66/><U14/><E14/><N who="2" m="7391" /><F5/><N who="3" m="1343" /><G48/><T49/><D38/><U46/><E46/><V71/><F71/><W122/><G122/><T54/><D91/><U86/><E86/><V16/><F72/><W1/><G1/><T15/><D0/><U31/><E89/><N who="2" m="53287" /><F19/><W65/><G57/><T101/><D101/><AGARI ba="0,0" hai="65,67,99,101,106" m="1343,30826,43531" machi="101" ten="30,1000,0" yaku="11,1" doraHai="22" who="3" fromWho="0" sc="333,-10,280,0,240,0,147,10" /><INIT seed="3,0,0,3,2,107" ten="323,280,240,157" oya="3" hai0="84,54,39,99,48,104,27,67,7,59,31,53,130" hai1="72,24,89,68,81,116,71,26,2,15,22,102,92" hai2="66,98,64,118,35,117,8,76,23,46,9,80,30" hai3="111,91,113,47,20,103,86,52,70,65,96,55,5"/><W12/><G113/><T49/><D130/><U110/><E2/><V3/><F35/><W90/><G111/><T123/><D123/><U112/><E112/><V33/><F33/><W129/><G129/><T50/><D39/><U115/><E115/><V106/><F46/><W29/><G70/><T41/><D7/><U21/><E15/><V32/><F32/><W18/><G65/><T125/><D125/><U133/><E133/><V135/><F135/><W25/><G5/><T60/><D41/><U10/><E10/><V126/><F126/><W83/><G91/><T58/><D84/><U77/><E102/><V28/><F98/><W87/><G86/><T63/><D99/><U78/><E116/><V88/><F23/><W74/><G47/><T122/><D104/><U108/><E89/><V85/><F106/><W62/><G62/><T128/><D128/><U0/><E0/><V100/><F3/><W94/><REACH who="3" step="1"/><G74/><REACH who="3" ten="323,280,240,147" step="2"/><T34/><D122/><U17/><E108/><V109/><F109/><W1/><G1/><T75/><D75/><U45/><E45/><AGARI ba="0,1" hai="27,31,34,45,48,49,50,53,54,58,59,60,63,67" machi="45" ten="30,1000,0" yaku="7,1" doraHai="107" who="0" fromWho="1" sc="323,20,280,-10,240,0,147,0" /><INIT seed="4,0,0,1,0,58" ten="343,270,240,147" oya="0" hai0="110,32,29,100,27,84,79,17,111,4,68,55,14" hai1="2,127,24,112,63,73,70,85,37,106,38,53,44" hai2="28,99,118,77,130,35,50,8,125,10,15,87,128" hai3="93,83,46,30,60,74,134,89,90,43,3,119,13"/><T103/><D68/><U82/><E127/><V36/><F36/><W62/><G3/><T98/><D4/><U49/><E106/><V33/><F125/><W39/><G119/><T116/><D116/><U42/><E73/><V0/><F118/><W72/><G134/><T76/><D55/><U81/><E2/><V16/><F99/><W22/><G74/><T135/><D135/><U107/><E107/><V115/><F50/><W40/><G43/><T78/><D84/><U105/><E105/><V61/><F115/><W7/><G30/><T45/><D45/><U92/><E112/><V69/><F77/><W75/><G75/><T109/><REACH who="0" step="1"/><D98/><REACH who="0" ten="333,270,240,147" step="2"/><U122/><E70/><V129/><F87/><W88/><G93/><T54/><D54/><U101/><E85/><V57/><F69/><W56/><G56/><T124/><D124/><U96/><E92/><V97/><F97/><W52/><G52/><T121/><D121/><U19/><E96/><V131/><F131/><W11/><REACH who="3" step="1"/><G22/><AGARI ba="0,1" hai="14,17,22,27,29,32,76,78,79,100,103,109,110,111" machi="22" ten="50,4800,0" yaku="1,1,10,1,53,0" doraHai="58" doraHaiUra="132" who="0" fromWho="3" sc="333,58,270,0,240,0,147,-48" /><INIT seed="4,1,0,5,1,24" ten="391,270,240,99" oya="0" hai0="95,49,123,64,127,52,37,132,81,124,57,68,88" hai1="75,122,1,40,69,126,78,120,101,115,14,54,116" hai2="96,61,53,109,41,11,19,131,15,92,63,118,85" hai3="94,18,80,16,55,44,130,119,26,91,33,133,98"/><T39/><D123/><U48/><E1/><V0/><F131/><W51/><G119/><T35/><D132/><U97/><E116/><V66/><F109/><W111/><G111/><T76/><D64/><U128/><E128/><V93/><F118/><W45/><G130/><T58/><D58/><U108/><E108/><V13/><F0/><W105/><G133/><T27/><D68/><U90/><E69/><V89/><F41/><W31/><G105/><T70/><D70/><U29/><E126/><N who="0" m="48169" /><D81/><U9/><E40/><V38/><F38/><W62/><G45/><T117/><D76/><U12/><E78/><V47/><F66/><W79/><REACH who="3" step="1"/><G62/><REACH who="3" ten="391,270,240,89" step="2"/><T5/><D117/><U113/><E120/><V110/><F110/><W114/><G114/><T82/><D82/><U50/><E115/><V83/><F92/><W4/><G4/><T10/><D5/><U71/><E113/><V22/><F47/><W28/><G28/><N who="0" m="19871" /><D10/><U21/><E9/><V8/><F8/><W25/><G25/><T46/><D46/><U134/><E134/><V125/><F125/><W60/><G60/><T6/><D6/><U74/><E122/><V87/><F83/><W32/><G32/><T59/><D59/><U86/><E71/><V23/><F63/><W77/><G77/><T84/><AGARI ba="1,1" hai="37,39,49,52,57,84,88,95" m="19871,48169" machi="84" ten="30,11700,0" yaku="18,1,52,1,54,2" doraHai="24" who="0" fromWho="0" sc="391,130,270,-40,240,-40,89,-40" /><INIT seed="4,2,0,1,0,31" ten="521,230,200,49" oya="0" hai0="80,49,73,71,69,30,10,92,120,100,6,74,107" hai1="13,81,95,45,48,34,125,88,79,122,5,134,60" hai2="58,20,131,14,70,29,15,51,4,129,18,41,11" hai3="33,118,91,36,57,40,114,113,111,25,66,101,82"/><T112/><D120/><U56/><E122/><V93/><F70/><W87/><G111/><T90/><D30/><U50/><E34/><V16/><F93/><W9/><G118/><T35/><D35/><U109/><E125/><V75/><F75/><W84/><G101/><T108/><D112/><U26/><E134/><V3/><F58/><W28/><G9/><T96/><D49/><U98/><E26/><N who="2" m="16583" /><F41/><W61/><REACH who="3" step="1"/><G84/><REACH who="3" ten="521,230,200,39" step="2"/><T0/><D108/><U8/><E109/><V94/><F94/><W12/><G12/><N who="2" m="4649" /><F51/><W127/><G127/><T135/><D74/><U59/><E50/><V103/><F103/><W86/><G86/><N who="0" m="52311" /><D135/><U83/><E60/><V42/><F42/><W68/><G68/><T22/><D71/><U106/><E106/><V102/><F102/><W17/><G17/><AGARI ba="2,1" hai="3,4,11,16,17,18,129,131" m="4649,16583" machi="17" ten="30,3900,0" yaku="34,2,54,1" doraHai="31" who="2" fromWho="3" sc="521,0,230,0,200,55,39,-45" owari="521,62.0,230,-17.0,255,6.0,-6,-51.0" /></mjloggm>