<mjloggm ver="2.3"><GO type="185" lobby="0"/><UN n0="%E3%83%8F%E3%82%A4%E3%82%AD%E3%83%A5%E3%83%BC%21%21" n1="%E5%85%A5%E5%B7%A3%E6%9F%9A%E5%AE%9F" n2="%E6%A8%BD%E3%81%AA%E3%81%AE%E5%A3%8A%E3%81%95%E3%81%AA%E3%81%84%E3%81%A7" n3="" dan="16,16,18,0" rate="2140.23,2233.61,2283.53,1500.00" sx="M,F,M,C"/><TAIKYOKU oya="0"/><INIT seed="0,0,0,2,3,47" ten="350,350,350,0" oya="0" hai0="86,109,82,40,110,116,33,128,69,0,113,117,102" hai1="34,77,133,38,36,127,75,98,32,79,53,2,107" hai2="49,35,3,135,63,99,37,96,101,78,120,125,114" hai3=""/><T95/><D113/><U126/><E107/><V123/><N who="2" m="30752" /><V58/><N who="2" m="31520" /><V129/><F37/><T87/><D0/><U70/><E70/><V119/><F3/><T41/><D33/><U48/><E2/><V100/><F114/><T89/><D69/><U64/><E64/><V124/><F35/><T134/><D134/><U111/><E111/><N who="0" m="42505" /><D128/><U74/><E98/><N who="2" m="37419" /><F78/><T81/><D102/><U54/><REACH who="1" step="1"/><E48/><REACH who="1" ten="350,340,350,0" step="2"/><V92/><F49/><T122/><N who="0" m="31264" /><T45/><D41/><U112/><E112/><V88/><F129/><T73/><D73/><U71/><E71/><V67/><F135/><AGARI ba="0,1" hai="32,34,36,38,53,54,74,75,77,79,126,127,133,135" machi="135" ten="25,8000,1" yaku="1,1,22,2,53,2" doraHai="47" doraHaiUra="131" who="1" fromWho="2" sc="350,0,340,90,350,-80,0,0" /><INIT seed="1,0,0,3,4,100" ten="350,430,270,0" oya="1" hai0="76,112,74,103,59,40,126,39,104,57,37,124,79" hai1="3,1,134,33,61,92,133,85,62,0,130,58,41" hai2="72,127,75,73,107,123,121,55,135,60,93,54,115" hai3=""/><U113/><E113/><V99/><N who="2" m="31008" /><V70/><N who="2" m="31520" /><V38/><F115/><T91/><D112/><U89/><E33/><V80/><F135/><N who="1" m="51721" /><E130/><V102/><F127/><T35/><D35/><U56/><E41/><V110/><F110/><T105/><D91/><U97/><E85/><V52/><F38/><T69/><D103/><U45/><E45/><V34/><F34/><T96/><D40/><U32/><E32/><V82/><REACH who="2" step="1"/><F93/><REACH who="2" ten="350,430,260,0" step="2"/><T116/><D126/><U81/><E3/><V67/><AGARI ba="0,1" hai="52,54,55,60,67,70,72,73,75,80,82,99,102,107" m="31520,31008" machi="67" ten="40,12000,3" yaku="1,1,2,1,0,1,52,3,54,1,53,3" doraHai="100" doraHaiUra="106" who="2" fromWho="2" sc="350,-40,430,-80,260,130,0,0" /><INIT seed="2,0,0,5,4,132" ten="310,350,390,0" oya="2" hai0="117,114,78,40,42,123,133,101,65,105,106,2,135" hai1="44,74,69,126,91,84,115,128,55,79,75,35,71" hai2="98,107,61,77,64,93,129,96,53,0,109,94,54" hai3=""/><V130/><F0/><T68/><N who="0" m="31520" /><T131/><D2/><U60/><E115/><V51/><F77/><T120/><N who="0" m="30752" /><T62/><D117/><U104/><E35/><V113/><F113/><T124/><D114/><U83/><E128/><V92/><F109/><T37/><D131/><N who="2" m="50186" /><F107/><T134/><D124/><U1/><E1/><V73/><F73/><T86/><D37/><U95/><E75/><V33/><F33/><T52/><D52/><N who="2" m="20074" /><F51/><T121/><N who="0" m="31008" /><T119/><D119/><U38/><E126/><V88/><F98/><T82/><D101/><U97/><E38/><V46/><F46/><T43/><AGARI ba="0,0" hai="40,42,43,62,65,68,78,82,86,105,106,133,134,135" m="31008,30752,31520" machi="43" ten="40,6000,1" yaku="0,1,20,1,52,3" doraHai="132" who="0" fromWho="0" sc="310,60,350,-20,390,-40,0,0" /><INIT seed="4,0,0,1,0,66" ten="370,330,350,0" oya="0" hai0="0,79,94,85,44,69,50,74,93,75,54,92,48" hai1="65,57,126,96,90,118,134,125,76,3,39,71,84" hai2="106,116,122,107,87,38,45,41,91,1,135,115,101" hai3=""/><T36/><D0/><U103/><E118/><V105/><N who="2" m="31264" /><V68/><F1/><T112/><D112/><U37/><E3/><V43/><F116/><T89/><D36/><U114/><E134/><V120/><N who="2" m="30752" /><V42/><F135/><T49/><D69/><U78/><E114/><V98/><F68/><T64/><D64/><U127/><E78/><V60/><F60/><T111/><D111/><U121/><N who="1" m="31008" /><U129/><E76/><V113/><F115/><T86/><D79/><U119/><E119/><V35/><F35/><T77/><D77/><U83/><E129/><V110/><F110/><T62/><D86/><U51/><E71/><V104/><REACH who="2" step="1"/><F113/><REACH who="2" ten="370,330,340,0" step="2"/><T73/><REACH who="0" step="1"/><D62/><REACH who="0" ten="360,330,340,0" step="2"/><U46/><E125/><V133/><F133/><T132/><D132/><U117/><E126/><V67/><F67/><T33/><D33/><U123/><E117/><V59/><F59/><T34/><D34/><U131/><E127/><V58/><F58/><T80/><AGARI ba="0,2" hai="44,48,49,50,54,73,74,75,80,85,89,92,93,94" machi="80" ten="40,2600,0" yaku="1,1,0,1,53,0" doraHai="66" doraHaiUra="128" who="0" fromWho="0" sc="360,46,330,-13,340,-13,0,0" /><INIT seed="4,1,0,5,4,45" ten="406,317,327,0" oya="0" hai0="112,76,79,44,109,61,33,94,39,98,119,107,111" hai1="63,83,51,0,110,106,113,100,128,53,50,88,47" hai2="43,70,99,134,3,68,55,37,129,75,126,35,52" hai3=""/><T124/><D33/><U127/><E110/><V56/><F75/><T123/><N who="0" m="31520" /><T135/><D119/><U104/><E0/><V121/><N who="2" m="31008" /><V58/><F3/><T120/><N who="0" m="30752" /><T41/><D112/><U60/><E128/><V95/><F129/><T96/><D135/><U67/><E127/><V65/><F126/><T69/><D124/><U81/><E63/><V36/><F35/><T38/><D38/><U90/><E113/><V78/><F78/><T77/><D107/><U46/><E100/><V118/><F118/><T103/><REACH who="0" step="1"/><D96/><REACH who="0" ten="396,317,327,0" step="2"/><U42/><E106/><V93/><F99/><T91/><D91/><U66/><E104/><V34/><F34/><T101/><D101/><U122/><N who="1" m="31264" /><U89/><REACH who="1" step="1"/><E67/><AGARI ba="1,1" hai="39,41,44,61,67,69,76,77,79,94,98,103,109,111" m="30752,31520" machi="67" ten="40,7700,0" yaku="1,1,52,2,53,0" doraHai="45" doraHaiUra="108" who="0" fromWho="1" sc="396,89,317,-79,327,0,0,0" /><INIT seed="4,2,0,2,4,44" ten="485,238,327,0" oya="0" hai0="108,96,118,104,114,128,40,66,94,132,50,93,120" hai1="73,70,135,75,67,82,3,121,95,71,85,53,99" hai2="77,115,106,107,124,34,113,78,125,116,61,57,41" hai3=""/><T59/><N who="0" m="30752" /><T65/><D118/><U89/><N who="1" m="31008" /><U74/><E3/><V101/><F34/><T63/><D114/><N who="2" m="43530" /><F41/><T62/><D132/><U103/><E135/><V111/><F111/><T68/><D108/><U98/><E67/><V130/><F130/><T79/><D128/><U129/><E129/><V42/><F42/><T87/><D104/><N who="2" m="39978" /><F101/><T56/><D68/><U122/><N who="1" m="31264" /><U49/><REACH who="1" step="1"/><E99/><REACH who="1" ten="485,228,327,0" step="2"/><V64/><F116/><T80/><D96/><U46/><AGARI ba="2,1" hai="46,49,53,70,71,73,74,75,82,85,89,95,98,103" m="31264,31008" machi="46" ten="30,9000,2" yaku="1,1,2,1,0,1,52,3,53,0" doraHai="44" doraHaiUra="52" who="1" fromWho="1" sc="485,-62,228,104,327,-32,0,0" /><INIT seed="5,0,0,1,3,102" ten="423,332,295,0" oya="1" hai0="85,36,78,93,107,73,124,52,67,66,56,0,3" hai1="126,39,75,101,116,44,63,45,65,69,88,99,132" hai2="70,74,80,110,57,111,91,90,123,40,82,122,118" hai3=""/><U134/><E116/><V133/><N who="2" m="31264" /><V47/><N who="2" m="31520" /><V37/><F70/><T98/><D124/><U114/><E114/><V77/><F118/><T135/><D135/><U129/><E129/><V115/><F133/><N who="1" m="51305" /><E75/><V64/><F115/><T41/><D73/><U79/><E79/><V51/><F82/><T128/><D128/><U131/><E131/><V43/><F43/><T42/><D78/><U50/><E39/><V113/><F113/><T117/><D117/><U130/><E130/><V87/><F64/><T112/><D67/><U83/><E50/><V96/><F96/><T48/><D98/><U125/><E88/><V120/><N who="2" m="30752" /><V49/><F49/><T59/><D48/><U92/><E83/><V53/><REACH who="2" step="1"/><F74/><REACH who="2" ten="423,332,285,0" step="2"/><T104/><D112/><U60/><E60/><V84/><F84/><T106/><D85/><U61/><E61/><V97/><F97/><T127/><D127/><AGARI ba="0,1" hai="44,45,63,65,69,92,99,101,125,126,127" m="51305" machi="127" ten="30,2900,0" yaku="18,1,20,1" doraHai="102" who="1" fromWho="0" sc="423,-29,332,39,285,0,0,0" /><INIT seed="5,1,0,3,3,135" ten="394,371,285,0" oya="1" hai0="61,108,50,48,112,66,65,1,71,43,100,119,131" hai1="77,102,38,124,36,54,109,129,113,2,46,84,81" hai2="67,103,45,34,99,68,78,90,117,133,74,95,59" hai3=""/><U107/><E2/><V63/><F34/><T118/><D1/><U62/><E113/><V121/><N who="2" m="31008" /><V33/><F33/><T94/><D108/><U125/><E129/><V37/><F117/><T80/><D131/><U47/><E109/><V114/><F133/><T104/><D104/><U69/><E102/><V132/><F132/><T128/><D128/><U70/><E107/><V92/><F74/><T56/><D112/><U55/><E47/><V60/><F78/><T52/><D80/><U82/><E82/><V88/><F114/><T40/><D94/><U96/><E96/><V130/><F130/><T79/><D79/><U0/><E0/><V101/><F37/><N who="1" m="14441" /><E46/><V49/><F45/><T89/><D100/><U42/><E42/><V126/><F101/><T83/><D40/><U57/><E55/><V91/><F95/><T134/><D134/><U53/><E53/><V41/><F41/><T106/><D106/><U51/><E62/><V98/><F98/><T44/><D119/><U73/><E73/><V110/><F110/><T127/><D118/><U123/><N who="1" m="31520" /><U76/><E76/><V39/><F39/><T97/><D43/><U72/><E72/><V111/><F111/><T32/><D97/><U85/><E85/><RYUUKYOKU ba="1,0" sc="394,-10,371,20,285,-10,0,0" hai1="51,54,57,69,70,77,81,84,124,125" /><INIT seed="5,2,0,0,0,42" ten="384,391,275,0" oya="1" hai0="66,70,48,79,36,128,110,51,47,123,88,57,83" hai1="132,64,39,3,111,74,92,63,67,116,0,86,109" hai2="106,41,75,134,102,103,56,118,59,114,53,100,115" hai3=""/><U97/><E116/><V127/><F118/><T122/><N who="0" m="31264" /><T95/><N who="0" m="31520" /><T35/><D110/><N who="1" m="41995" /><E74/><V124/><F106/><T91/><D128/><U131/><E131/><V93/><F75/><T62/><D35/><U99/><E39/><V37/><F134/><T130/><D130/><U94/><E86/><V44/><F93/><N who="1" m="35945" /><E132/><V69/><F69/><T126/><D126/><N who="2" m="48170" /><F53/><T52/><D36/><U76/><E76/><V72/><F72/><T119/><D95/><U78/><E78/><V1/><F1/><N who="1" m="585" /><E67/><V80/><F80/><T77/><D77/><U43/><E43/><V112/><AGARI ba="2,0" hai="37,41,44,56,59,100,102,103,112,114,115" m="48170" machi="112" ten="40,6000,1" yaku="15,1,11,1,18,1,52,1" doraHai="42" who="2" fromWho="2" sc="384,-22,391,-42,275,64,0,0" /><INIT seed="6,0,0,1,2,124" ten="362,349,339,0" oya="2" hai0="120,75,38,65,101,34,111,89,92,98,91,46,82" hai1="95,105,66,76,83,128,32,80,123,112,60,127,70" hai2="117,74,50,44,68,114,72,103,90,47,56,62,130" hai3=""/><V67/><F117/><T116/><N who="0" m="30752" /><T84/><D111/><U133/><N who="1" m="31520" /><U118/><E105/><V88/><F114/><T87/><D34/><U54/><E112/><V59/><F103/><T33/><D33/><U51/><E32/><V37/><F130/><T109/><D109/><U49/><E133/><V3/><F3/><T131/><D116/><U97/><E127/><V55/><F59/><T122/><N who="0" m="31264" /><T110/><D110/><U2/><E128/><V93/><F90/><T64/><D75/><U39/><E39/><V119/><F47/><T52/><D131/><U1/><E51/><V107/><F107/><T61/><D38/><U53/><E53/><V126/><F126/><T35/><D35/><U79/><E79/><V69/><F119/><T132/><D132/><U58/><E118/><V41/><F69/><T36/><D36/><U45/><E70/><V78/><F78/><T42/><D42/><U71/><E71/><V106/><F106/><T104/><D46/><U125/><E125/><V100/><F100/><T134/><D134/><U85/><REACH who="1" step="1"/><E83/><REACH who="1" ten="362,339,339,0" step="2"/><V129/><F129/><T115/><D115/><U48/><E48/><V99/><AGARI ba="0,1" hai="37,41,44,50,55,56,62,67,68,72,74,88,93,99" machi="99" ten="20,8000,1" yaku="0,1,7,1,24,2,54,1" doraHai="124" who="2" fromWho="2" sc="362,-40,339,-40,339,90,0,0" owari="322,-8.0,299,-30.0,429,38.0,0,0.0" /></mjloggm>