<mjloggm ver="2.3"><GO type="169" lobby="0"/><UN n0="%E6%84%9B%E3%81%A8%E6%AD%A3%E7%BE%A9" n1="%6E%69%6B%6B%61%31%31%38" n2="%E7%94%98%E5%A4%8F%E3%81%BF%E3%81%8B%E3%82%93" n3="%E7%B4%AB%E3%81%AE%E9%8F%A1" dan="18,16,16,18" rate="2195.70,2059.76,2114.24,2272.34" sx="F,M,M,M"/><TAIKYOKU oya="0"/><INIT seed="0,0,0,4,4,89" ten="250,250,250,250" oya="0" hai0="114,54,65,72,80,84,43,82,122,20,21,125,74" hai1="115,12,38,110,113,119,5,100,133,44,42,135,123" hai2="46,131,104,16,95,58,7,91,97,9,132,24,73" hai3="36,39,69,112,75,25,111,28,1,129,11,22,128"/><T6/><D122/><U116/><E5/><V108/><F73/><W37/><G112/><N who="1" m="43082" /><E12/><V26/><F108/><W71/><G75/><T56/><D114/><U106/><E106/><V55/><F104/><W3/><G111/><T85/><D125/><U48/><E100/><V130/><F132/><N who="1" m="50761" /><E110/><V99/><F46/><W14/><G1/><T98/><D6/><U121/><E48/><V60/><F99/><W0/><G3/><T107/><D98/><U57/><E57/><V35/><F35/><W86/><G86/><T2/><D107/><U45/><E45/><V109/><F109/><W17/><REACH who="3" step="1"/><G0/><REACH who="3" ten="250,250,250,240" step="2"/><T63/><D2/><U34/><E34/><V126/><F126/><W102/><G102/><T124/><D124/><U47/><E47/><V67/><F97/><W64/><G64/><T23/><D65/><U29/><E29/><V18/><F67/><W94/><G94/><T62/><D74/><U81/><E81/><V8/><F95/><W101/><G101/><T90/><D72/><U4/><E4/><V40/><F7/><W52/><G52/><T19/><D80/><U118/><AGARI ba="0,1" hai="38,42,44,116,118,119,121,123" m="50761,43082" machi="118" ten="40,8000,1" yaku="11,1,20,1,23,1,34,2" doraHai="89" who="1" fromWho="1" sc="250,-40,250,90,250,-20,240,-20" /><INIT seed="1,0,0,4,3,24" ten="210,340,230,220" oya="1" hai0="90,134,47,3,64,20,77,33,66,117,4,84,52" hai1="56,78,96,41,63,36,53,119,17,35,92,118,131" hai2="49,129,50,121,58,28,85,61,83,31,71,88,130" hai3="8,99,115,105,126,1,108,125,93,46,79,104,127"/><U2/><E2/><V133/><F121/><W19/><G115/><T25/><D117/><U39/><E131/><N who="2" m="50187" /><F133/><W37/><G79/><T107/><D33/><U87/><E35/><V5/><F5/><N who="3" m="1071" /><G108/><T135/><D107/><U67/><E36/><V26/><F26/><W27/><G37/><T72/><D77/><U62/><E39/><V44/><F71/><W40/><G40/><T34/><D72/><U6/><E6/><V122/><F122/><W29/><G46/><T7/><D34/><U18/><E41/><N who="2" m="24719" /><F50/><W22/><G19/><T106/><D3/><U42/><E42/><V60/><F60/><W116/><G116/><T102/><D134/><U120/><E120/><V100/><F100/><AGARI ba="0,0" hai="22,27,29,93,99,100,104,105,125,126,127" m="1071" machi="100" ten="30,2000,0" yaku="18,1,52,1" doraHai="24" who="3" fromWho="2" sc="210,0,340,0,230,-20,220,20" /><INIT seed="2,0,0,3,1,110" ten="210,340,210,240" oya="2" hai0="131,6,61,56,53,30,44,117,81,103,119,69,118" hai1="54,58,26,90,92,115,52,22,130,72,91,107,5" hai2="87,82,135,93,8,45,84,75,68,85,57,25,48" hai3="125,16,7,101,124,31,122,89,64,0,127,79,13"/><V37/><F68/><W104/><G122/><T28/><D131/><U73/><E107/><V113/><F135/><W29/><G79/><T123/><D123/><U40/><E40/><V65/><F37/><W121/><G121/><T20/><D69/><U128/><E5/><V70/><F70/><W116/><G64/><T38/><D103/><U96/><E22/><V66/><F113/><W126/><G116/><T112/><D112/><U50/><E26/><V67/><F93/><W98/><N who="3" m="31744" /><DORA hai="80" /><W9/><REACH who="3" step="1"/><G89/><REACH who="3" ten="210,340,210,230" step="2"/><T83/><D118/><U49/><E115/><V109/><F109/><W18/><G18/><T102/><D117/><U35/><E91/><V100/><F100/><W24/><G24/><T55/><D119/><U108/><E108/><V114/><F114/><W12/><G12/><T4/><D28/><U14/><E14/><V95/><F25/><W111/><G111/><T32/><D30/><U33/><E130/><V76/><F95/><W129/><G129/><T19/><D19/><U78/><E128/><V86/><N who="2" m="21504" /><DORA hai="133" /><V97/><F97/><W77/><G77/><T34/><D102/><U106/><E90/><V3/><F3/><W88/><G88/><T21/><D83/><U11/><E92/><V39/><F66/><W42/><G42/><T62/><D81/><U27/><E78/><V23/><F67/><W132/><G132/><T134/><D134/><U2/><E27/><V46/><F65/><W17/><G17/><T120/><D120/><U59/><E2/><V63/><F76/><W99/><G99/><T1/><D1/><U94/><E96/><RYUUKYOKU ba="0,1" sc="210,-10,340,-10,210,-10,230,30" hai3="0,7,9,13,16,29,31,98,101,104" /><INIT seed="3,1,1,1,4,14" ten="200,330,200,260" oya="3" hai0="81,15,120,2,33,113,103,88,99,43,30,35,25" hai1="93,115,61,127,50,89,40,79,46,54,19,67,71" hai2="4,44,72,42,10,132,13,84,101,55,27,80,22" hai3="76,117,102,135,20,7,134,26,94,125,104,53,65"/><W51/><G117/><T57/><D120/><U123/><E127/><V106/><F132/><N who="3" m="50731" /><G125/><T45/><D2/><U90/><E115/><V97/><F72/><W95/><G65/><T68/><D68/><U24/><E79/><V75/><F75/><W110/><G7/><T119/><D119/><U124/><E123/><V129/><F129/><W121/><G76/><T105/><D57/><U69/><E69/><V9/><F55/><W63/><G63/><T92/><D81/><U28/><E124/><V86/><F10/><W126/><G110/><T38/><D15/><U107/><E107/><V41/><F80/><W5/><G5/><T64/><D64/><U8/><E40/><V36/><REACH who="2" step="1"/><F41/><REACH who="2" ten="200,330,190,260" step="2"/><W16/><G126/><T52/><D52/><U21/><E67/><V128/><F128/><W17/><G121/><T77/><D113/><U96/><E71/><V130/><F130/><W78/><G78/><T108/><D77/><U83/><E61/><V131/><F131/><W49/><G53/><T74/><D74/><U34/><E8/><V109/><F109/><W60/><G60/><T100/><D108/><U70/><E70/><V23/><F23/><N who="3" m="13671" /><G104/><T37/><D105/><U73/><E73/><V62/><F62/><W31/><G95/><T47/><D33/><U12/><E83/><V133/><F133/><W112/><G112/><T82/><D82/><U56/><E56/><V3/><F3/><W66/><G66/><T59/><D59/><U32/><E32/><V1/><F1/><W85/><G94/><T87/><D87/><U39/><E93/><V111/><F111/><RYUUKYOKU ba="1,2" sc="200,15,330,-15,190,15,260,-15" hai0="25,30,35,37,38,43,45,47,88,92,99,100,103" hai2="4,9,13,22,27,36,42,44,84,86,97,101,106" /><INIT seed="4,2,2,2,0,112" ten="215,315,205,245" oya="0" hai0="113,131,1,99,108,26,66,67,84,48,2,116,94" hai1="97,58,98,72,3,111,65,103,6,95,45,64,29" hai2="92,110,74,52,13,96,24,86,132,109,27,125,91" hai3="107,77,119,7,56,68,104,21,47,127,114,20,117"/><T128/><D113/><U124/><E72/><V126/><F74/><W11/><G68/><T60/><D116/><U50/><E29/><V134/><F13/><W22/><G114/><T10/><D108/><U33/><E33/><V25/><F96/><W16/><G77/><T123/><D123/><U88/><E124/><N who="2" m="47723" /><F52/><W18/><G56/><T102/><D67/><U46/><E3/><V87/><F87/><W57/><G57/><N who="0" m="37135" /><D26/><U53/><E6/><V51/><F51/><W32/><G47/><T62/><D62/><U42/><E111/><AGARI ba="2,2" hai="24,25,27,86,91,92,109,110,111,132,134" m="47723" machi="111" ten="40,1300,0" yaku="18,1" doraHai="112" who="2" fromWho="1" sc="215,0,315,-19,205,39,245,0" /><INIT seed="5,0,0,3,4,23" ten="215,296,244,245" oya="1" hai0="118,4,5,84,83,96,32,31,75,25,132,62,103" hai1="130,134,8,69,44,26,80,46,105,76,129,9,102" hai2="73,93,87,40,119,60,41,117,67,30,108,29,115" hai3="79,71,111,89,21,68,16,98,57,88,135,27,53"/><U56/><E69/><V59/><F108/><W133/><G111/><T24/><D118/><U92/><E105/><V19/><F73/><W15/><G79/><T37/><D75/><U61/><E134/><N who="3" m="51210" /><G15/><T112/><D132/><U116/><E116/><V13/><F119/><W1/><G1/><T33/><D37/><U113/><E113/><V54/><F115/><W34/><G34/><T122/><D62/><U14/><E102/><V127/><F127/><W52/><G53/><T45/><D45/><U43/><E92/><V63/><F117/><W2/><G2/><T124/><D112/><U125/><E80/><V58/><F41/><W48/><G98/><T95/><D122/><U77/><E14/><V99/><F40/><W128/><G128/><T90/><D124/><U78/><E125/><V70/><F87/><W86/><G88/><T55/><D55/><U85/><E85/><V6/><F6/><W91/><G91/><T110/><D110/><U109/><E77/><V81/><F81/><AGARI ba="0,0" hai="16,21,27,48,52,57,68,71,81,86,89" m="51210" machi="81" ten="30,7700,0" yaku="20,1,52,1,54,2" doraHai="23" who="3" fromWho="2" sc="215,0,296,0,244,-77,245,77" /><INIT seed="6,0,0,1,0,93" ten="215,296,167,322" oya="2" hai0="52,104,26,103,32,85,58,108,95,83,42,102,22" hai1="131,128,36,0,118,29,12,113,16,9,109,126,112" hai2="38,5,120,87,57,23,35,25,130,123,62,86,75" hai3="132,55,114,125,34,41,18,24,98,92,71,49,44"/><V129/><F75/><W15/><G71/><T13/><D108/><U72/><E72/><V121/><F38/><W101/><G132/><T68/><D68/><U53/><E36/><V69/><F35/><W4/><G4/><T97/><D32/><U59/><E109/><V110/><F69/><W107/><G125/><T119/><D42/><U40/><E40/><V94/><F5/><W8/><G114/><N who="1" m="44138" /><E0/><V91/><F87/><W14/><G14/><T124/><D124/><U2/><E2/><V77/><F77/><W47/><G107/><T61/><D13/><U76/><E76/><V1/><F1/><W10/><G24/><T56/><D56/><U20/><E118/><V64/><REACH who="2" step="1"/><F110/><REACH who="2" ten="215,296,157,322" step="2"/><W116/><G34/><T54/><D119/><U99/><E126/><V117/><F117/><W11/><G116/><T74/><D74/><U80/><E128/><V7/><F7/><W60/><G60/><T82/><D85/><U28/><E131/><V6/><F6/><W27/><G27/><T17/><REACH who="0" step="1"/><D54/><REACH who="0" ten="205,296,157,322" step="2"/><U105/><E53/><V63/><F63/><W39/><AGARI ba="0,2" hai="8,10,11,15,18,39,41,44,47,49,55,92,98,101" machi="39" ten="20,2700,0" yaku="0,1,7,1,52,1" doraHai="93" who="3" fromWho="3" sc="205,-7,296,-7,157,-13,322,47" /><INIT seed="7,0,0,4,2,59" ten="198,289,144,369" oya="3" hai0="81,49,93,129,128,68,51,87,69,39,33,66,26" hai1="58,134,115,96,46,116,112,91,103,75,72,133,89" hai2="109,29,37,53,102,4,84,122,132,28,20,23,94" hai3="67,62,95,83,47,52,99,106,12,113,30,42,120"/><W8/><G106/><T18/><D39/><U43/><E58/><V22/><F109/><W80/><G52/><T107/><D107/><N who="1" m="63975" /><E46/><V79/><F122/><W25/><G12/><T126/><D93/><U35/><E43/><V41/><F132/><N who="1" m="50793" /><E35/><V114/><F114/><N who="1" m="43561" /><E116/><V5/><F41/><W40/><G40/><T121/><D33/><U17/><E17/><V44/><F37/><W123/><G113/><T56/><D18/><U32/><E32/><V86/><F44/><W63/><G47/><T36/><D56/><U98/><E98/><V16/><F53/><W31/><G99/><T131/><D68/><U6/><E6/><V50/><F50/><W125/><G42/><T74/><D69/><U70/><E70/><V2/><F2/><W57/><G57/><T1/><D51/><U117/><E117/><V34/><F34/><W45/><G45/><T10/><D49/><U15/><E15/><V124/><F124/><W14/><G125/><T108/><D126/><U110/><E110/><V21/><F102/><W13/><G14/><T111/><D108/><U3/><E3/><V78/><F94/><W82/><G95/><T130/><D111/><U7/><E7/><N who="2" m="2635" /><F16/><W104/><G104/><T101/><D129/><U38/><E38/><V9/><N who="2" m="5120" /><DORA hai="65" /><V77/><F9/><W85/><G8/><T118/><D130/><U100/><E100/><V55/><F55/><W11/><G11/><T105/><D10/><U135/><N who="1" m="50801" /><U71/><DORA hai="27" /><E71/><V127/><F127/><W61/><G13/><T97/><D128/><U24/><E75/><V64/><F64/><RYUUKYOKU ba="0,0" sc="198,-10,289,-10,144,30,369,-10" hai2="28,29,77,78,79,84,86" owari="188,-21.0,279,8.0,174,-33.0,359,46.0" /></mjloggm>