<mjloggm ver="2.3"><GO type="169" lobby="0"/><UN n0="%63%6C%75%74%63%68%37%33" n1="%52%6F%6E%E6%B0%8F" n2="%E3%83%AA%E3%83%BC%E3%83%95%E3%82%A3%E3%82%A2" n3="%E8%91%B5%E3%81%A1%E3%82%83%E3%82%93" dan="17,16,16,17" rate="2183.67,2151.46,2120.63,2194.26" sx="M,M,F,M"/><TAIKYOKU oya="0"/><INIT seed="0,0,0,1,0,81" ten="250,250,250,250" oya="0" hai0="0,15,74,114,69,65,113,97,88,117,34,57,123" hai1="64,101,45,12,53,83,33,32,56,104,66,111,95" hai2="134,73,42,40,76,30,122,26,19,9,94,98,43" hai3="50,4,59,18,77,129,6,120,52,8,14,135,84"/><T3/><D123/><U132/><E132/><V124/><F122/><W22/><G120/><T46/><D117/><U47/><E104/><V92/><F124/><W41/><G135/><T102/><D74/><U23/><E111/><V128/><F128/><W49/><G129/><T17/><D34/><U35/><E83/><V93/><F73/><W106/><G106/><T75/><D75/><U36/><E36/><V119/><F119/><W38/><G38/><T71/><D0/><U29/><E45/><V125/><F76/><W13/><G77/><T16/><D3/><U131/><E47/><V48/><F125/><W55/><G41/><T89/><D71/><U112/><E131/><V21/><F48/><W130/><G130/><T115/><D46/><U54/><E112/><V96/><F134/><W85/><G6/><T61/><D69/><U78/><E78/><V105/><F105/><W1/><G1/><T68/><D68/><U62/><E66/><V82/><F82/><W24/><G14/><AGARI ba="0,0" hai="9,14,19,21,26,30,40,42,43,92,93,94,96,98" machi="14" ten="40,1300,0" yaku="8,1" doraHai="81" who="2" fromWho="3" sc="250,0,250,0,250,13,250,-13" /><INIT seed="1,0,0,0,3,56" ten="250,250,263,237" oya="1" hai0="107,30,6,9,108,94,126,24,77,40,54,2,0" hai1="11,97,124,19,81,51,129,71,64,79,135,120,105" hai2="134,65,84,91,74,110,42,32,100,115,125,69,49" hai3="121,116,76,15,111,63,46,59,38,82,57,34,133"/><U36/><E120/><V98/><F32/><W103/><G121/><T3/><D107/><U68/><E36/><V7/><F74/><W119/><G34/><T112/><D112/><U58/><E124/><V127/><F110/><W87/><G111/><T47/><D108/><U61/><E129/><V132/><F7/><W53/><G133/><N who="2" m="51305" /><F115/><W93/><G15/><T29/><D29/><U128/><E128/><V60/><F49/><W43/><REACH who="3" step="1"/><G57/><REACH who="3" ten="250,250,263,227" step="2"/><T122/><D122/><U90/><E135/><V45/><F127/><W8/><G8/><T10/><D10/><U16/><E11/><V106/><F125/><W95/><G95/><T12/><D94/><U17/><E105/><V70/><F70/><W44/><G44/><T96/><D126/><U20/><E68/><V22/><F45/><W80/><G80/><T50/><D2/><U73/><E71/><V89/><F22/><W18/><G18/><T48/><D3/><U104/><E104/><V39/><F106/><W13/><G13/><T33/><D0/><U55/><E20/><V83/><F83/><W21/><G21/><T131/><D131/><U88/><E97/><AGARI ba="0,1" hai="38,43,46,53,59,63,76,82,87,93,97,103,116,119" machi="97" ten="40,5200,0" yaku="1,1,52,1,53,1" doraHai="56" doraHaiUra="41" who="3" fromWho="1" sc="250,0,250,-52,263,0,227,62" /><INIT seed="2,0,0,0,5,35" ten="250,198,263,289" oya="2" hai0="2,44,39,9,26,116,133,83,67,12,34,65,16" hai1="96,53,99,24,75,92,105,46,20,110,18,5,36" hai2="81,117,63,7,118,91,93,115,104,33,98,87,102" hai3="108,89,60,84,58,21,42,129,37,127,134,14,17"/><V80/><F33/><W113/><G108/><T66/><D133/><U55/><E75/><V54/><F7/><W22/><G134/><T48/><D39/><U135/><E135/><V0/><F0/><W132/><G132/><T101/><D116/><N who="2" m="44650" /><F54/><W125/><G113/><T107/><D83/><N who="2" m="31818" /><F63/><W122/><G122/><T8/><D101/><U38/><E110/><V19/><F19/><W79/><G42/><T123/><D107/><U111/><E111/><V3/><F3/><W77/><G37/><T70/><D123/><U78/><E5/><V57/><F57/><W112/><G22/><T124/><D124/><N who="3" m="47689" /><G112/><AGARI ba="0,0" hai="87,91,93,98,102,104,112,115" m="31818,44650" machi="112" ten="30,2900,0" yaku="34,2" doraHai="35" who="2" fromWho="3" sc="250,0,198,0,263,29,289,-29" /><INIT seed="2,1,0,2,1,22" ten="250,198,292,260" oya="2" hai0="11,70,46,135,52,133,25,33,85,24,8,20,104" hai1="43,77,120,38,80,19,114,116,4,132,122,51,134" hai2="90,27,10,1,60,106,93,86,79,87,72,32,105" hai3="54,23,63,21,39,94,127,97,48,102,73,89,130"/><V65/><F1/><W28/><G39/><T17/><D70/><U88/><E38/><V40/><F40/><W112/><G73/><T56/><D46/><N who="1" m="26079" /><E4/><V128/><F10/><W107/><G127/><T100/><D104/><U125/><E125/><V31/><F72/><W53/><G130/><T44/><D44/><U61/><E61/><V64/><F128/><W16/><G112/><T7/><D100/><U66/><E66/><V6/><F6/><W99/><G63/><T2/><D85/><N who="1" m="50215" /><E77/><V81/><REACH who="2" step="1"/><F64/><REACH who="2" ten="250,198,282,260" step="2"/><W98/><G53/><T121/><D121/><N who="1" m="46699" /><E114/><V113/><F113/><W111/><G54/><T131/><D131/><U29/><E116/><V47/><F47/><W95/><G107/><T14/><D8/><U26/><E19/><V103/><F103/><W124/><G102/><T49/><REACH who="0" step="1"/><D33/><AGARI ba="1,1" hai="26,29,33,132,134" m="46699,50215,26079" machi="33" ten="30,3900,0" yaku="13,1,52,1,54,1" doraHai="22" who="1" fromWho="0" sc="250,-42,198,52,282,0,260,0" /><INIT seed="3,0,0,5,4,64" ten="208,250,282,260" oya="3" hai0="20,91,49,50,47,99,126,76,21,61,87,90,93" hai1="83,132,88,72,54,125,86,8,134,12,70,60,14" hai2="43,95,102,100,65,80,115,34,77,23,48,19,29" hai3="121,9,32,4,51,58,101,6,63,82,133,130,25"/><W0/><G121/><T118/><D118/><U22/><E125/><V3/><F115/><W15/><G130/><T73/><D126/><U116/><E116/><V96/><F3/><W36/><G36/><T18/><D73/><U106/><E106/><V69/><F34/><W46/><G133/><N who="1" m="51306" /><E72/><V56/><F29/><W55/><G101/><T67/><D76/><U31/><E54/><V16/><F102/><W66/><G82/><T10/><D10/><U123/><E123/><V7/><F7/><W38/><G38/><T119/><D119/><U1/><E1/><V79/><F19/><W124/><G124/><T35/><D35/><U84/><E84/><V103/><F103/><W27/><G32/><T113/><D113/><U42/><E42/><V108/><F43/><W105/><G105/><T62/><D62/><U112/><E112/><V28/><F28/><W92/><G0/><T5/><D5/><N who="3" m="2153" /><G92/><T59/><D47/><U2/><E2/><V41/><F41/><W37/><G37/><T107/><D107/><U39/><E39/><V81/><F80/><W11/><G11/><T85/><D85/><U24/><E8/><V114/><F114/><W98/><G98/><T40/><D40/><U17/><E31/><V13/><F81/><W97/><G97/><T74/><D74/><U129/><E129/><V104/><F104/><W94/><G94/><T128/><D128/><U135/><E135/><V131/><F131/><W127/><G127/><T117/><D117/><U75/><E75/><V110/><F79/><W78/><G78/><T68/><D87/><U71/><E86/><RYUUKYOKU ba="0,0" sc="208,-10,250,-10,282,-10,260,30" hai3="9,15,25,27,46,51,55,58,63,66" /><INIT seed="3,1,0,0,3,112" ten="198,240,272,290" oya="3" hai0="54,1,43,108,14,5,81,106,58,111,110,32,44" hai1="49,115,73,76,86,20,33,37,120,80,31,53,87" hai2="94,2,10,6,107,59,41,101,74,18,64,66,69" hai3="75,83,130,17,113,21,103,109,88,15,57,91,23"/><W131/><G113/><T48/><D106/><U47/><E115/><V13/><F107/><W71/><G71/><T52/><D32/><U51/><E33/><V60/><F74/><W123/><G123/><T38/><D81/><U100/><E100/><V8/><F41/><W119/><G103/><T90/><D90/><U29/><E37/><V36/><F36/><W0/><G0/><T63/><D1/><U134/><E134/><V133/><F101/><W129/><G109/><T24/><D24/><U4/><E4/><V105/><F105/><W128/><N who="3" m="32768" /><DORA hai="135" /><W97/><G119/><T82/><D82/><U79/><E120/><V70/><F94/><N who="3" m="56519" /><G57/><N who="0" m="35239" /><D14/><U121/><E121/><V30/><F133/><W61/><G61/><N who="0" m="36055" /><D5/><U104/><E104/><V93/><F6/><W126/><G126/><T95/><D95/><U39/><E79/><V35/><F93/><W67/><G67/><T7/><D7/><U117/><E117/><V96/><F66/><W27/><G91/><T65/><D65/><U28/><E73/><V9/><F2/><W50/><G83/><T98/><D98/><U99/><E99/><V45/><F96/><W89/><G89/><T125/><D38/><U55/><E39/><V34/><F64/><W56/><G75/><T72/><D72/><U42/><E86/><V122/><F122/><W116/><G116/><T124/><AGARI ba="1,0" hai="43,44,48,108,110,111,124,125" m="36055,35239" machi="124" ten="40,12000,2" yaku="14,1,34,2,52,2,54,1" doraHai="112,135" who="0" fromWho="0" sc="198,123,240,-31,272,-31,290,-61" /><INIT seed="4,0,0,3,3,129" ten="321,209,241,229" oya="0" hai0="32,13,37,74,46,75,90,50,71,47,87,56,111" hai1="18,132,67,61,120,84,80,110,127,85,34,100,135" hai2="19,117,122,66,58,68,130,15,112,16,72,41,121" hai3="77,118,79,2,64,11,76,36,51,103,89,107,17"/><T7/><D71/><U57/><E120/><V133/><F72/><W81/><G36/><T123/><D123/><U109/><E34/><V73/><F73/><W55/><G118/><T134/><D32/><U1/><E1/><V28/><F117/><W25/><G64/><T30/><D30/><U48/><E100/><V96/><F68/><W82/><G2/><T131/><D131/><U33/><E33/><V40/><F28/><W65/><G65/><T108/><D56/><U54/><E127/><V43/><F112/><W29/><G103/><T78/><D78/><U62/><E62/><V115/><F115/><W14/><G107/><T26/><D26/><U104/><E104/><V70/><F130/><W119/><G119/><T125/><D125/><U114/><E18/><V91/><F19/><W92/><G25/><T113/><D50/><U126/><E126/><V21/><F70/><W42/><G42/><T60/><D60/><U95/><E95/><N who="2" m="56447" /><F58/><N who="3" m="33151" /><G29/><T98/><D37/><U97/><E97/><AGARI ba="0,0" hai="11,14,17,76,77,79,81,82,89,92,97" m="33151" machi="97" ten="30,1000,0" yaku="8,1" doraHai="129" who="3" fromWho="1" sc="321,0,209,-10,241,0,229,10" /><INIT seed="5,0,0,4,2,91" ten="321,199,241,239" oya="1" hai0="124,94,111,88,118,80,78,1,39,44,75,83,132" hai1="58,76,13,73,128,50,26,81,106,119,27,70,56" hai2="100,98,125,8,134,67,123,120,20,85,29,21,102" hai3="6,45,105,16,115,64,43,34,131,33,31,25,24"/><U36/><E119/><V108/><F108/><W77/><G105/><T0/><D111/><U17/><E106/><V82/><F134/><W130/><G115/><T9/><D118/><U4/><E70/><V96/><F125/><W133/><G6/><T62/><D124/><U32/><E36/><V112/><F112/><W122/><G122/><T19/><D83/><U55/><E128/><V11/><F82/><W37/><G133/><T93/><D93/><U42/><E42/><V28/><F67/><W89/><G77/><T3/><D62/><U87/><E4/><V68/><F85/><W79/><G79/><T15/><D132/><U52/><E32/><V84/><F84/><W48/><G64/><T92/><REACH who="0" step="1"/><D88/><REACH who="0" ten="311,199,241,239" step="2"/><N who="1" m="51311" /><E73/><V46/><F68/><W12/><G89/><T2/><N who="0" m="0" /><DORA hai="126" /><T90/><D90/><U22/><E76/><V101/><F100/><W104/><G104/><T63/><D63/><AGARI ba="0,1" hai="13,17,22,26,27,50,52,55,56,58,63" m="51311" machi="63" ten="30,5800,0" yaku="8,1,54,2" doraHai="91,126" who="1" fromWho="0" sc="311,-58,199,68,241,0,239,0" /><INIT seed="5,1,0,0,1,102" ten="253,267,241,239" oya="1" hai0="23,27,71,68,45,36,96,57,66,108,128,132,89" hai1="112,88,86,52,46,122,32,104,0,135,4,119,91" hai2="41,127,65,126,118,123,5,115,38,79,26,39,110" hai3="42,124,98,37,31,3,12,133,14,107,63,55,60"/><U22/><E122/><V44/><F5/><W18/><G3/><T101/><D108/><U8/><E32/><V131/><F79/><W87/><G124/><N who="2" m="47657" /><F26/><W77/><G133/><T1/><D1/><U67/><E67/><V114/><F118/><W80/><G31/><T11/><D11/><U10/><E119/><V109/><F123/><W82/><G14/><T29/><D89/><U17/><E135/><V50/><F65/><W51/><G42/><T121/><D128/><U15/><E112/><N who="2" m="43051" /><F131/><W34/><G34/><T94/><D132/><U47/><E91/><V24/><F24/><W93/><G77/><T19/><D19/><U30/><E30/><V75/><F75/><W64/><G12/><T116/><D121/><U33/><E33/><V7/><F7/><W105/><G18/><T54/><D116/><U111/><E111/><AGARI ba="1,0" hai="38,39,41,44,50,109,110,111" m="43051,47657" machi="111" ten="40,8000,1" yaku="18,1,15,1,11,1,34,2" doraHai="102" who="2" fromWho="1" sc="253,0,267,-83,241,83,239,0" /><INIT seed="6,0,0,1,2,28" ten="253,184,324,239" oya="2" hai0="50,134,90,26,35,124,107,69,112,104,68,131,48" hai1="14,41,109,79,18,120,118,116,19,54,127,59,78" hai2="5,93,129,43,63,62,38,49,102,52,77,71,103" hai3="122,23,132,81,4,22,8,51,65,30,92,56,123"/><V57/><F129/><W33/><G132/><T75/><D90/><U97/><E109/><V128/><F128/><W1/><G81/><T121/><D50/><U61/><E120/><V108/><F77/><W126/><G126/><T86/><D86/><U88/><E127/><V66/><F5/><W12/><G92/><T9/><D48/><U42/><E116/><V21/><F108/><W10/><G65/><T113/><D9/><U83/><E118/><V34/><F34/><W105/><G105/><T60/><D60/><U44/><E19/><V47/><F93/><W7/><G56/><T37/><D26/><U87/><E97/><V91/><F91/><W58/><G51/><T82/><D68/><U106/><E106/><V31/><F63/><W117/><G58/><T110/><D82/><U100/><E100/><V13/><F13/><W98/><G98/><T89/><D89/><U74/><E74/><V94/><F94/><W53/><G53/><T111/><D107/><U96/><E96/><V84/><F84/><W6/><G6/><T125/><D125/><U119/><E119/><V45/><F45/><W133/><G117/><T24/><D111/><U95/><E44/><V16/><F31/><W20/><G133/><T67/><D104/><U3/><E3/><V70/><F70/><W55/><G55/><T72/><D134/><U115/><E115/><V17/><F21/><W85/><G85/><T76/><D113/><U99/><E78/><V130/><F130/><W114/><G114/><T27/><D131/><U2/><E2/><V46/><F46/><W32/><G30/><RYUUKYOKU ba="0,0" sc="253,-30,184,10,324,10,239,10" hai1="14,18,41,42,54,59,61,79,83,87,88,95,99" hai2="16,17,38,43,47,49,52,57,62,66,71,102,103" hai3="1,4,7,8,10,12,20,22,23,32,33,122,123" /><INIT seed="6,1,0,4,5,8" ten="223,194,334,249" oya="2" hai0="73,103,44,30,56,85,16,125,52,106,33,40,114" hai1="122,66,97,102,108,22,41,14,23,31,39,48,47" hai2="69,84,76,34,7,63,135,49,51,32,89,74,71" hai3="53,82,6,93,29,21,95,80,120,131,1,112,64"/><V117/><F117/><W115/><G120/><T25/><D114/><N who="3" m="43561" /><G64/><T20/><D73/><U19/><E108/><V130/><F130/><W128/><G53/><T105/><D125/><U70/><E122/><V45/><F135/><W17/><G29/><T4/><D4/><U92/><E39/><V67/><F71/><W126/><G6/><T27/><D103/><U121/><E121/><V62/><F62/><W26/><G1/><T37/><REACH who="0" step="1"/><D85/><REACH who="0" ten="213,194,334,249" step="2"/><U28/><E70/><V81/><F7/><W50/><G126/><T72/><D72/><U109/><E109/><V87/><F74/><W68/><G128/><T113/><D113/><U107/><E107/><V79/><F79/><W57/><G131/><T15/><D15/><N who="1" m="9599" /><E66/><V123/><F123/><W3/><G3/><T88/><D88/><U111/><E111/><V96/><F96/><W134/><G134/><T46/><D46/><U101/><E101/><V59/><F45/><W100/><G100/><T127/><D127/><U10/><E23/><V18/><F76/><W54/><G68/><T98/><D98/><U91/><E102/><V60/><F69/><W24/><G24/><T90/><D90/><U94/><E94/><AGARI ba="1,1" hai="17,21,26,50,54,57,80,82,93,94,95" m="43561" machi="94" ten="30,2000,0" yaku="15,1,11,1" doraHai="8" who="3" fromWho="1" sc="213,0,194,-23,334,0,249,33" /><INIT seed="7,0,0,4,1,61" ten="213,171,334,282" oya="3" hai0="85,83,116,45,66,126,87,6,90,49,118,101,46" hai1="4,100,5,63,84,130,25,44,72,107,34,114,103" hai2="67,121,64,112,56,37,53,43,117,108,82,17,111" hai3="129,36,133,92,0,69,96,30,41,99,8,124,40"/><W19/><G124/><T74/><D126/><U113/><E72/><V38/><F82/><W18/><G129/><T13/><D74/><U128/><E44/><N who="2" m="23663" /><F17/><W55/><G69/><T32/><D32/><U16/><E34/><V106/><F106/><W123/><G123/><T81/><D101/><N who="1" m="38987" /><E107/><V94/><F94/><W58/><G133/><T109/><D109/><N who="2" m="42058" /><F121/><W15/><G30/><T70/><D116/><U21/><E84/><V76/><F76/><W135/><G135/><T27/><D118/><U10/><E10/><V35/><F117/><W68/><G68/><T51/><D70/><U22/><E22/><V33/><F112/><N who="1" m="43113" /><E63/><N who="2" m="36239" /><F38/><W50/><G36/><T78/><D85/><U60/><E60/><V54/><F54/><W62/><G62/><T39/><D39/><U47/><E47/><V89/><F35/><W31/><G99/><T110/><D110/><U134/><E134/><V127/><F33/><W77/><G96/><T98/><D98/><U102/><N who="1" m="38995" /><U88/><DORA hai="71" /><E88/><V80/><F89/><W23/><G55/><T7/><D90/><U104/><E104/><V52/><F52/><W122/><G23/><T65/><D87/><U12/><E25/><V2/><F127/><W9/><G8/><T125/><D125/><U14/><E14/><V86/><F86/><W120/><G9/><T73/><D73/><U79/><E79/><V42/><F42/><W29/><G40/><T24/><D78/><U28/><E28/><V95/><F80/><W1/><G41/><T131/><D13/><U57/><E57/><V91/><F91/><W115/><G58/><RYUUKYOKU ba="0,0" sc="213,15,171,15,334,-15,282,-15" hai0="6,7,24,27,45,46,49,51,65,66,81,83,131" hai1="4,5,12,16,21,128,130" owari="228,-17.0,186,-31.0,319,41.0,267,7.0" /></mjloggm>