<mjloggm ver="2.3"><GO type="169" lobby="0"/><UN n0="%62%6F%79%61%74%65%74%75" n1="%45%72%77%69%6E%52%64" n2="%EF%BC%81%E2%80%9D%EF%BC%83%EF%BC%84%EF%BC%85%EF%BC%86%E2%80%99%EF%BC%88" n3="%70%72%6F%6E%61%72%69" dan="16,17,17,16" rate="2141.29,2156.26,2119.47,2072.53" sx="M,M,M,M"/><TAIKYOKU oya="0"/><INIT seed="0,0,0,3,4,94" ten="250,250,250,250" oya="0" hai0="9,81,22,73,80,70,74,108,5,3,4,87,89" hai1="66,135,41,106,55,31,37,121,51,102,99,42,30" hai2="133,57,96,11,1,7,117,103,33,26,45,105,134" hai3="132,60,46,69,120,119,95,17,58,47,39,127,84"/><T27/><D70/><U85/><E121/><V16/><F117/><W21/><G119/><T130/><D130/><U65/><E135/><V64/><F45/><W115/><G115/><T6/><D108/><U79/><E37/><V76/><F76/><W12/><G69/><T97/><D80/><U125/><E125/><V23/><REACH who="2" step="1"/><F33/><REACH who="2" ten="250,250,240,250" step="2"/><W110/><G120/><T49/><D73/><U124/><E79/><V34/><F34/><W118/><G47/><T28/><D74/><U109/><E124/><V61/><AGARI ba="0,1" hai="1,7,11,16,23,26,57,61,64,96,103,105,133,134" machi="61" ten="30,7900,0" yaku="1,1,0,1,52,1,54,1,53,0" doraHai="94" doraHaiUra="111" who="2" fromWho="2" sc="250,-39,250,-20,240,89,250,-20" /><INIT seed="1,0,0,5,2,4" ten="211,230,329,230" oya="1" hai0="57,9,124,99,82,97,77,118,35,75,33,125,88" hai1="0,1,43,72,130,5,37,90,27,45,89,95,112" hai2="94,14,79,63,26,101,123,80,3,102,34,73,68" hai3="121,134,36,49,2,76,20,53,21,22,103,116,12"/><U127/><E112/><V135/><F123/><W32/><G121/><T47/><D118/><U28/><E127/><N who="0" m="48713" /><D47/><U132/><E132/><V10/><F3/><W93/><G36/><T25/><D57/><U16/><E72/><V110/><F110/><W128/><G32/><N who="0" m="12363" /><D25/><U39/><E130/><V85/><F135/><W15/><G128/><T41/><D41/><U114/><E114/><V61/><F26/><W7/><G116/><T107/><D107/><U42/><E28/><V96/><F34/><W92/><G134/><T104/><D104/><U65/><E65/><V13/><F68/><W81/><G2/><T52/><D52/><U31/><E31/><V50/><F50/><W8/><G15/><T100/><D100/><U18/><E27/><V56/><F101/><W74/><REACH who="3" step="1"/><G103/><REACH who="3" ten="211,230,329,220" step="2"/><T111/><D111/><U59/><E0/><V109/><F109/><W86/><G86/><T83/><D9/><U54/><E37/><V91/><F10/><W70/><G70/><T69/><D69/><U120/><E120/><V117/><F117/><W119/><G119/><T17/><D17/><U62/><E42/><V64/><REACH who="2" step="1"/><F63/><REACH who="2" ten="211,230,319,220" step="2"/><W44/><AGARI ba="0,2" hai="7,8,12,20,21,22,44,49,53,74,76,81,92,93" machi="44" ten="30,4000,0" yaku="1,1,0,1,52,1,53,0" doraHai="4" doraHaiUra="131" who="3" fromWho="3" sc="211,-10,230,-20,319,-10,220,60" /><INIT seed="2,0,0,5,4,115" ten="201,210,309,280" oya="2" hai0="30,15,32,69,106,63,17,72,28,38,131,113,31" hai1="71,7,88,95,68,118,45,48,26,94,93,75,135" hai2="1,97,78,37,66,39,91,35,130,107,56,122,51" hai3="74,114,4,13,55,123,92,85,128,29,121,27,33"/><V24/><F122/><W11/><G74/><T134/><D113/><U22/><E75/><V82/><F1/><W99/><G114/><T104/><D72/><U12/><E135/><V103/><F130/><W49/><G128/><T9/><D131/><U109/><E109/><V124/><F124/><W47/><REACH who="3" step="1"/><G85/><REACH who="3" ten="201,210,309,270" step="2"/><T90/><D134/><U53/><E118/><V34/><F39/><W23/><G23/><T100/><D38/><U65/><E68/><V36/><F36/><W58/><G58/><T2/><D32/><U81/><E71/><V132/><F37/><W67/><G67/><T133/><D133/><U83/><E65/><V42/><F132/><W102/><AGARI ba="0,1" hai="4,11,13,27,29,33,47,49,55,92,99,102,121,123" machi="102" ten="20,2700,0" yaku="1,1,0,1,7,1,53,0" doraHai="115" doraHaiUra="19" who="3" fromWho="3" sc="201,-7,210,-7,309,-13,270,37" /><INIT seed="3,0,0,4,0,100" ten="194,203,296,307" oya="3" hai0="3,60,107,10,67,42,2,35,13,80,26,27,102" hai1="99,20,82,17,44,23,117,4,106,32,36,43,11" hai2="50,95,109,1,24,79,28,128,129,58,29,21,88" hai3="89,53,65,57,110,7,69,123,51,52,48,8,70"/><W86/><G123/><T113/><D113/><U124/><E32/><V78/><F109/><W127/><G127/><T104/><D42/><U87/><E124/><V135/><F135/><W134/><G134/><T96/><D80/><U101/><E117/><V81/><F1/><W22/><G65/><T94/><D2/><U91/><REACH who="1" step="1"/><E17/><REACH who="1" ten="194,193,296,307" step="2"/><V115/><F115/><W31/><G110/><T12/><D35/><U111/><E111/><V61/><F28/><W41/><G31/><T120/><D120/><U119/><E119/><V83/><F29/><W62/><G69/><T112/><D112/><U133/><E133/><V125/><F125/><W59/><G70/><T97/><D26/><U64/><E64/><V74/><F24/><W49/><G22/><T14/><D27/><U71/><E71/><V76/><F21/><W38/><G38/><T18/><D18/><U47/><E47/><V37/><F37/><W122/><G122/><T116/><D116/><U9/><E9/><V40/><F129/><W85/><G41/><T84/><D10/><U105/><E105/><V114/><F128/><W108/><G108/><T63/><D67/><U33/><E33/><V73/><F114/><W93/><REACH who="3" step="1"/><G85/><REACH who="3" ten="194,193,296,297" step="2"/><T25/><D84/><U131/><E131/><V16/><F40/><W77/><G77/><T66/><D66/><U56/><E56/><V6/><F79/><W118/><G118/><T45/><D45/><U0/><AGARI ba="0,2" hai="0,4,11,20,23,36,43,44,82,87,91,99,101,106" machi="0" ten="20,5200,0" yaku="1,1,0,1,7,1,52,1,53,0" doraHai="100" doraHaiUra="90" who="1" fromWho="1" sc="194,-13,193,72,296,-13,297,-26" /><INIT seed="4,0,0,2,1,67" ten="181,265,283,271" oya="0" hai0="102,93,35,58,7,22,59,37,6,133,31,4,17" hai1="44,33,40,118,95,50,41,73,24,74,107,71,78" hai2="119,120,96,114,91,126,84,53,77,103,70,21,116" hai3="98,132,48,112,99,57,11,128,29,101,27,60,122"/><T88/><D37/><U34/><E107/><V83/><F120/><W63/><G122/><T131/><D131/><U90/><E118/><V68/><F114/><W65/><G112/><T5/><N who="0" m="1024" /><DORA hai="111" /><T15/><D133/><U14/><E14/><V19/><F53/><W117/><G117/><N who="2" m="45129" /><F77/><W46/><G128/><T80/><D35/><U92/><E78/><V100/><F126/><W72/><G72/><T94/><D31/><U115/><E115/><V97/><F97/><W134/><G11/><T87/><REACH who="0" step="1"/><D93/><REACH who="0" ten="171,265,283,271" step="2"/><U129/><E129/><V42/><F42/><W113/><G134/><T47/><D47/><U2/><E44/><V105/><F103/><W49/><G46/><T26/><D26/><AGARI ba="0,1" hai="19,21,26,68,70,83,84,91,96,100,105" m="45129" machi="26" ten="30,3900,0" yaku="12,1,52,2" doraHai="67,111" who="2" fromWho="0" sc="171,-39,265,0,283,49,271,0" /><INIT seed="5,0,0,3,1,129" ten="132,265,332,271" oya="1" hai0="122,26,34,33,10,45,61,63,57,125,12,99,42" hai1="117,104,36,71,43,37,7,89,96,83,18,128,97" hai2="50,48,73,119,86,24,127,109,114,84,81,31,79" hai3="115,58,38,111,54,130,13,105,0,101,35,80,124"/><U70/><E117/><V120/><F109/><W59/><G111/><T29/><D125/><U126/><E126/><V98/><F127/><W32/><G0/><T113/><D113/><U77/><E128/><V41/><F120/><W1/><G1/><T17/><D122/><U134/><E7/><V82/><F119/><W65/><G38/><T16/><D99/><U47/><E36/><V72/><F98/><W67/><G105/><T40/><D34/><U76/><E76/><V52/><F41/><W64/><G115/><T92/><D92/><U4/><E4/><V20/><F50/><W6/><G101/><T22/><D45/><U85/><E18/><V116/><F116/><W11/><G130/><T62/><REACH who="0" step="1"/><D57/><REACH who="0" ten="122,265,332,271" step="2"/><U56/><E56/><V94/><F94/><W93/><G93/><T8/><D8/><U102/><E96/><V25/><F114/><W5/><G59/><T107/><D107/><U21/><E21/><V39/><F20/><W88/><G124/><T49/><D49/><U15/><E70/><V44/><F48/><W28/><G35/><T90/><D90/><U2/><E71/><V103/><F44/><W132/><G32/><T131/><D131/><U91/><E91/><V118/><F39/><W123/><G88/><T121/><D121/><U106/><E89/><V66/><F118/><W75/><G11/><T60/><N who="0" m="15360" /><DORA hai="108" /><T14/><AGARI ba="0,1" hai="10,12,14,16,17,22,26,29,33,40,42" m="15360" machi="14" ten="40,8000,1" yaku="1,1,4,1,0,1,54,1,53,0" doraHai="129,108" doraHaiUra="133,46" who="0" fromWho="0" sc="122,90,265,-40,332,-20,271,-20" /><INIT seed="6,0,0,3,2,19" ten="212,225,312,251" oya="2" hai0="28,109,37,32,98,113,41,73,58,46,133,129,70" hai1="72,74,27,14,131,93,105,8,89,121,48,31,94" hai2="30,23,88,78,24,44,59,96,117,61,102,68,112" hai3="123,122,62,26,6,79,10,49,42,36,60,118,86"/><V16/><F117/><W15/><G118/><T110/><D73/><U12/><E105/><V132/><F112/><W13/><G36/><T92/><D70/><U126/><E131/><V0/><F0/><W22/><G15/><T63/><D133/><U69/><E69/><V91/><F68/><W57/><G123/><T104/><D104/><U87/><E126/><V120/><F120/><W106/><G106/><T18/><D113/><U11/><E121/><V101/><F78/><W1/><G1/><T111/><D129/><U134/><E134/><V71/><F71/><W9/><G9/><T119/><D119/><U95/><E72/><V108/><F108/><W90/><G79/><T83/><D83/><U33/><E48/><V115/><F132/><W76/><G76/><T56/><D18/><U52/><E52/><N who="2" m="34023" /><F115/><W75/><G75/><T39/><D39/><U38/><E38/><V53/><F30/><W51/><G42/><T3/><D3/><U128/><E74/><V100/><F96/><W67/><G62/><T29/><D32/><U135/><E128/><V107/><F107/><W114/><G122/><T25/><D63/><U55/><E55/><V50/><AGARI ba="0,0" hai="16,23,24,44,50,53,88,91,100,101,102" m="34023" machi="50" ten="30,12000,1" yaku="8,1,52,1,54,3" doraHai="19" who="2" fromWho="2" sc="212,-40,225,-40,312,120,251,-40" /><INIT seed="6,1,0,0,4,43" ten="172,185,432,211" oya="2" hai0="131,17,95,51,94,70,108,103,45,102,127,85,3" hai1="128,67,120,130,76,114,21,13,65,89,22,116,101" hai2="99,121,123,84,59,18,126,9,8,93,30,88,32" hai3="119,125,110,58,117,1,61,44,86,62,36,82,63"/><V26/><F126/><W68/><G1/><T111/><D127/><U52/><E116/><V64/><F64/><W122/><G125/><T23/><D70/><U7/><E76/><V29/><F29/><W66/><G122/><T69/><D69/><U79/><E79/><V109/><F109/><W35/><G35/><T78/><D3/><U80/><E101/><N who="0" m="38409" /><D131/><N who="1" m="50219" /><E114/><V10/><F59/><W2/><G2/><T40/><D111/><U19/><E120/><V20/><REACH who="2" step="1"/><F99/><REACH who="2" ten="172,185,422,211" step="2"/><W107/><G110/><T115/><D108/><U46/><E65/><V97/><F97/><W72/><G66/><T28/><D28/><U104/><E67/><V106/><F106/><W132/><G107/><T73/><D115/><U133/><E104/><V41/><F41/><W135/><G117/><T54/><D40/><U112/><E112/><V0/><F0/><W42/><G119/><T33/><D33/><U100/><E100/><V91/><F91/><W87/><G58/><T24/><D73/><U92/><E133/><N who="3" m="51274" /><G68/><T90/><D78/><AGARI ba="1,1" hai="36,42,44,61,62,63,72,78,82,86,87" m="51274" machi="78" ten="30,2000,0" yaku="20,1,52,1" doraHai="43" who="3" fromWho="0" sc="172,-23,185,0,422,0,211,33" /><INIT seed="7,0,0,5,4,124" ten="149,185,422,244" oya="3" hai0="127,119,12,73,14,63,21,43,122,123,46,100,8" hai1="125,61,44,117,22,76,60,3,103,13,7,89,132" hai2="116,114,107,67,98,4,108,31,65,129,27,112,70" hai3="11,72,131,35,74,48,110,55,106,109,95,47,9"/><W17/><G106/><T15/><D127/><U86/><E125/><V32/><F108/><N who="3" m="41579" /><G35/><T85/><D73/><N who="3" m="28265" /><G95/><T91/><D119/><U26/><E76/><V38/><F116/><W82/><G82/><T87/><D63/><U62/><E3/><V97/><F107/><W78/><G78/><T0/><D21/><U40/><E103/><V34/><F34/><W37/><G37/><T28/><D28/><U75/><E75/><V59/><F38/><W25/><G131/><T102/><D0/><U1/><E1/><V54/><F129/><W18/><G18/><T58/><D58/><U101/><E101/><V19/><F19/><W36/><G36/><T92/><D8/><N who="1" m="4255" /><E132/><V6/><F6/><W93/><G93/><T118/><D118/><U66/><E66/><N who="2" m="25099" /><F4/><W69/><G69/><T30/><D30/><N who="1" m="17751" /><E117/><V111/><F70/><W45/><G25/><T77/><D122/><U80/><E44/><V115/><F111/><W16/><G17/><T130/><D123/><U79/><E79/><V2/><F2/><W88/><G16/><T49/><REACH who="0" step="1"/><D130/><REACH who="0" ten="139,185,422,244" step="2"/><U24/><E24/><V133/><F133/><W50/><G9/><T10/><D10/><U90/><E61/><AGARI ba="0,1" hai="27,31,32,54,59,61,97,98,112,114,115" m="25099" machi="61" ten="30,1000,0" yaku="15,1" doraHai="124" who="2" fromWho="1" sc="139,0,185,-10,422,20,244,0" owari="139,-36.0,175,-22.0,442,54.0,244,4.0" /></mjloggm>