<mjloggm ver="2.3"><GO type="169" lobby="0"/><UN n0="%E3%82%B3%E3%83%A2%E3%83%AA%E3%82%B9%E3%83%88" n1="%E3%83%8A%E3%82%B4%E3%83%A0" n2="%E4%BF%BA%E3%81%A7%E3%81%99" n3="%41%6D%61%79%62%65" dan="16,16,16,17" rate="2067.37,2164.70,2067.88,2177.92" sx="M,M,M,M"/><TAIKYOKU oya="0"/><INIT seed="0,0,0,0,0,56" ten="250,250,250,250" oya="0" hai0="54,95,134,96,13,31,6,35,85,50,71,98,113" hai1="15,131,33,80,30,4,107,24,112,41,64,78,16" hai2="9,53,22,89,62,18,40,23,8,39,36,26,74" hai3="108,133,48,123,72,82,121,44,81,124,11,117,127"/><T12/><D113/><U38/><E131/><V86/><F74/><W87/><G11/><T118/><D134/><U37/><E107/><V122/><F122/><N who="3" m="46603" /><G117/><T27/><D96/><U93/><E112/><V43/><F8/><W91/><G133/><T29/><D29/><U55/><E41/><V106/><F106/><W57/><G57/><T59/><D118/><U1/><E64/><V51/><F9/><W49/><G44/><T75/><D75/><U90/><E55/><V63/><F39/><W17/><G17/><T130/><D130/><U7/><E1/><V103/><F103/><W76/><G49/><T58/><D6/><U42/><E42/><N who="2" m="15915" /><F23/><W66/><G48/><T97/><D50/><U115/><E115/><V47/><F36/><W10/><G66/><T21/><D21/><U34/><E33/><V88/><F89/><W3/><G108/><T5/><D5/><AGARI ba="0,0" hai="3,5,10,72,76,81,82,87,91,124,127" m="46603" machi="5" ten="30,1000,0" yaku="13,1" doraHai="56" who="3" fromWho="0" sc="250,-10,250,0,250,0,250,10" /><INIT seed="1,0,0,2,2,24" ten="240,250,250,260" oya="1" hai0="8,91,100,87,66,79,76,16,36,129,94,107,47" hai1="98,70,2,57,130,17,108,14,135,131,53,13,65" hai2="118,114,68,56,97,41,9,133,30,105,99,73,116" hai3="83,46,82,80,42,11,43,58,49,95,67,119,102"/><U115/><E2/><V92/><F68/><W106/><G106/><T31/><D129/><N who="1" m="49163" /><E115/><V84/><F114/><W55/><G119/><T77/><D66/><U88/><E70/><V32/><F41/><W51/><G67/><T59/><D59/><U120/><E120/><V85/><F9/><W101/><G11/><T26/><D47/><U63/><E135/><V111/><F56/><W25/><G95/><T6/><D36/><U62/><E17/><V81/><F32/><W86/><G86/><T122/><D16/><U33/><E33/><V113/><F113/><W18/><G43/><T78/><D78/><U29/><E108/><V126/><F111/><W21/><AGARI ba="0,0" hai="18,21,25,42,46,49,51,55,58,80,82,83,101,102" machi="21" ten="30,2000,0" yaku="0,1,8,1" doraHai="24" who="3" fromWho="3" sc="240,-5,250,-10,250,-5,260,20" /><INIT seed="2,0,0,4,5,113" ten="235,240,245,280" oya="2" hai0="76,35,66,81,60,80,95,11,58,131,75,85,19" hai1="4,17,86,9,36,30,32,42,122,24,44,18,103" hai2="61,39,15,7,26,123,132,121,48,109,50,67,111" hai3="41,89,37,10,12,130,104,84,1,55,129,20,101"/><V22/><F39/><W72/><G72/><T99/><D131/><U14/><E122/><N who="2" m="46603" /><F15/><W88/><G104/><T78/><D35/><U124/><E124/><V25/><F7/><W110/><G101/><T105/><D105/><U91/><REACH who="1" step="1"/><E103/><REACH who="1" ten="235,230,245,280" step="2"/><V0/><F132/><W96/><G129/><T108/><D108/><N who="2" m="41546" /><F0/><W120/><G1/><T47/><D75/><U51/><E51/><N who="2" m="19499" /><F22/><W8/><G20/><T127/><D11/><U125/><E125/><V126/><F126/><W54/><G8/><T102/><D127/><U128/><E128/><V38/><F38/><W62/><G10/><T27/><D102/><U40/><E40/><V69/><AGARI ba="0,1" hai="25,26,61,67,69" m="19499,41546,46603" machi="69" ten="40,3900,0" yaku="14,1,10,1" doraHai="113" who="2" fromWho="2" sc="235,-13,230,-13,245,49,280,-13" /><INIT seed="2,1,0,0,1,75" ten="222,217,294,267" oya="2" hai0="42,95,36,90,65,98,101,103,108,5,97,22,48" hai1="113,61,47,73,44,11,132,15,9,23,26,133,18" hai2="40,39,17,135,88,3,59,68,49,96,28,57,74" hai3="69,94,2,105,114,50,81,110,52,60,63,128,32"/><V62/><F74/><W13/><G2/><T100/><D108/><U29/><E73/><V85/><F3/><W104/><G110/><T84/><D36/><U64/><E113/><V6/><F6/><W27/><G114/><T24/><D65/><U56/><REACH who="1" step="1"/><E11/><REACH who="1" ten="222,207,294,267" step="2"/><V92/><F135/><AGARI ba="1,1" hai="9,15,18,23,26,29,44,47,56,61,64,132,133,135" machi="135" ten="40,8000,1" yaku="1,1,2,1,20,1,53,1" doraHai="75" doraHaiUra="12" who="1" fromWho="2" sc="222,0,207,93,294,-83,267,0" /><INIT seed="3,0,0,5,3,129" ten="222,300,211,267" oya="3" hai0="54,55,5,0,95,69,6,124,60,65,62,85,66" hai1="11,58,14,123,42,116,135,53,48,28,105,100,80" hai2="39,101,104,35,32,76,44,72,108,94,22,89,13" hai3="3,67,110,2,12,70,56,120,41,78,84,24,49"/><W46/><G120/><T37/><D37/><U19/><E123/><V121/><F121/><W74/><G74/><T118/><D124/><U36/><E116/><V73/><F108/><W17/><G110/><T86/><D95/><U52/><E105/><V132/><F101/><W125/><G125/><T59/><D59/><U99/><E28/><V117/><F104/><W33/><G70/><T45/><D45/><U111/><E111/><V81/><F117/><W7/><G67/><T106/><D106/><U126/><E126/><V128/><F128/><W40/><G40/><T87/><D87/><U31/><E31/><V8/><F22/><W64/><G64/><T97/><D97/><U4/><E80/><V119/><F119/><W75/><G56/><T68/><REACH who="0" step="1"/><D118/><REACH who="0" ten="212,300,211,267" step="2"/><U122/><E36/><V115/><F44/><W127/><G127/><T61/><D61/><U92/><E122/><V93/><F93/><W27/><G84/><T77/><D77/><U112/><E58/><V134/><F39/><W71/><G78/><T133/><D133/><N who="2" m="51306" /><F73/><W91/><G75/><T30/><D30/><U29/><E29/><V98/><F115/><W63/><G63/><T26/><D26/><U90/><E112/><V96/><F98/><W47/><G47/><T57/><D57/><U130/><E135/><V103/><F103/><W113/><G46/><T82/><D82/><U109/><E100/><V10/><F13/><W1/><G12/><T51/><D51/><U15/><E109/><V23/><F23/><N who="3" m="13423" /><G113/><T18/><D18/><U25/><E15/><V43/><F43/><W83/><G41/><RYUUKYOKU ba="0,1" sc="212,15,300,-15,211,15,267,-15" hai0="0,5,6,54,55,60,62,65,66,68,69,85,86" hai2="8,10,32,35,72,76,81,89,94,96" /><INIT seed="4,1,1,2,1,127" ten="227,285,226,252" oya="0" hai0="26,42,66,125,63,22,24,55,56,39,85,109,47" hai1="57,28,104,72,83,118,132,84,115,108,12,95,49" hai2="15,74,38,51,67,126,103,31,21,69,101,64,129" hai3="58,59,13,73,37,32,6,48,107,19,54,120,99"/><T17/><D125/><U91/><E108/><V133/><F38/><W94/><G37/><T89/><D109/><U121/><E118/><V3/><F3/><W45/><G73/><T75/><D75/><U93/><E121/><V122/><F74/><W90/><G32/><T46/><D46/><U65/><E104/><V5/><F126/><W60/><G120/><T116/><D116/><U1/><E1/><V14/><F122/><W81/><G107/><T105/><D105/><U20/><E132/><V33/><F51/><W113/><G113/><T71/><D26/><N who="1" m="16455" /><E115/><V27/><F133/><W30/><G30/><T36/><D36/><U18/><E72/><V112/><F112/><W114/><G114/><T41/><D41/><U77/><E77/><V128/><F33/><W16/><G81/><T117/><D117/><U134/><E134/><V123/><F123/><W68/><G68/><T70/><REACH who="0" step="1"/><D66/><REACH who="0" ten="217,285,226,252" step="2"/><N who="2" m="25130" /><F69/><W10/><REACH who="3" step="1"/><G58/><REACH who="3" ten="217,285,226,242" step="2"/><T35/><D35/><U7/><E57/><V97/><F5/><W124/><G124/><T96/><D96/><U98/><E98/><V52/><F97/><W2/><G2/><T131/><D131/><N who="2" m="50250" /><F52/><AGARI ba="1,3" hai="6,10,13,16,19,45,48,52,54,59,60,90,94,99" machi="52" ten="30,8000,1" yaku="1,1,7,1,8,1,54,2,53,0" doraHai="127" doraHaiUra="23" who="3" fromWho="2" sc="217,0,285,0,226,-83,242,113" /><INIT seed="5,0,0,2,5,81" ten="217,285,143,355" oya="1" hai0="112,97,68,52,67,74,72,51,118,126,46,49,50" hai1="16,121,7,13,92,113,120,55,135,101,47,27,98" hai2="89,106,62,66,83,134,123,85,18,63,70,48,32" hai3="119,14,64,11,76,22,35,58,28,102,15,88,124"/><U93/><E113/><V87/><F123/><W1/><G124/><T43/><D97/><U30/><E135/><V80/><F32/><W56/><G119/><T3/><D3/><U31/><E7/><V44/><F106/><W20/><G102/><T132/><D74/><U2/><E2/><V39/><F39/><W90/><G1/><T100/><D100/><U116/><E116/><V115/><F115/><W25/><G76/><T128/><D72/><U131/><E131/><V23/><F134/><W24/><G35/><T109/><D112/><U17/><E17/><V91/><F66/><W117/><G117/><T127/><D118/><U61/><E93/><V111/><F70/><W78/><G78/><T110/><D132/><U54/><E31/><V12/><REACH who="2" step="1"/><F111/><REACH who="2" ten="217,285,133,355" step="2"/><N who="0" m="42506" /><D128/><U107/><E107/><V53/><AGARI ba="0,1" hai="12,18,23,44,48,53,62,63,80,83,85,87,89,91" machi="53" ten="20,12000,2" yaku="1,1,0,1,7,1,9,1,8,1,52,2,53,0" doraHai="81" doraHaiUra="34" who="2" fromWho="2" sc="217,-30,285,-60,133,130,355,-30" /><INIT seed="6,0,0,1,1,61" ten="187,225,263,325" oya="2" hai0="22,121,109,110,56,11,13,37,64,127,123,115,1" hai1="21,57,20,17,116,39,101,128,63,29,113,111,5" hai2="9,90,28,73,74,25,83,124,80,68,2,26,93" hai3="4,96,108,3,10,104,102,18,44,38,112,89,31"/><V33/><F124/><W76/><G108/><T58/><D1/><U54/><E111/><N who="0" m="42505" /><D22/><U34/><E116/><V47/><F68/><W62/><G31/><T126/><D13/><U106/><E113/><V55/><F25/><W60/><G112/><T49/><D11/><U45/><E128/><V107/><F107/><W119/><G119/><T70/><D115/><U72/><E72/><V67/><F80/><W118/><G118/><T114/><D114/><U132/><E132/><V6/><F47/><W12/><G89/><T85/><D37/><U105/><E5/><V134/><F55/><W69/><G76/><T71/><D85/><U81/><E81/><V41/><F41/><W23/><G69/><N who="0" m="26123" /><D49/><U48/><E39/><V86/><F134/><W95/><G104/><T66/><D56/><U59/><E57/><V84/><F84/><W117/><G117/><T133/><D133/><U24/><E101/><V32/><F32/><W82/><G82/><T92/><D92/><U99/><E99/><V42/><F42/><W43/><AGARI ba="0,0" hai="3,4,10,12,18,23,38,43,44,60,62,95,96,102" machi="43" ten="30,1100,0" yaku="0,1" doraHai="61" who="3" fromWho="3" sc="187,-3,225,-3,263,-5,325,11" /><INIT seed="7,0,0,3,2,82" ten="184,222,258,336" oya="3" hai0="24,18,13,72,93,101,84,42,8,52,97,130,1" hai1="119,56,90,62,85,36,30,70,57,76,107,3,27" hai2="67,23,106,5,49,114,125,95,132,87,31,45,96" hai3="38,121,0,83,112,88,20,59,25,98,117,124,61"/><W135/><G0/><T123/><D130/><U41/><E3/><V86/><F5/><W34/><G34/><T99/><D123/><U122/><E107/><V104/><F104/><W12/><G38/><T43/><D72/><U58/><E122/><V79/><F106/><W71/><G71/><T7/><D24/><U10/><E76/><V53/><F114/><W64/><G117/><T92/><D84/><N who="2" m="32298" /><F67/><W39/><G39/><T44/><D7/><U32/><E10/><V11/><F11/><W115/><G124/><T37/><D1/><U60/><E70/><V133/><F79/><W35/><G35/><T26/><D26/><U118/><E41/><V129/><F23/><W74/><G135/><N who="2" m="51785" /><F129/><W28/><G121/><T75/><D75/><U91/><E36/><V110/><F110/><W109/><G109/><T134/><D134/><U21/><E32/><V128/><F128/><W2/><G2/><T127/><D127/><U81/><E91/><N who="2" m="55423" /><F125/><W100/><G112/><T16/><D18/><U6/><E6/><V40/><F31/><W113/><G113/><T89/><D37/><U78/><E78/><V73/><F73/><W48/><G115/><T9/><D8/><U51/><E119/><V29/><F29/><W108/><G108/><T50/><AGARI ba="0,0" hai="9,13,16,42,43,44,50,52,89,92,93,97,99,101" machi="50" ten="30,7900,0" yaku="0,1,8,1,54,2" doraHai="82" who="0" fromWho="0" sc="184,79,222,-20,258,-20,336,-39" /><INIT seed="8,0,0,4,2,56" ten="263,202,238,297" oya="0" hai0="122,81,98,89,120,48,69,45,1,6,31,93,106" hai1="132,14,92,88,90,108,58,75,68,73,19,12,42" hai2="23,135,10,111,36,30,71,59,67,43,72,97,34" hai3="46,21,123,24,95,57,80,113,85,63,112,55,66"/><T52/><D106/><U103/><E108/><V60/><F111/><W84/><G123/><T102/><D31/><U11/><E68/><V74/><F135/><W53/><G112/><T94/><D69/><U41/><E132/><V118/><F10/><W134/><G113/><T17/><D6/><U54/><E75/><V18/><F71/><W32/><G32/><T121/><D1/><U47/><E73/><V83/><F34/><W7/><G7/><T2/><D2/><U91/><E14/><V104/><F30/><N who="3" m="17679" /><G134/><T16/><D81/><U78/><E78/><V82/><F83/><W124/><G124/><T87/><AGARI ba="0,0" hai="16,17,45,48,52,87,89,93,94,98,102,120,121,122" machi="87" ten="30,6000,0" yaku="0,1,54,2" doraHai="56" who="0" fromWho="0" sc="263,60,202,-20,238,-20,297,-20" owari="323,42.0,182,-32.0,218,-18.0,277,8.0" /></mjloggm>