<mjloggm ver="2.3"><GO type="169" lobby="0"/><UN n0="%E3%81%9D%E3%81%B5%E3%81%81%E3%82%82%E3%82%93" n1="%2D%E6%84%9B%E5%AE%95%E7%B5%B9%E6%81%B5%2D" n2="%E3%81%8B%E3%82%81%E3%81%98%E3%82%8D%E3%81%86" n3="%E6%98%8E%E6%97%A5%E3%81%AE%E3%82%86%E3%81%8F%E3%81%88" dan="16,16,16,17" rate="2125.80,2140.12,2159.37,2245.00" sx="M,M,M,M"/><TAIKYOKU oya="0"/><INIT seed="0,0,0,5,5,126" ten="250,250,250,250" oya="0" hai0="22,7,135,55,53,133,57,104,44,84,100,119,61" hai1="90,27,85,129,132,128,79,112,72,91,76,42,103" hai2="45,89,130,18,25,26,99,122,93,51,38,66,52" hai3="123,131,14,24,29,125,68,111,116,101,121,15,8"/><T20/><D119/><U9/><E42/><V2/><F122/><N who="3" m="46603" /><G101/><T127/><D7/><U62/><E132/><N who="0" m="50761" /><D127/><U97/><E112/><V81/><F2/><W43/><G43/><T124/><D124/><U28/><E72/><V74/><F38/><W108/><G68/><T39/><D84/><U83/><E9/><V75/><F66/><W54/><G54/><T59/><D44/><U78/><E62/><V60/><F60/><W63/><G63/><N who="0" m="36271" /><D39/><U33/><REACH who="1" step="1"/><E90/><REACH who="1" ten="250,240,250,250" step="2"/><V3/><F75/><W40/><G40/><T10/><D10/><U1/><E1/><V41/><F3/><W11/><G125/><T21/><D100/><U77/><N who="1" m="19456" /><DORA hai="86" /><U32/><E32/><V48/><F74/><W96/><G116/><T92/><D104/><AGARI ba="0,1" hai="27,28,33,83,85,91,97,103,104,128,129" m="19456" machi="104" ten="50,8000,1" yaku="1,1,52,3,53,1" doraHai="126,86" doraHaiUra="98,17" who="1" fromWho="0" sc="250,-80,240,90,250,0,250,0" /><INIT seed="1,0,0,3,5,78" ten="170,330,250,250" oya="1" hai0="26,104,42,37,16,74,50,68,55,0,43,69,46" hai1="93,103,44,41,71,80,120,64,126,40,62,91,28" hai2="98,97,31,96,25,101,125,20,63,34,106,70,61" hai3="13,135,45,72,4,105,17,65,131,107,30,9,22"/><U53/><E120/><V47/><F125/><W21/><G131/><T90/><D74/><U27/><E126/><V110/><F110/><W39/><G135/><T3/><D104/><U108/><E108/><V94/><F47/><W38/><G65/><T99/><D69/><U81/><E53/><V19/><F70/><W118/><G118/><T116/><D68/><U124/><E103/><V12/><REACH who="2" step="1"/><F97/><REACH who="2" ten="170,330,240,250" step="2"/><W2/><G45/><T112/><D99/><U88/><E124/><V24/><F24/><W113/><G113/><T77/><D26/><U18/><E44/><V6/><F6/><W7/><G39/><T52/><D37/><U73/><E71/><V111/><F111/><W92/><G38/><T10/><D46/><U127/><E127/><V48/><F48/><W115/><G115/><T95/><D50/><U29/><E27/><V32/><F32/><W75/><G7/><T5/><D5/><U15/><E41/><V14/><F14/><W57/><G57/><T1/><D43/><U114/><E40/><V89/><AGARI ba="0,1" hai="12,19,20,25,31,34,61,63,89,94,96,98,101,106" machi="89" ten="20,2700,0" yaku="1,1,0,1,7,1,53,0" doraHai="78" doraHaiUra="123" who="2" fromWho="2" sc="170,-7,330,-13,240,37,250,-7" /><INIT seed="2,0,0,5,2,133" ten="163,317,277,243" oya="2" hai0="128,77,57,20,37,96,7,45,38,30,99,42,122" hai1="129,97,89,34,109,127,23,93,118,43,115,56,104" hai2="67,126,120,112,14,13,66,78,85,134,82,53,102" hai3="76,5,61,88,87,117,35,111,44,107,108,110,91"/><V24/><F120/><W71/><G117/><T121/><D128/><U19/><E115/><V4/><F112/><W123/><G123/><T125/><D7/><U72/><E118/><V27/><F134/><W101/><G35/><T21/><D57/><U135/><E135/><V52/><F102/><W74/><G5/><T32/><D77/><U12/><E129/><V92/><F92/><N who="3" m="54303" /><G44/><T73/><D45/><U16/><E109/><V103/><F103/><W8/><G8/><T70/><D42/><U68/><E68/><V10/><F14/><W130/><G61/><T132/><D132/><U47/><E72/><V41/><F41/><W95/><G71/><T65/><D70/><U63/><E104/><V83/><F83/><N who="3" m="45463" /><G130/><T100/><D100/><U36/><E34/><V33/><F33/><W26/><G26/><N who="2" m="9769" /><F126/><W6/><G6/><T59/><D73/><U64/><E127/><V17/><F4/><W39/><G39/><T40/><D32/><U60/><E60/><V25/><N who="2" m="9777" /><V3/><DORA hai="69" /><F3/><W98/><G91/><T22/><D40/><U75/><E19/><V80/><F80/><W28/><G28/><T46/><D30/><U79/><E16/><V49/><F49/><W90/><G90/><T105/><D37/><U48/><E36/><V94/><F94/><AGARI ba="0,0" hai="94,95,98,101,107,108,110,111" m="45463,54303" machi="94" ten="30,8000,1" yaku="24,1,14,1,34,2,54,1" doraHai="133,69" who="3" fromWho="2" sc="163,0,317,0,277,-80,243,80" /><INIT seed="3,0,0,5,5,77" ten="163,317,197,323" oya="3" hai0="83,9,26,4,85,20,50,126,31,102,23,94,46" hai1="54,129,122,71,0,118,127,130,58,135,24,11,65" hai2="19,62,125,56,38,29,21,67,89,114,101,10,35" hai3="110,73,3,103,22,72,74,52,61,57,69,55,44"/><W33/><G33/><T28/><D126/><U68/><E122/><V76/><F114/><W2/><G69/><T60/><D60/><U106/><E106/><V131/><F125/><W116/><G116/><T34/><D94/><U78/><E127/><V53/><F131/><N who="1" m="50185" /><E65/><V79/><F38/><W43/><G103/><T92/><D92/><U119/><E24/><V40/><F40/><W104/><G104/><T115/><D102/><U27/><E27/><V42/><F42/><W120/><G120/><T12/><D115/><U17/><E78/><V25/><F101/><W123/><G123/><T6/><D4/><N who="1" m="1415" /><E135/><V96/><F67/><W41/><G110/><T111/><D31/><U70/><E17/><V47/><F10/><W100/><G100/><T30/><D30/><U105/><E105/><V36/><F36/><W32/><G32/><T128/><D111/><U59/><E59/><V82/><F47/><W45/><G22/><T124/><D124/><U98/><E98/><V5/><F5/><W121/><G121/><T8/><D8/><U87/><E87/><N who="2" m="50423" /><F96/><W63/><G57/><T16/><D6/><U75/><E75/><V51/><F35/><W117/><REACH who="3" step="1"/><G73/><REACH who="3" ten="163,317,197,313" step="2"/><T90/><REACH who="0" step="1"/><D128/><REACH who="0" ten="153,317,197,313" step="2"/><U132/><E118/><V134/><F21/><W18/><G18/><T91/><D91/><U14/><E119/><V86/><F19/><W15/><G15/><T133/><D133/><U81/><E14/><V97/><F134/><W112/><G112/><T49/><D49/><N who="1" m="31055" /><E132/><V39/><F51/><W88/><G88/><T64/><D64/><U1/><E1/><V99/><F39/><RYUUKYOKU ba="0,2" sc="153,10,317,10,197,-30,313,10" hai0="9,12,16,20,23,26,28,34,46,50,83,85,90" hai1="68,70,71,81" hai3="2,3,41,43,44,45,52,55,61,63,72,74,117" /><INIT seed="3,1,2,0,4,121" ten="163,327,167,323" oya="3" hai0="47,3,112,122,94,125,11,106,48,29,109,93,37" hai1="2,96,1,40,21,107,134,132,110,26,69,27,75" hai2="39,46,14,114,42,20,103,85,65,87,32,45,115" hai3="131,17,55,34,86,60,53,30,66,64,22,35,82"/><W98/><G131/><T100/><D122/><U71/><E40/><V101/><F32/><W24/><G34/><T33/><D37/><U18/><E75/><V41/><F65/><W89/><G64/><T62/><D62/><U43/><E43/><V90/><F14/><W91/><G35/><T104/><D93/><U13/><E107/><V77/><F20/><W8/><G8/><T59/><D59/><U108/><E96/><V72/><F72/><W38/><G38/><T127/><D94/><U57/><E57/><V118/><F77/><W10/><G89/><T16/><D100/><U0/><E27/><V56/><F56/><N who="3" m="37127" /><G98/><T6/><D112/><U81/><E81/><V105/><F90/><W74/><G74/><T123/><D123/><U97/><E97/><V117/><F39/><W50/><G50/><T51/><D51/><U5/><E69/><V88/><F88/><W4/><G4/><T73/><D73/><U102/><E102/><V119/><REACH who="2" step="1"/><F117/><REACH who="2" ten="163,327,157,323" step="2"/><W36/><G36/><T84/><D33/><U7/><E13/><AGARI ba="1,3" hai="10,13,17,22,24,30,53,55,82,86,91" m="37127" machi="13" ten="30,1500,0" yaku="8,1" doraHai="121" who="3" fromWho="1" sc="163,0,327,-18,157,0,323,48" /><INIT seed="3,2,0,5,1,93" ten="163,309,157,371" oya="3" hai0="67,128,3,22,70,16,21,69,52,79,53,15,101" hai1="108,4,90,6,92,13,103,45,14,19,36,130,46" hai2="98,11,94,17,81,77,107,23,66,61,118,122,10" hai3="60,5,105,28,73,0,75,24,30,114,125,104,132"/><W124/><G60/><T127/><D3/><U42/><E108/><V51/><F107/><N who="3" m="41035" /><G114/><T29/><D128/><U39/><E103/><V68/><F118/><W55/><G55/><T111/><D127/><N who="3" m="48713" /><G132/><T74/><D111/><U59/><E130/><V57/><F122/><W115/><G115/><T64/><D101/><U113/><E113/><V117/><F117/><W72/><G24/><N who="0" m="16527" /><D74/><N who="3" m="18945" /><W9/><AGARI ba="2,0" hai="0,5,9,28,30" m="18945,48713,41035" machi="9" ten="50,4800,0" yaku="4,1,18,1" doraHai="93" who="3" fromWho="3" sc="163,-18,309,-18,157,-18,371,54" /><INIT seed="3,3,0,4,3,59" ten="145,291,139,425" oya="3" hai0="105,11,25,76,30,41,93,126,7,69,61,70,37" hai1="91,99,5,62,117,132,115,74,53,16,100,3,46" hai2="1,75,32,87,20,14,118,50,48,102,94,109,104" hai3="88,0,120,2,84,18,83,98,10,101,24,135,133"/><W6/><G0/><T112/><D126/><U121/><E115/><V95/><F118/><W63/><G120/><T125/><D125/><U134/><E121/><V97/><F32/><W52/><G18/><T17/><D17/><U65/><E74/><V123/><F1/><W44/><G24/><T64/><D112/><U107/><E117/><V31/><F109/><W39/><G39/><T26/><D76/><U96/><E16/><V110/><F110/><W86/><G86/><T85/><D105/><U55/><E46/><V89/><F123/><W113/><G113/><T35/><D26/><U15/><E15/><V56/><F75/><W36/><G36/><T128/><D128/><U27/><E27/><V19/><F31/><W54/><G44/><N who="0" m="23599" /><D93/><N who="1" m="56383" /><E5/><V33/><F33/><W81/><G81/><T4/><D85/><U119/><E3/><V68/><F68/><W80/><G80/><T58/><D4/><U122/><E119/><V79/><F79/><W12/><G2/><N who="0" m="503" /><D58/><N who="1" m="37079" /><E122/><V66/><REACH who="2" step="1"/><F104/><REACH who="2" ten="145,291,129,425" step="2"/><W129/><G129/><T23/><D70/><U57/><E107/><V108/><F108/><W92/><REACH who="3" step="1"/><G63/><AGARI ba="3,1" hai="14,19,20,48,50,56,63,66,87,89,94,95,97,102" machi="63" ten="40,5200,0" yaku="1,1,8,1,52,1,53,0" doraHai="59" doraHaiUra="42" who="2" fromWho="3" sc="145,0,291,0,129,71,425,-61" /><INIT seed="4,0,0,1,0,123" ten="145,291,200,364" oya="0" hai0="62,116,87,125,130,6,108,3,127,52,47,114,84" hai1="23,100,56,66,26,32,83,85,132,48,10,115,1" hai2="95,11,93,107,70,80,96,64,63,90,109,7,97" hai3="50,51,28,29,65,41,135,98,104,89,60,8,103"/><T9/><D116/><U18/><E132/><V75/><F107/><W91/><G135/><T129/><D114/><U4/><E115/><V49/><F109/><W30/><G8/><T88/><D108/><U53/><E100/><V79/><F49/><W12/><G12/><T35/><D35/><U20/><E66/><V67/><F70/><W86/><G41/><T76/><D76/><U27/><E32/><V36/><F36/><W110/><G89/><T46/><D87/><U126/><E126/><N who="0" m="48137" /><D62/><U82/><E85/><V120/><F63/><W134/><G134/><T31/><D31/><AGARI ba="0,0" hai="1,4,10,18,20,23,26,27,31,48,53,56,82,83" machi="31" ten="30,1000,0" yaku="7,1" doraHai="123" who="1" fromWho="0" sc="145,-10,291,10,200,0,364,0" /><INIT seed="5,0,0,4,4,82" ten="135,301,200,364" oya="1" hai0="19,132,46,12,18,126,81,105,32,72,57,67,83" hai1="13,68,97,60,8,38,113,10,44,104,122,114,119" hai2="102,70,93,94,127,87,63,107,86,62,50,22,45" hai3="78,92,1,20,28,75,110,77,69,66,2,88,117"/><U21/><E119/><V71/><F127/><W106/><G110/><T123/><D105/><U26/><E122/><V51/><F107/><W4/><G106/><T135/><D32/><U15/><E38/><V41/><F22/><W47/><G117/><T116/><D116/><U118/><E44/><V36/><F36/><W129/><G47/><T131/><D46/><U9/><E68/><V79/><F45/><W40/><G40/><T74/><D12/><U59/><E118/><V48/><F79/><W100/><G100/><T125/><D57/><U95/><E104/><V56/><F102/><W76/><G75/><N who="0" m="28715" /><D67/><U103/><E15/><V55/><F41/><W128/><G20/><T3/><D3/><U43/><E13/><V98/><F98/><W120/><G28/><T73/><N who="0" m="28723" /><T24/><DORA hai="17" /><D24/><U64/><REACH who="1" step="1"/><E43/><REACH who="1" ten="135,291,200,364" step="2"/><V91/><F71/><W85/><G120/><T134/><D123/><U6/><E6/><V124/><F124/><N who="0" m="47722" /><D131/><N who="3" m="50249" /><G4/><T29/><D29/><AGARI ba="0,1" hai="8,9,10,21,26,29,59,60,64,95,97,103,113,114" machi="29" ten="40,18000,2" yaku="1,1,25,2,52,1,53,2" doraHai="82,17" doraHaiUra="58,90" who="1" fromWho="0" sc="135,-180,291,190,200,0,364,0" owari="-45,-55.0,481,59.0,200,-20.0,364,16.0" /></mjloggm>