<mjloggm ver="2.3"><GO type="169" lobby="0"/><UN n0="%E6%BB%9D%E6%9C%AC%E3%81%B2%E3%81%B5%E3%81%BF%EF%BC%81" n1="%E3%82%82%E3%82%8A%E3%81%9E%E3%83%BC%33%38" n2="%E5%96%9C%E4%B9%85%E9%BA%BF%EF%BC%A0%E4%BA%8C%E4%BB%A3%E7%9B%AE" n3="%E3%82%82%E3%82%93%E3%81%94%E3%82%8B%30%36%31%35" dan="17,17,16,17" rate="2155.23,2198.39,2123.54,2183.61" sx="M,M,M,M"/><TAIKYOKU oya="0"/><INIT seed="0,0,0,5,5,89" ten="250,250,250,250" oya="0" hai0="27,124,80,49,1,132,84,47,71,23,70,48,60" hai1="31,129,135,20,74,112,107,105,25,6,97,101,90" hai2="78,114,87,13,28,83,39,41,40,52,62,56,81" hai3="61,98,32,59,127,119,53,102,118,30,125,72,79"/><T111/><D124/><N who="3" m="47689" /><G32/><T92/><D132/><U44/><E135/><V94/><F114/><W2/><G2/><T106/><D106/><U50/><E129/><V26/><F39/><W104/><G30/><T16/><D1/><U113/><E74/><V66/><F83/><AGARI ba="0,0" hai="53,59,61,72,79,83,98,102,104,118,119" m="47689" machi="83" ten="30,1000,0" yaku="18,1" doraHai="89" who="3" fromWho="2" sc="250,0,250,0,250,-10,250,10" /><INIT seed="1,0,0,2,0,16" ten="250,250,240,260" oya="1" hai0="63,19,44,59,28,24,30,42,87,32,96,115,8" hai1="104,52,69,85,130,20,54,89,99,58,57,17,88" hai2="121,3,62,37,101,127,47,34,78,18,56,119,122" hai3="86,102,6,109,113,5,120,14,1,112,65,66,108"/><U23/><E69/><V114/><F119/><W133/><G102/><T124/><D115/><U40/><E130/><V49/><F34/><W60/><G1/><T116/><D124/><U126/><E126/><V107/><F127/><W27/><G27/><T110/><D110/><N who="3" m="42601" /><G14/><T26/><D116/><U51/><E40/><V106/><F3/><W98/><G98/><T84/><D96/><U75/><E75/><V111/><F114/><N who="3" m="44139" /><G86/><T71/><D71/><U10/><E104/><V36/><F78/><W92/><G92/><T74/><D74/><U4/><E99/><V41/><F18/><W135/><G120/><T134/><D19/><U48/><E17/><V132/><F101/><W13/><G13/><T131/><D8/><U129/><E129/><V76/><F76/><W25/><G25/><T117/><D131/><U45/><E45/><V39/><F111/><W33/><G33/><T125/><D125/><U38/><E38/><V64/><F106/><W90/><G90/><N who="1" m="34922" /><E85/><V31/><F107/><W105/><G105/><T0/><D0/><U67/><E67/><N who="3" m="25610" /><G60/><T100/><D100/><U29/><E29/><V128/><F31/><W94/><G94/><T72/><D72/><U93/><E93/><V46/><F128/><W91/><G91/><T12/><D28/><U61/><E61/><N who="2" m="37927" /><F121/><W2/><G2/><T77/><D30/><U118/><E118/><V70/><F122/><W81/><G81/><T11/><D117/><U21/><E10/><V97/><F97/><W80/><G80/><T55/><D32/><U103/><E103/><V22/><F70/><W35/><G35/><RYUUKYOKU ba="0,0" sc="250,-15,250,15,240,-15,260,15" hai1="4,20,21,23,48,51,52,54,57,58" hai3="5,6,133,135" /><INIT seed="1,1,0,3,3,68" ten="235,265,225,275" oya="1" hai0="89,62,58,80,84,118,120,42,105,13,65,101,2" hai1="91,53,20,115,96,100,106,113,73,77,45,75,93" hai2="85,35,50,52,122,117,11,108,119,0,14,12,24" hai3="37,112,47,54,125,33,63,31,44,114,22,60,76"/><U98/><E20/><V128/><F122/><W1/><G1/><T17/><D118/><U126/><E53/><V6/><F108/><W55/><G33/><T79/><D2/><U36/><E126/><V86/><F128/><W15/><G31/><T26/><D120/><U48/><E48/><V99/><F119/><W116/><G15/><T34/><D42/><U111/><E45/><V4/><F117/><W16/><G22/><T23/><D105/><U95/><E36/><V41/><F41/><N who="3" m="22575" /><G16/><T19/><D101/><N who="1" m="62759" /><E111/><V51/><F99/><W59/><G76/><T38/><D38/><U57/><E57/><V32/><F52/><N who="3" m="33895" /><G116/><T130/><D130/><U10/><E10/><V82/><F82/><W5/><G5/><T72/><D34/><U107/><E115/><V129/><F0/><W78/><G78/><T97/><D97/><N who="1" m="61839" /><E77/><V43/><F129/><W81/><G125/><T134/><D17/><U124/><E113/><V25/><REACH who="2" step="1"/><F43/><REACH who="2" ten="235,265,215,275" step="2"/><W46/><G114/><T30/><D79/><U29/><E124/><V94/><F94/><W88/><G112/><T67/><D80/><U66/><E66/><V104/><F104/><W103/><G81/><N who="0" m="49295" /><D65/><U64/><E64/><V61/><F61/><W74/><G63/><T102/><D62/><U135/><E93/><V92/><F92/><W7/><G55/><T3/><D67/><U133/><E29/><V56/><F56/><W39/><G54/><T131/><D58/><U109/><E109/><V28/><F28/><W121/><G121/><T49/><D131/><U9/><E9/><AGARI ba="1,1" hai="4,6,9,11,12,14,24,25,32,35,50,51,85,86" machi="9" ten="25,3200,0" yaku="1,1,22,2,53,0" doraHai="68" doraHaiUra="69" who="2" fromWho="1" sc="235,0,265,-35,215,45,275,0" /><INIT seed="2,0,0,0,0,64" ten="235,230,260,275" oya="2" hai0="81,61,88,58,107,31,0,118,60,16,114,73,100" hai1="26,15,62,25,12,49,80,1,34,8,74,6,69" hai2="133,110,45,37,51,35,135,36,86,90,14,46,93" hai3="121,126,106,76,38,22,44,28,84,105,79,23,24"/><V32/><F14/><N who="1" m="5161" /><E49/><V54/><F110/><W103/><G121/><T78/><D114/><U83/><E62/><V4/><F4/><W9/><G103/><T19/><D118/><U7/><E74/><V57/><F57/><W111/><G111/><T41/><D0/><N who="1" m="71" /><E69/><V91/><F91/><W129/><G9/><T55/><D41/><U70/><E70/><V116/><F116/><W92/><G105/><T113/><D113/><U47/><E47/><V117/><F117/><W21/><G106/><T48/><D60/><U115/><E80/><V87/><F87/><W27/><G38/><N who="2" m="14953" /><F46/><W2/><G44/><T72/><D72/><U98/><E83/><V33/><F45/><W42/><G42/><T124/><D124/><U132/><E98/><V120/><F120/><W75/><G126/><T50/><D50/><U104/><E104/><V68/><F51/><W29/><G2/><T130/><D48/><U89/><E89/><V94/><F54/><W109/><G109/><T82/><D130/><U65/><E65/><V127/><F127/><W85/><G129/><T20/><D100/><U71/><E71/><V18/><F68/><W77/><G92/><T3/><D107/><U39/><E39/><V128/><F128/><W66/><G66/><T63/><D63/><U134/><E115/><V10/><F93/><W67/><G67/><T122/><D122/><U96/><E96/><V99/><F99/><W17/><G75/><T95/><D81/><U97/><E97/><V108/><F108/><W59/><G59/><T101/><D73/><U119/><E119/><V56/><F56/><RYUUKYOKU ba="0,0" sc="235,-15,230,-15,260,15,275,15" hai2="10,18,32,33,35,86,90,94,133,135" hai3="17,21,22,23,24,27,28,29,76,77,79,84,85" /><INIT seed="2,1,0,5,2,20" ten="220,215,275,290" oya="2" hai0="58,57,108,77,93,61,97,116,87,94,128,15,90" hai1="24,30,40,44,68,55,86,125,69,28,22,105,1" hai2="122,73,131,82,7,51,83,106,14,78,101,132,95" hai3="129,38,103,111,50,41,98,56,63,49,3,110,64"/><V135/><F7/><W17/><G3/><T70/><D108/><N who="3" m="41513" /><G17/><T118/><D128/><U71/><E1/><V25/><F14/><W96/><G96/><T123/><D123/><U124/><E105/><V113/><F51/><N who="3" m="19467" /><G98/><T23/><D70/><U126/><E55/><V107/><F25/><W47/><G103/><T46/><D46/><U11/><E11/><V114/><F122/><W79/><G79/><T0/><D0/><U115/><E115/><N who="2" m="44043" /><F131/><AGARI ba="1,0" hai="38,41,47,56,63,64,129,131" m="19467,41513" machi="131" ten="30,3900,0" yaku="14,1,34,2" doraHai="20" who="3" fromWho="2" sc="220,0,215,0,275,-42,290,42" /><INIT seed="3,0,0,2,5,99" ten="220,215,233,332" oya="3" hai0="60,39,67,7,12,82,73,52,102,28,76,87,59" hai1="106,11,89,63,68,51,110,44,2,105,127,75,26" hai2="86,118,115,5,116,45,83,18,121,58,84,9,54" hai3="135,101,94,19,6,124,10,42,48,117,50,32,131"/><W100/><G32/><T119/><D119/><U133/><E110/><V129/><F129/><W104/><G104/><T114/><D39/><U56/><E127/><V65/><F115/><W130/><G94/><T22/><D114/><U36/><E75/><V80/><F121/><W69/><G69/><T96/><D73/><U85/><E133/><V122/><F122/><W30/><G30/><T93/><D7/><U24/><E36/><V111/><F111/><W112/><G112/><T57/><D12/><U70/><E70/><V49/><F18/><W97/><G97/><T13/><D13/><U61/><E68/><V78/><F58/><W62/><G62/><T95/><D95/><U40/><E63/><V16/><F65/><W25/><G117/><T27/><REACH who="0" step="1"/><D57/><REACH who="0" ten="210,215,233,332" step="2"/><U31/><E106/><V74/><F5/><W126/><G135/><T41/><D41/><U17/><E105/><V71/><F74/><W92/><G92/><T23/><D23/><N who="1" m="15775" /><E2/><V77/><F71/><W53/><G6/><T113/><D113/><U103/><E11/><V107/><F107/><W66/><G10/><T108/><D108/><U34/><E34/><V38/><F38/><W109/><G109/><T47/><D47/><U128/><E56/><V132/><F132/><W14/><G14/><AGARI ba="0,1" hai="9,14,16,45,49,54,77,78,80,83,84,86,116,118" machi="14" ten="40,2600,0" yaku="9,1,54,1" doraHai="99" who="2" fromWho="3" sc="210,0,215,0,233,36,332,-26" /><INIT seed="4,0,0,1,5,94" ten="210,215,269,306" oya="0" hai0="23,20,131,133,71,60,0,32,92,120,95,47,78" hai1="76,68,48,119,24,30,28,57,98,1,18,64,70" hai2="86,10,87,26,96,80,117,107,84,39,6,100,122" hai3="104,106,14,73,66,113,9,105,3,34,83,69,52"/><T74/><D120/><U89/><E119/><V51/><F39/><W43/><G113/><T67/><D131/><U42/><E1/><V81/><F122/><W44/><G34/><T82/><D32/><U72/><E76/><V41/><F117/><W35/><G35/><T110/><D0/><U109/><E72/><V99/><F26/><W62/><G14/><T135/><D47/><U55/><E109/><V19/><F19/><W49/><G3/><T108/><D92/><U65/><E70/><V126/><F126/><W15/><G83/><T125/><D95/><N who="1" m="56687" /><E68/><V85/><N who="2" m="21504" /><DORA hai="132" /><V7/><F107/><W134/><G73/><T4/><D4/><N who="2" m="1578" /><F10/><W50/><G134/><N who="0" m="51211" /><D125/><U38/><E38/><V63/><F100/><W22/><G22/><AGARI ba="0,0" hai="20,22,23,60,67,71,74,78,82,108,110" m="51211" machi="22" ten="30,1500,0" yaku="20,1" doraHai="94,132" who="0" fromWho="3" sc="210,15,215,0,269,0,306,-15" /><INIT seed="4,1,0,4,2,126" ten="225,215,269,291" oya="0" hai0="25,82,38,72,98,62,130,33,29,115,86,75,135" hai1="10,32,41,31,1,93,4,2,59,74,15,92,6" hai2="7,3,90,24,99,89,71,111,49,45,48,60,119" hai3="54,106,27,101,44,64,84,17,77,28,65,97,22"/><T66/><D115/><U79/><E41/><V129/><F111/><W37/><G77/><T63/><D38/><U20/><E79/><V80/><F119/><W26/><G84/><T13/><D135/><U105/><E105/><V61/><F24/><W103/><G103/><T53/><D53/><U68/><E68/><V73/><F7/><N who="1" m="2601" /><E59/><V19/><F3/><N who="1" m="1033" /><E74/><V39/><F19/><W58/><G44/><T91/><D62/><U118/><E92/><V127/><F39/><W133/><G37/><T34/><D34/><U42/><E93/><V9/><F9/><W122/><G133/><T23/><D98/><U107/><E107/><V117/><F127/><W102/><G102/><T94/><D94/><U52/><E52/><V69/><F45/><W50/><G122/><T113/><D113/><U88/><E88/><V109/><F109/><W123/><G123/><T5/><D72/><U108/><E42/><V36/><F73/><W87/><G87/><T40/><D40/><U8/><E118/><V12/><F36/><W95/><REACH who="3" step="1"/><G106/><REACH who="3" ten="225,215,269,281" step="2"/><T18/><D75/><U56/><E108/><V0/><F117/><W30/><G30/><T55/><D86/><U85/><E85/><V110/><F110/><W100/><G100/><T131/><D91/><U83/><E83/><V51/><F80/><W43/><G43/><T67/><D82/><U124/><E124/><V96/><F99/><W81/><G81/><T21/><D33/><AGARI ba="1,1" hai="17,22,26,27,28,33,50,54,58,64,65,95,97,101" machi="33" ten="30,2000,0" yaku="1,1,7,1,53,0" doraHai="126" doraHaiUra="70" who="3" fromWho="0" sc="225,-23,215,0,269,0,281,33" /><INIT seed="5,0,0,5,2,44" ten="202,215,269,314" oya="1" hai0="54,61,25,127,96,18,128,105,33,23,104,46,14" hai1="62,69,34,35,74,42,27,28,87,41,19,82,95" hai2="72,83,84,45,21,103,121,63,135,120,13,99,110" hai3="31,102,100,47,36,32,40,112,2,97,39,11,78"/><U38/><E35/><V70/><F110/><W118/><G100/><T6/><D127/><U111/><E111/><V123/><F135/><W43/><G112/><T77/><D128/><U1/><E38/><V126/><F126/><W0/><G32/><T132/><D132/><U17/><E1/><V85/><F72/><W71/><G31/><T91/><D77/><U124/><E124/><V117/><F117/><W16/><G71/><T58/><D46/><U60/><E74/><V130/><F130/><W48/><G78/><T76/><D76/><N who="1" m="46535" /><E34/><V67/><F45/><W51/><G40/><N who="1" m="15466" /><E69/><V10/><F21/><W81/><G81/><T122/><D122/><U56/><E28/><V119/><F119/><W37/><G118/><T92/><REACH who="0" step="1"/><D33/><REACH who="0" ten="192,215,269,314" step="2"/><U109/><E109/><V57/><F123/><W24/><G47/><T125/><D125/><U64/><E60/><V26/><F121/><W108/><G43/><T89/><D89/><U50/><E50/><V131/><F120/><W5/><G108/><T106/><D106/><U22/><E95/><V88/><F131/><W49/><G0/><T9/><AGARI ba="0,1" hai="6,9,14,18,23,25,54,58,61,91,92,96,104,105" machi="9" ten="30,8000,1" yaku="1,1,0,1,25,2,53,1" doraHai="44" doraHaiUra="7" who="0" fromWho="0" sc="192,90,215,-40,269,-20,314,-20" /><INIT seed="6,0,0,5,3,2" ten="282,175,249,294" oya="2" hai0="128,76,119,121,118,31,64,85,102,75,114,59,34" hai1="134,79,100,78,103,9,45,84,135,93,1,29,116" hai2="117,123,20,87,52,26,32,72,40,49,36,110,96" hai3="62,89,30,48,109,66,88,80,8,37,13,106,12"/><V57/><F117/><N who="0" m="44554" /><D121/><U61/><E29/><V94/><F72/><W126/><G37/><T0/><D0/><U14/><E1/><V17/><F123/><W5/><G106/><T19/><D102/><N who="1" m="38955" /><E116/><V120/><F120/><W58/><G126/><T27/><D114/><U21/><E21/><V28/><F110/><W97/><G30/><T54/><D64/><U74/><E61/><V77/><F36/><W130/><G130/><T63/><D19/><U104/><E45/><V7/><F7/><W23/><G97/><T38/><D38/><U35/><E35/><V67/><F40/><W65/><G65/><T39/><D39/><U41/><E41/><V51/><F67/><W3/><G109/><T69/><D69/><U95/><E14/><V129/><F129/><W86/><G48/><T101/><D75/><U44/><E9/><V98/><F49/><W108/><G108/><T42/><D42/><U22/><E22/><V125/><F125/><W105/><G105/><T73/><D73/><U71/><E71/><V115/><F115/><W18/><G3/><T24/><D24/><U46/><E104/><V99/><F32/><W127/><G127/><T53/><D128/><U47/><E74/><V70/><F70/><W82/><G82/><N who="0" m="47303" /><D53/><U4/><E4/><V122/><F122/><W25/><G25/><T68/><D68/><U11/><E11/><V16/><F28/><W10/><G10/><T90/><D27/><U83/><E78/><AGARI ba="0,0" hai="5,8,12,13,18,23,58,62,66,78,80,86,88,89" machi="78" ten="30,7700,0" yaku="7,1,8,1,52,1,54,1" doraHai="2" who="3" fromWho="1" sc="282,0,175,-77,249,0,294,77" /><INIT seed="7,0,0,2,4,60" ten="282,98,249,371" oya="3" hai0="66,126,47,49,62,6,111,3,26,42,120,38,74" hai1="10,75,16,34,88,79,57,119,12,103,15,17,132" hai2="43,4,22,27,63,114,116,135,28,37,94,105,107" hai3="104,56,2,109,68,46,85,65,92,102,113,73,40"/><W121/><G56/><T69/><D111/><U71/><E132/><V41/><F114/><W29/><G92/><T54/><D126/><U18/><E119/><V128/><F128/><W91/><G91/><T84/><D74/><U0/><E71/><V61/><F135/><W93/><G93/><T90/><D26/><U115/><E115/><V108/><F108/><W86/><G86/><T70/><D120/><U39/><E39/><V117/><F4/><W33/><G85/><T48/><D6/><U76/><E34/><V64/><F94/><W125/><G46/><N who="0" m="23895" /><D3/><U67/><E75/><V52/><F37/><W21/><G21/><T23/><D23/><U5/><E103/><V99/><F52/><W44/><G44/><N who="0" m="27911" /><D84/><U123/><E123/><V30/><F22/><W129/><G40/><N who="0" m="24807" /><D90/><U36/><E36/><V80/><F27/><W82/><G82/><T24/><D24/><U134/><E134/><V14/><F80/><W110/><G102/><T59/><AGARI ba="0,0" hai="59,62,66,69,70" m="24807,27911,23895" machi="59" ten="30,12000,2" yaku="35,5,52,1" doraHai="60" who="0" fromWho="0" sc="282,120,98,-30,249,-30,371,-60" owari="402,50.0,68,-43.0,219,-18.0,311,11.0" /></mjloggm>