<mjloggm ver="2.3"><GO type="185" lobby="0"/><UN n0="%6B%6F%7A" n1="%E3%82%B9%E3%83%88%E3%83%A9%EF%BC%81" n2="%E3%83%84%E3%83%BC%E3%82%A2%E3%82%A6%E3%83%88" n3="" dan="17,17,16,0" rate="2137.45,2230.30,2208.27,1500.00" sx="M,M,M,C"/><TAIKYOKU oya="0"/><INIT seed="0,0,0,4,2,80" ten="350,350,350,0" oya="0" hai0="64,132,127,97,82,89,87,68,48,107,83,100,33" hai1="47,122,86,35,119,58,134,74,53,32,84,96,0" hai2="128,131,95,36,129,102,72,3,43,70,104,126,118" hai3=""/><T103/><D33/><U77/><N who="1" m="31264" /><U42/><E0/><V49/><F3/><T105/><D132/><U101/><E119/><V123/><N who="2" m="31520" /><V116/><F72/><T45/><D127/><U79/><E134/><V63/><F104/><T125/><D125/><U94/><E32/><V91/><F126/><T93/><D83/><U90/><E74/><V73/><F73/><T92/><D92/><U38/><E84/><V62/><F102/><T111/><D111/><U37/><E37/><V99/><F36/><T121/><N who="0" m="31008" /><T40/><REACH who="0" step="1"/><D100/><REACH who="0" ten="340,350,350,0" step="2"/><U46/><E35/><V54/><F118/><T44/><D44/><U117/><E47/><V130/><F116/><T1/><D1/><U52/><E117/><V55/><F131/><T65/><D65/><U71/><E101/><V34/><F34/><T60/><AGARI ba="0,1" hai="40,45,48,60,64,68,82,87,89,93,97,103,105,107" m="31008" machi="60" ten="30,7800,0" yaku="1,1,0,1,52,2,53,0" doraHai="80" doraHaiUra="108" who="0" fromWho="0" sc="340,88,350,-39,350,-39,0,0" /><INIT seed="0,1,0,3,5,33" ten="428,311,311,0" oya="0" hai0="41,98,111,72,117,80,108,44,37,126,89,93,90" hai1="52,115,56,104,35,114,130,134,105,36,116,102,110" hai2="55,97,86,65,51,60,48,96,69,129,0,71,1" hai3=""/><T3/><D117/><U53/><E116/><V88/><F129/><T66/><D126/><U118/><E118/><V125/><F125/><T84/><D72/><U68/><E35/><V32/><F71/><T132/><D132/><U83/><E36/><V107/><F32/><T123/><N who="0" m="31520" /><T79/><D3/><U135/><E68/><V99/><F107/><T49/><D66/><U133/><E102/><V120/><N who="2" m="30752" /><V64/><F64/><T50/><REACH who="0" step="1"/><D79/><REACH who="0" ten="418,311,311,0" step="2"/><U119/><E119/><V127/><F127/><T54/><D54/><U121/><N who="1" m="31008" /><U85/><E53/><V101/><F101/><T67/><D67/><U47/><E52/><V106/><F106/><T43/><D43/><U59/><E134/><V87/><F55/><T95/><D95/><U39/><E104/><V109/><F1/><T46/><D46/><U73/><E73/><V131/><F0/><T82/><D82/><U91/><E105/><V128/><F128/><T57/><D57/><U103/><E59/><V42/><F131/><T92/><D92/><U70/><E56/><V122/><F42/><T63/><D63/><U58/><E58/><V124/><F124/><T77/><D77/><U78/><E133/><V2/><N who="2" m="31264" /><V113/><F2/><RYUUKYOKU ba="1,1" sc="418,20,311,-10,311,-10,0,0" hai0="37,41,44,49,50,80,84,89,90,93,98,108,111" /><INIT seed="0,2,1,1,5,73" ten="438,301,301,0" oya="0" hai0="34,135,44,125,70,32,69,85,113,96,131,105,67" hai1="2,86,57,79,98,89,60,116,92,33,66,91,55" hai2="90,100,103,3,41,123,65,40,42,63,127,117,52" hai3=""/><T121/><D113/><U107/><E116/><V95/><N who="2" m="31520" /><V68/><F117/><T108/><N who="0" m="31008" /><T54/><D131/><U87/><E33/><V38/><F3/><T126/><D135/><U114/><E2/><V50/><F38/><T51/><D108/><U53/><E114/><V111/><F127/><N who="0" m="48650" /><D85/><U80/><REACH who="1" step="1"/><E107/><REACH who="1" ten="438,291,301,0" step="2"/><V88/><F111/><T78/><D34/><U122/><N who="1" m="31264" /><U132/><E132/><V104/><F104/><T75/><D32/><U39/><E39/><V118/><F118/><T130/><D130/><U112/><E112/><V93/><F93/><AGARI ba="2,2" hai="53,55,57,60,66,79,80,86,87,89,91,92,93,98" m="31264" machi="93" ten="30,8000,1" yaku="1,1,7,1,8,1,52,2,53,0" doraHai="73" doraHaiUra="36" who="1" fromWho="2" sc="438,0,291,104,301,-84,0,0" /><INIT seed="1,0,0,1,2,48" ten="438,395,217,0" oya="1" hai0="134,80,123,117,62,128,92,99,76,85,46,3,84" hai1="120,122,64,32,66,100,132,51,63,68,77,78,35" hai2="88,69,74,119,111,112,79,130,95,56,108,57,133" hai3=""/><U40/><N who="1" m="30752" /><U96/><N who="1" m="31264" /><U42/><E132/><V37/><F133/><T49/><N who="0" m="31520" /><T127/><D3/><U115/><E115/><V129/><F69/><T131/><D134/><U90/><E90/><V65/><F37/><T118/><D85/><U71/><E51/><V81/><F112/><T43/><D62/><U41/><E96/><V82/><F119/><N who="0" m="45578" /><D127/><U52/><E100/><AGARI ba="0,0" hai="43,46,49,76,80,84,92,99,100,128,131" m="45578,31520" machi="100" ten="30,2000,0" yaku="12,1,52,1" doraHai="48" who="0" fromWho="1" sc="438,20,395,-20,217,0,0,0" /><INIT seed="2,0,0,4,3,64" ten="458,375,217,0" oya="2" hai0="61,49,91,78,75,125,94,116,90,98,70,92,59" hai1="52,45,101,117,89,109,112,44,85,42,118,38,53" hai2="43,56,1,132,121,100,48,72,131,55,47,76,84" hai3=""/><V119/><N who="2" m="31008" /><V97/><F119/><N who="1" m="45577" /><E109/><V108/><F108/><T50/><D125/><U126/><E126/><V113/><F131/><T111/><D116/><U67/><E112/><V105/><F113/><T40/><D40/><U122/><N who="1" m="31264" /><U69/><E101/><V54/><F132/><T87/><D70/><U99/><E99/><V58/><F1/><T82/><D111/><U123/><N who="1" m="31520" /><U73/><E73/><V74/><F84/><T35/><D35/><U107/><E107/><V34/><F76/><T83/><D83/><U39/><E45/><V68/><F68/><T57/><D75/><U63/><E38/><V2/><F2/><T129/><D98/><U32/><E32/><V133/><F133/><T96/><D96/><U80/><AGARI ba="0,0" hai="39,42,44,52,53,63,67,69,80,85,89" m="31520,31264,45577" machi="80" ten="30,6000,1" yaku="12,1,52,3,54,1" doraHai="64" who="1" fromWho="1" sc="458,-20,375,60,217,-40,0,0" /><INIT seed="4,0,0,4,2,107" ten="438,435,177,0" oya="0" hai0="112,92,1,48,70,91,73,103,128,126,35,117,63" hai1="79,109,51,53,98,54,88,105,132,67,87,116,46" hai2="78,39,36,127,121,130,123,37,62,104,50,61,108" hai3=""/><T133/><RYUUKYOKU type="yao9" ba="0,0" sc="438,0,435,0,177,0,0,0" hai0="1,35,48,63,70,73,91,92,103,112,117,126,128,133" /><INIT seed="4,1,0,0,5,75" ten="438,435,177,0" oya="0" hai0="65,101,61,117,71,98,56,60,33,114,106,51,85" hai1="67,108,107,135,80,64,92,35,52,86,83,121,70" hai2="69,90,130,77,119,0,45,59,94,42,123,48,39" hai3=""/><T116/><D33/><U128/><N who="1" m="31008" /><U81/><E108/><V105/><N who="2" m="31520" /><V100/><F0/><T103/><D114/><U78/><E35/><V124/><F130/><T36/><D36/><U53/><E107/><V129/><F129/><T76/><D51/><U91/><E128/><V3/><F3/><T58/><D103/><U47/><E135/><V131/><F69/><T44/><D44/><U102/><E70/><V57/><F119/><T54/><REACH who="0" step="1"/><D71/><REACH who="0" ten="428,435,177,0" step="2"/><U111/><E47/><V118/><F131/><T127/><D127/><U134/><E102/><V97/><F124/><T46/><D46/><U89/><E134/><V132/><F132/><T115/><D115/><U68/><E68/><V34/><F34/><T50/><D50/><U104/><E111/><V120/><F118/><T2/><D2/><U82/><E89/><V66/><F39/><T99/><D99/><U84/><E104/><V87/><N who="2" m="30752" /><V37/><F37/><T110/><D110/><U74/><E74/><V49/><F49/><T133/><D133/><U126/><E126/><V112/><F112/><T109/><D109/><U79/><E79/><V55/><F77/><T95/><D95/><U96/><E96/><V43/><F45/><T125/><D125/><RYUUKYOKU ba="1,1" sc="428,0,435,0,177,0,0,0" hai0="54,56,58,60,61,65,76,85,98,101,106,116,117" hai1="52,53,64,67,78,80,81,82,83,84,86,91,92" hai2="42,43,48,55,57,59,66,87,90,94,97,100,105" /><INIT seed="4,2,1,1,2,63" ten="428,435,177,0" oya="0" hai0="71,132,110,75,38,98,99,94,54,134,58,86,34" hai1="118,53,56,90,126,120,104,51,112,65,48,57,128" hai2="3,123,102,45,44,106,108,105,115,85,1,116,131" hai3=""/><T36/><D75/><U73/><N who="1" m="30752" /><U79/><E118/><V66/><N who="2" m="31520" /><V84/><F116/><T124/><D71/><U55/><E104/><V64/><F102/><T50/><D34/><U41/><E126/><V2/><F108/><T130/><D130/><U42/><E128/><V70/><F131/><T96/><D124/><U72/><E112/><V76/><F70/><T46/><D110/><U59/><E90/><V40/><F76/><T88/><REACH who="0" step="1"/><D58/><REACH who="0" ten="418,435,177,0" step="2"/><U67/><E57/><V111/><F111/><T61/><D61/><U74/><E74/><V113/><F3/><T80/><D80/><U89/><E72/><V127/><F127/><T35/><D35/><U77/><E73/><V43/><AGARI ba="2,2" hai="1,2,40,43,44,45,64,66,84,85,105,106,113,115" m="31520" machi="43" ten="25,9000,2" yaku="0,1,22,2,52,3" doraHai="63" who="2" fromWho="2" sc="418,-62,435,-32,177,114,0,0" /><INIT seed="5,0,0,3,1,92" ten="356,403,291,0" oya="1" hai0="109,83,59,134,38,117,129,54,62,122,51,33,131" hai1="67,34,64,95,72,98,47,116,74,105,36,114,42" hai2="85,58,88,45,32,65,84,121,49,119,78,123,108" hai3=""/><U63/><E116/><V53/><N who="2" m="31008" /><V69/><N who="2" m="31520" /><V82/><F32/><T61/><N who="0" m="31264" /><T56/><D33/><U133/><E34/><V127/><F119/><T80/><D117/><U2/><E2/><V93/><F127/><T40/><D109/><U79/><E114/><V50/><F108/><T55/><D134/><U39/><E133/><V75/><F69/><T111/><D111/><U57/><E105/><V46/><F65/><T35/><D35/><U107/><E107/><V48/><REACH who="2" step="1"/><F75/><REACH who="2" ten="356,403,281,0" step="2"/><T70/><D70/><U128/><E64/><V76/><F76/><T44/><D129/><U77/><E128/><V73/><F73/><T115/><D131/><U3/><E74/><V81/><F81/><T125/><D125/><U126/><E126/><V135/><F135/><T99/><D83/><U132/><E132/><V43/><F43/><T1/><D80/><U94/><E72/><V89/><F89/><T0/><D40/><U37/><E79/><V130/><F130/><T106/><D1/><U113/><E77/><V100/><F100/><T87/><D0/><U60/><E3/><V96/><F96/><T102/><D99/><U66/><E98/><V112/><F112/><T68/><D115/><U52/><E113/><RYUUKYOKU ba="0,1" sc="356,-10,403,-10,281,20,0,0" hai2="45,46,48,49,50,53,58,78,82,84,85,88,93" /><INIT seed="6,1,1,4,4,124" ten="346,393,301,0" oya="2" hai0="45,36,104,69,55,1,127,70,93,33,60,96,77" hai1="113,63,118,46,121,59,3,102,99,0,129,135,91" hai2="88,43,73,76,90,39,89,62,106,54,47,52,130" hai3=""/><V111/><F106/><T115/><D33/><U61/><N who="1" m="31008" /><U65/><E129/><V87/><F111/><T84/><D1/><U114/><E91/><V112/><F112/><N who="1" m="43113" /><E135/><V64/><F73/><T53/><D127/><U71/><E46/><V119/><F119/><T82/><D104/><U75/><E75/><V35/><F35/><T126/><D126/><U92/><E118/><V101/><F101/><T66/><D70/><U2/><E2/><V108/><F108/><T38/><D115/><U103/><E103/><V41/><F41/><T133/><D133/><U79/><E79/><V116/><F116/><T50/><REACH who="0" step="1"/><D55/><AGARI ba="1,1" hai="0,3,55,59,61,63,65,71,92,99,102" m="43113,31008" machi="55" ten="30,2000,0" yaku="15,1,52,1" doraHai="124" who="1" fromWho="0" sc="346,-22,393,32,301,0,0,0" owari="324,-8.0,425,38.0,301,-30.0,0,0.0" /></mjloggm>