<mjloggm ver="2.3"><GO type="225" lobby="0"/><UN n0="%2D%E8%B1%8A%E5%8F%A3%E3%82%81%E3%81%90%E3%81%BF%2D" n1="%E4%BC%BD%E8%97%8D%E5%A0%82%E7%B4%97%E7%BE%85" n2="%6B%72%62" n3="%74%61%6B%75%61%6B%61" dan="17,16,16,18" rate="2239.50,2193.26,2131.94,2179.06" sx="F,F,F,M"/><TAIKYOKU oya="0"/><INIT seed="0,0,0,0,0,114" ten="250,250,250,250" oya="0" hai0="135,88,91,6,12,11,5,44,69,15,75,39,29" hai1="73,115,123,58,109,55,132,90,99,89,8,41,128" hai2="113,106,64,65,74,27,26,50,43,51,117,93,49" hai3="53,85,87,97,34,61,77,63,72,24,78,103,121"/><T68/><D75/><U45/><E123/><V111/><F113/><W13/><G121/><T107/><D107/><U22/><E115/><V54/><F106/><W1/><G1/><T101/><D101/><U35/><E35/><V42/><F74/><W21/><G34/><T134/><D29/><U95/><E73/><V62/><F111/><W84/><G13/><N who="0" m="5195" /><D44/><U36/><E109/><V127/><F93/><N who="3" m="58799" /><G72/><T118/><D39/><U59/><E128/><V46/><F127/><W112/><G112/><T9/><D118/><U25/><E132/><N who="0" m="50729" /><D11/><U32/><E32/><V16/><F117/><W116/><G116/><T108/><D9/><U125/><E125/><V122/><F122/><W52/><G63/><T80/><D80/><U119/><E119/><V96/><F62/><W28/><G61/><T130/><D130/><U30/><E8/><V105/><F105/><W98/><G98/><T124/><D124/><U23/><E55/><AGARI ba="0,0" hai="21,24,28,52,53,55,77,78,84,85,87" m="58799" machi="55" ten="30,2000,0" yaku="8,1,54,1" doraHai="114" who="3" fromWho="1" sc="250,0,250,-20,250,0,250,20" /><INIT seed="1,0,0,0,4,34" ten="250,230,250,270" oya="1" hai0="44,47,73,40,51,91,118,14,70,20,11,36,110" hai1="10,58,87,78,28,120,7,72,88,17,131,24,54" hai2="97,127,43,133,129,85,26,25,96,45,71,35,105" hai3="104,41,92,62,89,13,30,99,80,53,33,124,135"/><U98/><E120/><V32/><F71/><W2/><G104/><T50/><D110/><U112/><E112/><V101/><F127/><W81/><G124/><T23/><D70/><U113/><E113/><V95/><F129/><W18/><G2/><T74/><D36/><U5/><E131/><V130/><F130/><W16/><G41/><T132/><D118/><U27/><E72/><V82/><F133/><W116/><G135/><T56/><D132/><U66/><E66/><V102/><F35/><W108/><G108/><T134/><D134/><U37/><E37/><V3/><F3/><W75/><G18/><T63/><D91/><U122/><E122/><V128/><F32/><W94/><G75/><T90/><D90/><U1/><E98/><V57/><F57/><N who="3" m="35119" /><G30/><T123/><D74/><U83/><E7/><V67/><F67/><W9/><G33/><T21/><D73/><U114/><E114/><V68/><F68/><W100/><G116/><T117/><D117/><U49/><E17/><V126/><F126/><W61/><G61/><T76/><D123/><U84/><REACH who="1" step="1"/><E28/><REACH who="1" ten="250,220,250,270" step="2"/><V59/><F128/><W0/><G0/><T121/><D121/><U22/><E22/><V8/><F8/><W125/><G125/><T29/><D29/><U52/><E52/><V64/><F97/><AGARI ba="0,1" hai="9,13,16,80,81,89,92,94,97,99,100" m="35119" machi="97" ten="30,2000,0" yaku="8,1,54,1" doraHai="34" who="3" fromWho="2" sc="250,0,220,0,250,-20,270,30" /><INIT seed="2,0,0,2,1,39" ten="250,220,230,300" oya="2" hai0="135,107,31,77,6,58,68,29,36,96,112,76,60" hai1="117,132,63,84,105,16,108,123,104,75,53,5,103" hai2="133,116,73,128,13,89,118,4,2,125,67,99,134" hai3="72,17,131,88,64,44,59,38,23,119,12,21,94"/><V47/><F125/><W129/><G119/><T7/><D112/><U110/><E75/><V0/><F73/><W82/><G23/><T54/><D68/><U102/><E117/><V79/><F128/><N who="3" m="49227" /><G64/><T41/><D135/><N who="2" m="51722" /><F79/><N who="0" m="30282" /><D36/><U61/><E132/><V113/><F113/><W48/><G59/><T109/><D107/><N who="1" m="41035" /><E5/><N who="0" m="1545" /><D109/><N who="1" m="42091" /><E123/><V124/><F124/><W83/><G38/><T30/><D96/><U85/><E16/><V100/><F67/><W86/><G72/><T98/><D98/><U121/><E121/><V50/><F100/><N who="1" m="38441" /><E53/><AGARI ba="0,0" hai="12,17,21,44,48,53,82,83,86,88,94" m="49227" machi="53" ten="30,2000,0" yaku="19,1,54,1" doraHai="39" who="3" fromWho="1" sc="250,0,220,-20,230,0,300,20" /><INIT seed="3,0,0,4,5,34" ten="250,200,230,320" oya="3" hai0="47,93,10,85,17,104,56,89,88,51,129,111,95" hai1="2,131,36,49,50,21,119,76,61,124,107,19,105" hai2="84,72,48,52,120,128,100,38,126,132,31,65,12" hai3="110,101,87,28,3,39,70,75,78,40,1,58,116"/><W54/><G87/><T102/><D111/><U53/><E36/><V30/><F72/><W118/><G70/><T63/><D129/><U43/><E131/><V123/><F128/><W44/><G28/><T0/><D104/><U9/><E124/><V57/><F38/><W62/><G101/><T60/><D102/><U91/><E119/><V82/><F126/><W112/><G112/><T26/><D0/><N who="3" m="73" /><G54/><N who="0" m="30079" /><D56/><U80/><E91/><V83/><F132/><W106/><G58/><T59/><D59/><U8/><E8/><V35/><F65/><W16/><G16/><T134/><D134/><U114/><E114/><V18/><F35/><W117/><G62/><T24/><D10/><U23/><E61/><N who="0" m="23625" /><D17/><U42/><E23/><N who="2" m="11719" /><F100/><W37/><G37/><T25/><D25/><U99/><E99/><AGARI ba="0,0" hai="24,26,85,88,89,93,95,99" m="23625,30079" machi="99" ten="30,2000,0" yaku="8,1,54,1" doraHai="34" who="0" fromWho="1" sc="250,20,200,-20,230,0,320,0" owari="270,7.0,180,-32.0,230,-17.0,320,42.0" /></mjloggm>