<mjloggm ver="2.3"><GO type="169" lobby="0"/><UN n0="%E6%9D%BE%E5%B1%8B%E3%81%8A%E3%81%98%E3%81%95%E3%82%93" n1="%E3%81%82%E3%81%84%E3%81%A0%E3%81%A6" n2="%E7%94%9F%E3%81%97%E3%82%89%E3%81%99" n3="%41%72%64%62%65%47" dan="17,17,16,16" rate="2143.87,2173.77,2153.19,2026.49" sx="M,M,M,M"/><TAIKYOKU oya="0"/><INIT seed="0,0,0,3,1,38" ten="250,250,250,250" oya="0" hai0="49,123,105,69,128,71,5,98,72,34,91,109,70" hai1="97,94,74,116,46,44,131,66,84,43,1,132,2" hai2="108,31,0,24,100,67,117,10,27,29,33,16,92" hai3="125,134,13,12,68,18,88,20,53,48,79,83,52"/><T65/><D123/><U50/><E74/><V40/><F108/><W32/><G32/><T73/><D128/><U86/><E116/><V7/><F117/><W85/><G68/><T95/><D34/><U55/><E66/><V59/><F31/><W111/><G111/><T103/><D109/><U26/><E26/><V77/><F77/><W63/><G134/><T113/><D113/><U114/><E131/><V23/><F67/><W104/><G104/><T90/><D5/><U76/><E114/><V87/><F59/><N who="3" m="35303" /><G125/><T127/><D127/><U47/><E47/><V115/><F115/><W89/><G13/><T45/><D90/><U11/><E11/><V42/><REACH who="2" step="1"/><F87/><REACH who="2" ten="250,250,240,250" step="2"/><W57/><AGARI ba="0,1" hai="12,18,20,48,53,57,79,83,85,88,89" m="35303" machi="57" ten="30,4000,0" yaku="8,1,54,2" doraHai="38" who="3" fromWho="3" sc="250,-20,250,-10,240,-10,250,50" /><INIT seed="1,0,0,3,4,92" ten="230,240,230,300" oya="1" hai0="6,130,111,57,125,31,122,99,100,20,52,120,47" hai1="37,127,53,28,67,5,64,41,106,15,74,72,30" hai2="18,81,76,124,49,96,42,16,85,132,46,7,34" hai3="26,112,8,38,4,11,77,78,108,63,83,80,54"/><U91/><E37/><V114/><F132/><W50/><G112/><T110/><D110/><U56/><BYE who="0" /><E41/><V115/><F124/><W131/><G108/><T66/><D66/><U33/><E127/><V87/><F34/><W62/><G38/><T40/><D40/><U94/><E106/><V60/><F7/><W10/><G4/><T44/><D44/><U2/><E2/><UN n0="%E6%9D%BE%E5%B1%8B%E3%81%8A%E3%81%98%E3%81%95%E3%82%93" /><V29/><F29/><W126/><G126/><T101/><D125/><U3/><E3/><V0/><F0/><W45/><G26/><N who="0" m="16839" /><D6/><U98/><E30/><V17/><F60/><W32/><G32/><T61/><D47/><U119/><E119/><V103/><REACH who="2" step="1"/><F87/><REACH who="2" ten="230,240,220,300" step="2"/><W109/><G109/><T35/><D35/><U59/><E28/><V39/><F39/><W79/><G131/><T43/><D111/><U113/><E33/><V12/><F12/><W128/><G128/><T75/><D130/><U1/><E1/><V82/><F82/><AGARI ba="0,1" hai="8,10,11,45,50,54,62,63,77,78,79,80,82,83" machi="82" ten="40,1300,0" yaku="8,1" doraHai="92" who="3" fromWho="2" sc="230,0,240,0,220,-13,300,23" /><INIT seed="2,0,0,2,2,7" ten="230,240,207,323" oya="2" hai0="44,109,110,79,27,11,4,12,116,75,56,47,15" hai1="49,94,37,22,86,78,54,0,84,106,87,103,35" hai2="130,112,39,62,80,119,17,30,10,16,118,97,83" hai3="31,5,57,42,134,114,131,88,105,69,70,98,91"/><V38/><F112/><W82/><G114/><T64/><D116/><U67/><E37/><V76/><F130/><W34/><G131/><T19/><D27/><U117/><E35/><V89/><F62/><W81/><G42/><T45/><D79/><U123/><E0/><V129/><F129/><W9/><G34/><T90/><D75/><U48/><E67/><V101/><F89/><W133/><G31/><T127/><D127/><U63/><E63/><V132/><F132/><N who="3" m="50795" /><G57/><T66/><D56/><U120/><E106/><V13/><F30/><W95/><G105/><T59/><D90/><U14/><E78/><V6/><F118/><W50/><G50/><T33/><D33/><U125/><E49/><V51/><F51/><W52/><G52/><T126/><D126/><U93/><E103/><V21/><F17/><W111/><G111/><N who="0" m="42507" /><D59/><U128/><E128/><V65/><F65/><W8/><G5/><T85/><D85/><U32/><E32/><V104/><F119/><W113/><G113/><T40/><D40/><U53/><E53/><V28/><F28/><W23/><G23/><AGARI ba="0,0" hai="4,11,12,15,19,23,44,45,47,64,66" m="42507" machi="23" ten="30,2000,0" yaku="14,1,52,1" doraHai="7" who="0" fromWho="3" sc="230,20,240,0,207,0,323,-20" /><INIT seed="3,0,0,4,2,79" ten="250,240,207,303" oya="3" hai0="57,129,18,92,77,14,0,69,81,70,60,64,32" hai1="101,130,28,114,99,108,7,5,111,91,80,73,124" hai2="61,72,34,51,26,98,2,55,112,126,67,110,25" hai3="134,120,21,88,44,11,40,132,50,42,105,94,135"/><W121/><G105/><T93/><D32/><U31/><E114/><V89/><F110/><N who="1" m="42025" /><E124/><V12/><F2/><W59/><G42/><T45/><D0/><U84/><E73/><V3/><F3/><W74/><G74/><T90/><D45/><U38/><E38/><V54/><F112/><W37/><G11/><T76/><D129/><U48/><E48/><V116/><F72/><W97/><G21/><T1/><D1/><U27/><E130/><V104/><F116/><W22/><G22/><T10/><D77/><U43/><E43/><V49/><F12/><W125/><G125/><T6/><D6/><N who="1" m="2059" /><E27/><V133/><F51/><W39/><REACH who="3" step="1"/><G59/><REACH who="3" ten="250,240,207,293" step="2"/><T16/><D70/><U123/><E123/><AGARI ba="0,1" hai="37,39,40,44,50,88,94,97,120,121,123,132,134,135" machi="123" ten="50,12000,1" yaku="1,1,2,1,20,1,54,1,53,0" doraHai="79" doraHaiUra="35" who="3" fromWho="1" sc="250,0,240,-120,207,0,293,130" /><INIT seed="3,1,0,3,3,85" ten="250,120,207,423" oya="3" hai0="58,88,17,40,52,117,87,5,46,22,47,128,25" hai1="28,119,111,50,113,2,127,74,112,100,56,135,69" hai2="114,31,92,26,16,4,120,125,134,99,36,129,110" hai3="118,102,132,73,32,122,108,39,30,80,130,72,97"/><W1/><RYUUKYOKU type="yao9" ba="1,0" sc="250,0,120,0,207,0,423,0" hai3="1,30,32,39,72,73,80,97,102,108,118,122,130,132" /><INIT seed="3,2,0,3,0,37" ten="250,120,207,423" oya="3" hai0="110,103,82,31,34,29,107,53,101,20,27,39,119" hai1="70,51,91,19,50,48,4,15,10,72,36,120,35" hai2="115,122,92,24,84,131,81,118,112,5,93,111,44" hai3="71,74,80,9,57,30,59,22,134,16,2,75,8"/><W69/><G30/><T25/><D119/><U0/><E120/><V102/><F118/><W7/><G9/><T129/><D110/><U116/><E116/><V14/><F111/><W133/><G75/><T78/><D129/><U66/><E72/><V26/><F131/><W106/><G106/><T126/><D126/><U114/><E114/><V41/><F122/><W18/><G18/><T6/><D39/><U13/><E36/><V64/><F64/><W87/><G74/><T68/><D68/><U1/><E35/><V104/><F104/><W100/><G100/><T40/><D40/><U55/><E55/><V95/><F102/><W105/><G105/><T125/><D125/><U45/><E45/><V90/><F115/><W43/><G43/><T58/><D6/><U62/><REACH who="1" step="1"/><E91/><REACH who="1" ten="250,110,207,423" step="2"/><V121/><F121/><W130/><G130/><T73/><D107/><U97/><E97/><V83/><F112/><W49/><G134/><T47/><D47/><U94/><E94/><V124/><F124/><W42/><G133/><T128/><D128/><U123/><E123/><V132/><F132/><W52/><G42/><T109/><D109/><U79/><E79/><V60/><F81/><W32/><G32/><T96/><D96/><U46/><E46/><V21/><F44/><W28/><G80/><T89/><D89/><U135/><E135/><V54/><F41/><W88/><G88/><T17/><D31/><U11/><AGARI ba="2,1" hai="0,1,4,10,11,13,15,19,48,50,51,62,66,70" machi="11" ten="30,2000,0" yaku="1,1,0,1,53,0" doraHai="37" doraHaiUra="76" who="1" fromWho="1" sc="250,-7,110,36,207,-7,423,-12" /><INIT seed="4,0,0,5,5,1" ten="243,146,200,411" oya="0" hai0="55,34,3,113,29,53,95,39,82,83,20,70,88" hai1="45,135,42,130,69,81,56,36,86,63,37,100,108" hai2="93,43,41,23,103,44,54,66,72,4,27,35,5" hai3="121,114,75,33,71,40,10,2,64,9,24,124,80"/><T126/><D34/><U87/><E108/><V28/><F72/><W129/><G40/><T22/><D39/><U77/><E130/><V68/><F68/><W128/><G71/><T73/><D3/><U79/><E135/><V134/><F66/><W99/><G64/><T17/><D70/><U76/><E69/><V101/><F35/><W96/><G124/><T16/><D29/><U118/><E118/><V65/><F65/><W111/><G111/><T78/><D113/><U91/><E100/><N who="2" m="38475" /><F93/><W97/><G114/><T90/><D126/><U107/><E107/><V67/><F67/><W60/><G121/><T132/><D132/><U122/><E122/><V8/><F8/><W25/><G10/><T105/><D105/><U123/><E123/><V120/><F120/><W116/><G116/><T21/><D83/><U115/><E115/><V49/><F134/><W104/><G33/><T30/><D30/><U51/><E36/><V31/><F31/><W106/><G106/><T32/><D32/><U133/><E37/><V125/><F125/><W11/><G104/><T112/><D112/><U46/><E46/><V89/><F89/><W74/><G2/><T127/><D127/><U62/><E133/><V59/><F41/><W92/><G75/><T52/><REACH who="0" step="1"/><D90/><REACH who="0" ten="233,146,200,411" step="2"/><U14/><E91/><V47/><F43/><W38/><G38/><T98/><AGARI ba="0,1" hai="16,17,20,21,22,52,53,55,73,78,82,88,95,98" machi="98" ten="30,24000,3" yaku="1,1,2,1,0,1,54,3,53,3" doraHai="1" doraHaiUra="18" who="0" fromWho="0" sc="233,250,146,-80,200,-80,411,-80" /><INIT seed="4,1,0,1,3,39" ten="483,66,120,331" oya="0" hai0="130,88,120,2,68,124,90,25,57,4,64,118,31" hai1="135,93,50,108,66,116,76,58,29,69,22,107,44" hai2="84,33,126,111,105,49,102,16,87,97,117,55,17" hai3="74,131,36,67,20,99,113,92,82,18,79,70,72"/><T46/><D118/><U9/><E107/><V101/><F111/><W7/><G7/><T127/><D120/><U12/><E69/><V112/><F112/><W59/><G70/><T132/><D68/><U110/><E116/><V19/><F117/><W77/><G113/><T47/><D132/><U15/><E135/><V128/><F128/><W129/><G36/><T42/><D130/><U98/><E76/><V109/><F109/><W27/><G67/><T62/><D47/><U45/><E45/><V85/><F126/><N who="0" m="48170" /><D4/><U125/><E125/><V134/><F134/><W32/><G59/><T11/><D11/><U96/><E96/><V94/><F33/><W78/><G32/><N who="0" m="20591" /><D2/><U3/><E3/><V8/><F105/><W21/><G74/><T54/><D54/><U86/><E9/><V6/><F102/><W5/><G5/><T53/><D53/><U48/><E44/><V26/><F6/><W65/><G131/><T81/><D81/><U83/><E58/><V14/><REACH who="2" step="1"/><F26/><REACH who="2" ten="483,66,110,331" step="2"/><W103/><G129/><T37/><AGARI ba="1,1" hai="37,42,46,57,62,64,88,90" m="20591,48170" machi="37" ten="30,6000,0" yaku="18,1,52,1,54,1" doraHai="39" who="0" fromWho="0" sc="483,73,66,-21,110,-21,331,-21" /><INIT seed="4,2,0,1,4,86" ten="556,45,89,310" oya="0" hai0="124,80,47,21,92,13,31,102,35,28,103,8,22" hai1="89,66,76,127,63,1,40,85,27,37,0,117,77" hai2="2,113,72,3,71,11,33,116,105,70,129,55,114" hai3="44,108,79,65,133,134,4,118,82,121,48,132,94"/><T43/><D124/><U53/><E117/><V26/><F55/><W88/><G108/><T95/><D35/><U87/><E127/><V104/><F116/><W16/><G118/><T84/><D92/><U7/><E40/><V90/><F11/><W45/><G121/><T50/><D22/><U93/><E37/><V74/><F90/><W23/><G4/><T34/><D34/><U15/><E53/><V17/><F17/><W126/><G65/><T54/><D21/><U25/><E15/><V106/><F129/><W46/><G126/><T128/><D128/><U14/><E14/><V64/><F64/><W58/><G58/><T107/><D107/><U59/><E0/><N who="2" m="43" /><F26/><N who="3" m="14695" /><G82/><T109/><D109/><U5/><E1/><V51/><F51/><W68/><G68/><N who="2" m="26153" /><F114/><W81/><G81/><T97/><D102/><U98/><E5/><V41/><F41/><N who="3" m="24591" /><G79/><N who="1" m="30282" /><E7/><V135/><F135/><W73/><G73/><N who="2" m="28265" /><F113/><W42/><G42/><T69/><D69/><U30/><E30/><V115/><F115/><W62/><G62/><T131/><D43/><U125/><E125/><V36/><F33/><W38/><G38/><AGARI ba="2,0" hai="36,38,104,105,106" m="28265,26153,43" machi="38" ten="50,32000,5" yakuman="44" doraHai="86" who="2" fromWho="3" sc="556,0,45,0,89,326,310,-326" owari="556,65.0,45,-35.0,415,22.0,-16,-52.0" /></mjloggm>