<mjloggm ver="2.3"><GO type="169" lobby="0"/><UN n0="%EF%BC%98%EF%BC%90%EF%BC%90%EF%BC%98" n1="%50%65%74%65%72%50%61%6E" n2="%E4%B8%89%E6%9D%89%E3%81%8F%E3%82%93" n3="%E3%83%95%E3%82%B5%E3%82%A6%E3%83%9F%E3%82%B3%E3%83%83%E3%83%97" dan="17,16,16,17" rate="2190.86,2057.74,2073.25,2218.59" sx="M,M,M,M"/><TAIKYOKU oya="0"/><INIT seed="0,0,0,2,5,63" ten="250,250,250,250" oya="0" hai0="52,69,1,13,117,124,49,7,37,32,55,28,90" hai1="132,12,131,58,64,97,89,74,116,76,59,11,33" hai2="56,20,38,41,10,29,112,135,46,92,101,93,35" hai3="71,60,73,51,66,133,88,24,125,16,78,19,134"/><T120/><D117/><U82/><E33/><V87/><F135/><N who="3" m="51723" /><G125/><T14/><D120/><U0/><E0/><V17/><F112/><W45/><G24/><T107/><D37/><U110/><E116/><V130/><F130/><W86/><G78/><T36/><D36/><U98/><E132/><V26/><F10/><W83/><G73/><T2/><D69/><U44/><E110/><V22/><F101/><W129/><G129/><T42/><D107/><U106/><E131/><V81/><F35/><W57/><G71/><T23/><D124/><U5/><E106/><V40/><F40/><AGARI ba="0,0" hai="16,19,40,45,51,57,60,66,83,86,88" m="51723" machi="40" ten="30,7700,0" yaku="20,1,52,1,54,2" doraHai="63" who="3" fromWho="2" sc="250,0,250,0,250,-77,250,77" /><INIT seed="1,0,0,5,3,2" ten="250,250,173,327" oya="1" hai0="110,33,111,96,92,36,35,116,74,97,55,52,42" hai1="94,48,7,6,71,134,85,24,129,72,46,16,102" hai2="73,47,130,100,122,88,87,44,53,112,76,103,43" hai3="1,118,12,78,104,128,19,93,65,54,126,58,28"/><U120/><E72/><V98/><F112/><W119/><G104/><T89/><D74/><U20/><E71/><V56/><F122/><W66/><G128/><T17/><D116/><N who="3" m="44585" /><G1/><T107/><D42/><U11/><E120/><V57/><F130/><W123/><G123/><T21/><D36/><U60/><E129/><V99/><F73/><W50/><G78/><T82/><D82/><U61/><E134/><V0/><F76/><W79/><G79/><T83/><D83/><U31/><E31/><V113/><F0/><W95/><G28/><T62/><D35/><U121/><E121/><V27/><F27/><W133/><G126/><T70/><D33/><U8/><E8/><V63/><F57/><W5/><G5/><N who="1" m="1546" /><E11/><V108/><F113/><W67/><G133/><T30/><D30/><U40/><E85/><V117/><F117/><W38/><G38/><T41/><D70/><U32/><E32/><V34/><F34/><W81/><G81/><T23/><D107/><U125/><E125/><V13/><F87/><W15/><G19/><T59/><D17/><U127/><E127/><V68/><F68/><W124/><G124/><T29/><D29/><U131/><E131/><V84/><F84/><W135/><G135/><T22/><D22/><U4/><N who="1" m="1554" /><U3/><DORA hai="49" /><E3/><V90/><F98/><AGARI ba="0,0" hai="16,20,24,40,46,48,60,61,94,98,102" m="1554" machi="98" ten="30,18000,2" yaku="8,1,52,4,54,1" doraHai="2,49" who="1" fromWho="2" sc="250,0,250,180,173,-180,327,0" owari="250,-15.0,430,53.0,-7,-51.0,327,13.0" /></mjloggm>