<mjloggm ver="2.3"><GO type="169" lobby="0"/><UN n0="%E5%A7%89%E5%B8%AF%E8%B1%8A%E9%9F%B3" n1="%E5%B9%BB%E9%9C%8A" n2="%E6%B2%B3%E7%AB%A5%E3%81%AE%E3%83%AF%E3%82%AB%E3%83%9E%E3%83%84" n3="%E7%AE%97%E6%95%B0%E3%81%8C%E3%81%A7%E3%81%8D%E3%81%AA%E3%81%84" dan="16,17,17,17" rate="2091.20,2213.94,2160.62,2184.53" sx="F,F,M,M"/><TAIKYOKU oya="0"/><INIT seed="0,0,0,2,4,21" ten="250,250,250,250" oya="0" hai0="102,86,87,81,11,14,118,30,68,125,129,52,105" hai1="90,64,112,33,115,121,6,71,59,55,126,53,127" hai2="114,131,113,16,85,98,61,100,73,78,101,43,89" hai3="40,69,25,42,63,27,34,41,75,120,47,92,124"/><T80/><D118/><U35/><E6/><V117/><F43/><W58/><G58/><T72/><D68/><U20/><E20/><V97/><F61/><W7/><G7/><T5/><D72/><U84/><E121/><V135/><F16/><W23/><G23/><T107/><D129/><U19/><E19/><V111/><F131/><W13/><G13/><T95/><D125/><N who="1" m="47627" /><E64/><V22/><F22/><W0/><G0/><T76/><D30/><U116/><E71/><V3/><F3/><W9/><G9/><T96/><REACH who="0" step="1"/><D52/><REACH who="0" ten="240,250,250,250" step="2"/><U18/><E55/><V134/><F117/><W106/><G106/><T108/><D108/><U128/><E116/><V99/><F111/><W32/><G32/><T70/><D70/><U57/><E128/><V123/><F123/><W62/><G62/><T133/><D133/><N who="2" m="50698" /><F73/><W46/><G46/><T56/><D56/><U29/><E59/><V10/><F114/><W26/><G26/><T48/><D48/><U49/><E29/><V94/><F113/><W39/><G39/><T93/><D93/><N who="1" m="54471" /><E115/><V88/><F94/><W103/><G103/><N who="2" m="39497" /><F10/><W31/><G31/><T50/><D50/><U66/><E112/><V4/><F4/><W82/><G82/><AGARI ba="0,1" hai="78,82,85,88,89,97,98,99" m="39497,50698" machi="82" ten="40,8000,1" yaku="20,1,34,2,54,1" doraHai="21" who="2" fromWho="3" sc="240,0,250,0,250,90,250,-80" /><INIT seed="1,0,0,1,5,35" ten="240,250,340,170" oya="1" hai0="126,66,114,63,68,52,83,24,61,124,58,56,111" hai1="81,74,21,90,62,69,19,39,118,28,80,44,43" hai2="117,104,109,14,92,121,49,1,125,78,96,119,51" hai3="108,29,107,65,132,120,45,55,84,53,91,25,26"/><U71/><E118/><V57/><F121/><W4/><G4/><T38/><D83/><U130/><E130/><V102/><F109/><W42/><G42/><T12/><D24/><U3/><E28/><V60/><F125/><N who="0" m="48234" /><D12/><U76/><E62/><V22/><F1/><W34/><G34/><T70/><D111/><U7/><E90/><V79/><F117/><W10/><G10/><T75/><D75/><N who="1" m="43039" /><E19/><N who="2" m="10615" /><F104/><W8/><G8/><T46/><D114/><U30/><E30/><V0/><F0/><W86/><G86/><T15/><D15/><U33/><E21/><V72/><F119/><W93/><G93/><T6/><D6/><U11/><E33/><V17/><F17/><W103/><G103/><T110/><D110/><U16/><E16/><V2/><F2/><W97/><G97/><T48/><D38/><U36/><E36/><V115/><F115/><W100/><G100/><T5/><D5/><U13/><E13/><V54/><F72/><W123/><G123/><T64/><AGARI ba="0,0" hai="46,48,52,56,58,61,63,64,66,68,70" m="48234" machi="64" ten="30,7900,0" yaku="18,1,34,2,54,1" doraHai="35" who="0" fromWho="0" sc="240,79,250,-39,340,-20,170,-20" /><INIT seed="2,0,0,1,0,7" ten="319,211,320,150" oya="2" hai0="69,77,70,105,67,65,33,85,129,54,123,39,18" hai1="14,101,87,117,78,25,63,72,64,135,133,46,44" hai2="100,52,80,76,66,134,124,20,102,90,40,113,37" hai3="28,89,86,47,92,13,53,126,58,19,88,42,2"/><V0/><F113/><W112/><G112/><T118/><D123/><U120/><E117/><V34/><F34/><W32/><G32/><T12/><D33/><U125/><E120/><V114/><F114/><W98/><G98/><T26/><D105/><U16/><E72/><V1/><F134/><W5/><G5/><T8/><D39/><U110/><E110/><V27/><F124/><W84/><G84/><T57/><D70/><U10/><E125/><V107/><F66/><W115/><G115/><T22/><D69/><U23/><E101/><V43/><F90/><W51/><G51/><T68/><D68/><U128/><E128/><V93/><F93/><W45/><G45/><T30/><D129/><U122/><E122/><V74/><F52/><W21/><G21/><T91/><D77/><U17/><E135/><V36/><F107/><W106/><G106/><T24/><D24/><U111/><E133/><V79/><F20/><W109/><G109/><T59/><D59/><N who="1" m="36991" /><E111/><V131/><F131/><W97/><G97/><T104/><D104/><U96/><E96/><V35/><F35/><W121/><G121/><T127/><D118/><U62/><E62/><V73/><REACH who="2" step="1"/><F27/><REACH who="2" ten="319,211,310,150" step="2"/><W71/><G71/><T9/><D127/><U75/><E25/><V108/><F108/><W3/><G3/><T29/><D65/><U31/><E23/><V132/><F132/><W95/><G95/><N who="0" m="54767" /><D67/><U130/><E130/><V81/><AGARI ba="0,1" hai="0,1,36,37,40,43,73,74,76,79,80,81,100,102" machi="81" ten="25,9600,0" yaku="1,1,0,1,22,2,53,0" doraHai="7" doraHaiUra="55" who="2" fromWho="2" sc="319,-32,211,-32,310,106,150,-32" /><INIT seed="2,1,0,4,1,107" ten="287,179,416,118" oya="2" hai0="42,67,71,119,117,79,12,66,63,132,36,124,27" hai1="102,133,113,73,16,129,31,15,32,53,96,76,68" hai2="90,38,34,1,35,78,60,28,20,97,40,80,99" hai3="110,9,7,37,46,88,41,81,103,105,130,87,59"/><V13/><F1/><W83/><G83/><T77/><D27/><U115/><E133/><V51/><F38/><W114/><G114/><T112/><D12/><U89/><E129/><V75/><F40/><W116/><G116/><N who="0" m="44619" /><D79/><U131/><E131/><V23/><F51/><W125/><G125/><T43/><D77/><U55/><E68/><V69/><F23/><W22/><G22/><T108/><BYE who="3" /><D112/><U126/><E126/><V128/><F128/><W61/><G61/><N who="0" m="40399" /><D124/><U118/><E118/><V121/><F121/><W135/><G135/><T4/><D4/><U101/><E89/><V58/><F69/><W127/><G127/><T120/><D132/><U24/><E102/><V109/><F109/><W95/><G95/><T106/><D106/><U94/><E115/><V48/><F48/><W123/><G123/><T64/><D108/><U72/><E113/><V62/><F62/><W29/><G29/><T10/><D10/><U93/><E93/><V2/><F2/><W134/><G134/><T91/><D67/><U100/><E100/><V39/><F90/><W3/><G3/><T57/><D120/><U8/><REACH who="1" step="1"/><E76/><REACH who="1" ten="287,169,416,118" step="2"/><V17/><F78/><W30/><G30/><T86/><D36/><U18/><E18/><V85/><F28/><W104/><G104/><T65/><D65/><U44/><E44/><V56/><F17/><W92/><G92/><AGARI ba="1,1" hai="42,43,57,63,64,86,91,92" m="40399,44619" machi="92" ten="30,1000,0" yaku="12,1" doraHai="107" who="0" fromWho="3" sc="287,23,169,0,416,0,118,-13" /><INIT seed="3,0,0,4,5,38" ten="310,169,416,105" oya="3" hai0="92,91,13,90,24,117,16,61,125,127,60,115,72" hai1="31,26,108,48,0,71,77,110,78,113,83,133,87" hai2="37,20,49,14,86,89,62,134,94,33,9,97,34" hai3="5,18,121,81,100,114,119,45,35,84,102,32,11"/><W132/><G132/><T131/><D117/><U17/><E133/><V43/><F134/><W23/><G23/><T126/><D72/><U104/><E113/><V27/><F37/><W103/><G103/><T8/><D115/><U52/><E0/><V88/><F62/><W4/><G4/><T95/><D24/><U130/><E130/><V1/><F1/><W21/><G21/><T40/><D131/><U74/><E104/><V53/><F43/><W39/><G39/><T64/><D40/><U96/><E71/><V65/><F65/><W98/><G98/><T51/><D51/><U107/><E17/><V58/><F9/><W59/><G59/><T50/><D50/><U15/><E15/><V12/><F34/><W67/><G67/><T122/><D122/><U73/><E96/><V44/><F58/><W36/><G36/><T19/><D19/><U70/><E107/><V135/><F33/><W2/><G2/><T6/><D6/><U30/><E70/><V75/><F75/><W28/><G28/><T55/><D55/><U42/><E42/><V99/><F99/><W10/><G10/><T80/><D64/><U106/><E106/><V129/><F135/><W79/><G79/><T123/><D123/><U29/><E26/><V22/><F22/><W109/><G109/><N who="1" m="42090" /><E77/><V128/><F129/><W7/><G7/><T82/><D61/><U41/><E41/><V56/><F128/><W47/><G47/><AGARI ba="0,0" hai="29,30,31,47,48,52,73,74,78,83,87" m="42090" machi="47" ten="30,2000,0" yaku="14,1,54,1" doraHai="38" who="1" fromWho="3" sc="310,0,169,20,416,0,105,-20" /><INIT seed="4,0,0,3,1,68" ten="310,189,416,85" oya="0" hai0="85,66,129,47,133,39,34,102,126,38,115,79,20" hai1="62,41,105,70,40,73,119,69,64,127,132,72,75" hai2="35,24,59,86,99,11,10,19,78,45,87,7,30" hai3="52,29,28,3,0,90,67,2,48,130,124,49,14"/><T26/><D115/><U36/><E119/><V6/><F19/><W65/><G65/><T114/><D114/><U88/><E127/><V57/><F99/><W100/><G100/><T8/><D34/><U21/><E132/><V104/><F104/><W108/><G108/><T18/><D133/><U76/><E105/><V123/><F123/><W103/><G103/><T92/><D126/><U50/><E76/><V128/><F128/><W55/><G55/><T31/><D129/><U54/><E70/><V53/><F45/><W122/><G122/><T15/><D47/><U112/><E112/><V5/><F57/><W63/><G63/><T1/><D1/><U110/><E110/><V42/><F42/><W61/><G61/><T134/><D134/><U33/><E33/><V12/><F78/><W23/><G23/><T60/><D79/><U121/><E121/><V58/><F58/><W82/><G82/><T56/><REACH who="0" step="1"/><D85/><REACH who="0" ten="300,189,416,85" step="2"/><U97/><E72/><V135/><F135/><W74/><G74/><T131/><D131/><U94/><E73/><V71/><F86/><W80/><G80/><T27/><D27/><U9/><E75/><V37/><F87/><W125/><G125/><T44/><D44/><U43/><E43/><V13/><F24/><W117/><G117/><T89/><D89/><U25/><E41/><V17/><F35/><W32/><G32/><T91/><D91/><U106/><E40/><V22/><F13/><W83/><G83/><T98/><AGARI ba="0,1" hai="8,15,18,20,26,31,38,39,56,60,66,92,98,102" machi="98" ten="30,18000,2" yaku="1,1,0,1,25,2,52,2,53,1" doraHai="68" doraHaiUra="16" who="0" fromWho="0" sc="300,190,189,-60,416,-60,85,-60" /><INIT seed="4,1,0,5,2,69" ten="490,129,356,25" oya="0" hai0="98,8,13,30,41,6,87,128,84,122,18,10,2" hai1="121,76,53,29,60,110,134,55,27,81,59,44,126" hai2="63,101,23,39,114,104,129,14,35,100,62,66,88" hai3="21,68,89,77,37,32,64,97,16,52,120,95,40"/><T117/><D117/><U124/><E121/><V119/><F119/><W131/><G131/><T71/><D122/><U132/><E110/><V96/><F129/><W49/><G49/><T3/><D71/><U11/><E11/><V116/><F116/><W45/><G45/><T12/><D128/><U86/><E44/><V90/><F114/><W54/><G54/><T70/><D70/><U127/><E55/><V22/><F35/><AGARI ba="1,0" hai="27,29,35,53,59,60,76,81,86,124,126,127,132,134" machi="35" ten="40,1300,0" yaku="18,1" doraHai="69" who="1" fromWho="2" sc="490,0,129,16,356,-16,25,0" /><INIT seed="5,0,0,5,2,17" ten="490,145,340,25" oya="1" hai0="23,107,128,51,108,100,76,87,104,46,39,83,4" hai1="116,7,56,59,6,122,134,130,37,19,48,72,92" hai2="0,21,10,86,1,40,32,58,52,53,49,95,114" hai3="105,93,129,9,43,55,118,61,89,30,121,102,135"/><U47/><E122/><V84/><F32/><W54/><G54/><T50/><D108/><U112/><E116/><V101/><F40/><W31/><G31/><T66/><D39/><U111/><E72/><V132/><F132/><W73/><G73/><T60/><D50/><U41/><E134/><V57/><F114/><W119/><G119/><T8/><D100/><U64/><E112/><V80/><F10/><W34/><G34/><T65/><D65/><U67/><E130/><V36/><F36/><W98/><G98/><T113/><D128/><U68/><E111/><V99/><F84/><W15/><G15/><T75/><D23/><U78/><E78/><V109/><F109/><W22/><G22/><T110/><D75/><U20/><E92/><V44/><F21/><W28/><G28/><T62/><D62/><U88/><E68/><V97/><F99/><W131/><G131/><T16/><D16/><U12/><E37/><V25/><F25/><W5/><G5/><T71/><D113/><U27/><E27/><V38/><F44/><W45/><G45/><T77/><D77/><U96/><E67/><V63/><REACH who="2" step="1"/><F38/><REACH who="2" ten="490,145,330,25" step="2"/><W42/><G42/><T18/><D110/><U70/><E96/><V126/><F126/><W13/><G13/><T125/><D46/><U2/><E47/><V90/><AGARI ba="0,1" hai="0,1,49,52,53,57,58,63,80,86,90,95,97,101" machi="90" ten="20,5200,0" yaku="1,1,0,1,7,1,54,1,53,0" doraHai="17" doraHaiUra="123" who="2" fromWho="2" sc="490,-13,145,-26,330,62,25,-13" /><INIT seed="6,0,0,1,2,0" ten="477,119,392,12" oya="2" hai0="40,129,91,99,96,82,43,97,123,122,85,6,59" hai1="86,94,111,109,90,62,134,61,25,60,42,26,75" hai2="35,22,57,30,19,10,44,5,54,3,126,84,48" hai3="113,41,38,4,118,33,12,55,78,116,92,46,71"/><V105/><F126/><W9/><G9/><T88/><D129/><U65/><E75/><V117/><F117/><W53/><G53/><T20/><D91/><U135/><E42/><V108/><F108/><W115/><G115/><T130/><D130/><U37/><E37/><V1/><F105/><W132/><G132/><T58/><D122/><U67/><E90/><V64/><F1/><W15/><G15/><T28/><D6/><U31/><E86/><V45/><F64/><W89/><G89/><T51/><D123/><U21/><E94/><V80/><F80/><W114/><G114/><T11/><D11/><U2/><E2/><V79/><F79/><W128/><G128/><T131/><D131/><U76/><E76/><V27/><REACH who="2" step="1"/><F84/><REACH who="2" ten="477,119,382,12" step="2"/><W124/><G124/><T73/><D73/><U74/><E74/><V13/><AGARI ba="0,1" hai="3,5,10,13,19,22,27,30,35,44,45,48,54,57" machi="13" ten="20,18000,2" yaku="1,1,2,1,0,1,7,1,24,2,52,1,53,0" doraHai="0" doraHaiUra="77" who="2" fromWho="2" sc="477,-60,119,-60,382,190,12,-60" owari="417,22.0,59,-34.0,572,67.0,-48,-55.0" /></mjloggm>