<mjloggm ver="2.3"><GO type="169" lobby="0"/><UN n0="%E3%83%AF%E3%82%A4%E3%83%AB%E3%83%89" n1="%48%79" n2="%E3%81%97%E3%82%89%E3%81%84%E3%81%97%E3%81%BE%E3%81%84" n3="%E6%96%B0%E6%BD%9F%E3%81%AE%E6%B0%91" dan="16,17,17,17" rate="2130.27,2182.00,2283.12,2220.76" sx="M,F,M,M"/><TAIKYOKU oya="0"/><INIT seed="0,0,0,2,1,117" ten="250,250,250,250" oya="0" hai0="37,86,6,124,98,69,19,23,120,75,29,132,42" hai1="22,15,24,65,81,32,10,67,127,87,41,9,133" hai2="48,0,63,60,112,20,71,115,123,90,45,131,106" hai3="40,102,16,21,122,97,119,49,110,79,47,51,129"/><T73/><D69/><U56/><E133/><V84/><F0/><W91/><G119/><T1/><D132/><U111/><E111/><V93/><F106/><W30/><G110/><T68/><D68/><U28/><E127/><V5/><F131/><W83/><G129/><T53/><D124/><U77/><E41/><V17/><F5/><W70/><G30/><T107/><D29/><U62/><E32/><V58/><F71/><W89/><G51/><T2/><D86/><U94/><E67/><V78/><F78/><W46/><G46/><T7/><D53/><U33/><E33/><V103/><F103/><W34/><G34/><T11/><D6/><U36/><E36/><V100/><F100/><W25/><G122/><T74/><D1/><U8/><REACH who="1" step="1"/><E94/><REACH who="1" ten="250,240,250,250" step="2"/><V101/><F123/><W76/><G70/><T85/><D120/><U44/><E44/><V18/><F45/><W64/><G64/><T82/><D42/><U125/><E125/><V4/><F93/><W121/><G121/><T135/><D37/><U26/><E26/><V52/><F112/><W116/><G116/><T80/><D135/><U57/><E57/><V35/><F58/><W128/><G128/><T59/><D59/><U126/><E126/><V114/><F115/><W12/><G25/><T66/><D66/><U38/><E38/><V95/><F35/><W3/><G40/><T96/><D107/><U50/><E50/><V55/><F48/><W108/><G49/><T92/><D92/><U54/><E54/><V109/><F114/><W113/><G113/><T88/><D82/><U104/><E104/><RYUUKYOKU ba="0,1" sc="250,15,240,15,250,-15,250,-15" hai0="2,7,11,19,23,73,74,75,80,85,88,96,98" hai1="8,9,10,15,22,24,28,56,62,65,77,81,87" /><INIT seed="0,1,1,1,1,1" ten="265,255,235,235" oya="0" hai0="89,32,106,74,100,93,15,88,135,83,114,46,122" hai1="26,113,97,108,119,125,24,55,72,64,8,40,45" hai2="31,12,25,27,131,91,132,73,117,70,126,20,101" hai3="120,51,94,2,21,96,23,63,61,41,98,110,95"/><T36/><D122/><U33/><E119/><V78/><F70/><W118/><G118/><T54/><D114/><U52/><E72/><V116/><F126/><W0/><G41/><T29/><D135/><U19/><E108/><V42/><F132/><W11/><G11/><T86/><D32/><U6/><E125/><V121/><F121/><W87/><G120/><T17/><D29/><U10/><E64/><V115/><F131/><W66/><G51/><T134/><D134/><U123/><E123/><V67/><F115/><W35/><G87/><T38/><D106/><U112/><E97/><V44/><F67/><W76/><G66/><T105/><D105/><U3/><E33/><V90/><F101/><W18/><G35/><T58/><D100/><U80/><E80/><V37/><F78/><W30/><G76/><T107/><D107/><U56/><E55/><V77/><F77/><W133/><G30/><T111/><D111/><U22/><E24/><V49/><F73/><W4/><G18/><T57/><D57/><U99/><E99/><V79/><F79/><W9/><G9/><T128/><D74/><U53/><E10/><V43/><F27/><W34/><G34/><T129/><D46/><U82/><E53/><V59/><F42/><W92/><G92/><T75/><D75/><U84/><E45/><V16/><F59/><W48/><G133/><T102/><D102/><U28/><E40/><V85/><F37/><N who="0" m="14442" /><D89/><N who="2" m="33802" /><F85/><W14/><G110/><T62/><D83/><U69/><E69/><V60/><F60/><W47/><G63/><T5/><D17/><U103/><E19/><RYUUKYOKU ba="1,1" sc="265,15,255,-15,235,15,235,-15" hai0="5,15,54,58,62,86,88,93,128,129" hai2="12,16,20,25,31,43,44,49,116,117" /><INIT seed="0,2,1,4,2,117" ten="280,240,250,220" oya="0" hai0="1,10,40,11,23,88,31,15,86,44,8,101,103" hai1="42,43,135,33,37,60,71,131,30,29,54,120,92" hai2="94,35,118,99,20,53,51,123,55,21,115,82,22" hai3="89,34,65,73,41,97,67,95,119,134,17,124,68"/><T81/><D1/><U19/><E135/><V25/><F115/><W39/><G119/><T78/><D78/><U38/><E131/><V109/><F118/><W76/><G134/><T96/><D96/><U32/><E92/><V18/><F123/><W64/><G34/><T61/><D61/><U27/><E19/><V126/><F126/><W12/><G124/><T125/><D125/><U130/><E130/><V70/><F70/><W0/><G0/><T14/><D14/><U90/><E90/><V84/><F35/><W63/><G41/><T24/><REACH who="0" step="1"/><D15/><REACH who="0" ten="270,240,250,220" step="2"/><U6/><E60/><V85/><F85/><W75/><G76/><T45/><D45/><U9/><E38/><AGARI ba="2,2" hai="8,10,11,23,24,31,38,40,44,81,86,88,101,103" machi="38" ten="40,12000,1" yaku="1,1,54,1,53,3" doraHai="117" doraHaiUra="5" who="0" fromWho="1" sc="270,146,240,-126,250,0,220,0" /><INIT seed="0,3,0,2,4,110" ten="416,114,250,220" oya="0" hai0="71,133,112,127,27,11,17,89,56,42,63,33,1" hai1="126,49,31,129,90,116,121,115,10,28,122,55,87" hai2="76,94,0,30,5,52,26,109,22,12,47,61,44" hai3="9,106,41,118,105,46,125,73,86,62,101,20,130"/><T108/><D71/><U88/><E116/><V84/><F109/><W69/><G118/><T6/><D108/><U128/><E126/><V43/><F0/><W16/><G73/><T37/><D127/><U81/><E10/><N who="2" m="4175" /><F43/><W107/><G125/><T120/><D120/><U45/><E90/><N who="2" m="53575" /><F76/><W13/><G130/><N who="1" m="50282" /><E115/><V96/><F96/><W91/><G62/><T54/><D112/><U24/><E28/><V60/><F60/><W57/><G57/><AGARI ba="3,0" hai="22,26,30,44,47,52,57,61" m="53575,4175" machi="57" ten="30,2000,0" yaku="8,1,54,1" doraHai="110" who="2" fromWho="3" sc="416,0,114,0,250,29,220,-29" /><INIT seed="1,0,0,1,5,4" ten="416,114,279,191" oya="1" hai0="64,106,117,128,92,126,52,41,17,133,84,124,7" hai1="110,123,21,109,87,34,1,88,99,95,129,125,31" hai2="83,54,85,107,35,33,8,14,2,77,55,30,70" hai3="121,101,28,80,0,63,98,59,73,108,135,60,120"/><U100/><E123/><V16/><F107/><W114/><G114/><T94/><D106/><U102/><E34/><V37/><F70/><W89/><G108/><N who="1" m="41578" /><E1/><V97/><F37/><W118/><G135/><T40/><D117/><U132/><E132/><V29/><F2/><W111/><G111/><T23/><D133/><U20/><E129/><V3/><F3/><W57/><G118/><T116/><D116/><U78/><E125/><N who="0" m="48233" /><D128/><U112/><E112/><V81/><F97/><W130/><G28/><N who="2" m="10857" /><F33/><W115/><G0/><T50/><D64/><U10/><E10/><V72/><F72/><W82/><G73/><T22/><D7/><U67/><E67/><V122/><F35/><W25/><G115/><T24/><D23/><N who="1" m="8779" /><E31/><V131/><F122/><W75/><G130/><T44/><D84/><U32/><E32/><V42/><F131/><W69/><G75/><T46/><D40/><U61/><E61/><V27/><F42/><W6/><G6/><T51/><AGARI ba="0,0" hai="17,22,24,41,44,46,50,51,52,92,94" m="48233" machi="51" ten="30,2000,0" yaku="18,1,54,1" doraHai="4" who="0" fromWho="0" sc="416,20,114,-10,279,-5,191,-5" /><INIT seed="2,0,0,1,0,88" ten="436,104,274,186" oya="2" hai0="11,77,1,87,111,127,38,97,126,16,63,80,32" hai1="73,27,72,106,29,39,26,24,59,48,52,58,34" hai2="135,68,98,41,23,75,42,62,13,76,107,46,82" hai3="9,60,131,67,92,104,108,36,100,119,86,44,116"/><V110/><F135/><W89/><G108/><T45/><D111/><U43/><E106/><V132/><F132/><W83/><G131/><T118/><D118/><U2/><E2/><V93/><F107/><W70/><G104/><T117/><D117/><U79/><E59/><V95/><F110/><W90/><G100/><T14/><D32/><U20/><E79/><V54/><F42/><W25/><G9/><T112/><D112/><U94/><E94/><V50/><F98/><W22/><G44/><T74/><D1/><U35/><E35/><V133/><F133/><W40/><G40/><T21/><D63/><U105/><E105/><V84/><F75/><W18/><REACH who="3" step="1"/><G36/><REACH who="3" ten="436,104,274,176" step="2"/><T31/><D38/><U0/><E39/><V33/><F33/><W99/><AGARI ba="0,1" hai="18,22,25,60,67,70,83,86,89,90,92,99,116,119" machi="99" ten="20,8000,1" yaku="1,1,2,1,0,1,7,1,52,1,53,0" doraHai="88" doraHaiUra="6" who="3" fromWho="3" sc="436,-20,104,-20,274,-40,176,90" /><INIT seed="3,0,0,4,2,36" ten="416,84,234,266" oya="3" hai0="38,9,2,92,81,135,40,31,24,105,68,52,103" hai1="34,21,75,5,22,112,110,59,15,39,87,122,121" hai2="102,108,116,23,51,91,125,50,60,56,46,130,70" hai3="96,124,113,86,117,64,120,41,57,134,33,7,107"/><W32/><G113/><T90/><D68/><U80/><E75/><V84/><F116/><W69/><G117/><T1/><D135/><U99/><E112/><V115/><F115/><W123/><G69/><T79/><D9/><U85/><E34/><V111/><F70/><W11/><G134/><T118/><D118/><U65/><E39/><V88/><F125/><W37/><G124/><T13/><D13/><U89/><E110/><V67/><F130/><W129/><G129/><T26/><D26/><U77/><E99/><V6/><F50/><W58/><G33/><T49/><D103/><U109/><E109/><V128/><F128/><W12/><G32/><T71/><D71/><U131/><E131/><V119/><F119/><W133/><G133/><T14/><D14/><U76/><E76/><V53/><F102/><W78/><G107/><T25/><D25/><U27/><E5/><V94/><F6/><W83/><G96/><T114/><D114/><U17/><E65/><V29/><REACH who="2" step="1"/><F91/><REACH who="2" ten="416,84,224,266" step="2"/><W28/><G37/><T106/><D90/><U93/><REACH who="1" step="1"/><E59/><REACH who="1" ten="416,74,224,266" step="2"/><V95/><F95/><W104/><G58/><T35/><D92/><U18/><AGARI ba="0,2" hai="15,17,18,21,22,27,77,80,85,87,89,93,121,122" machi="18" ten="20,5200,0" yaku="1,1,2,1,0,1,7,1,53,0" doraHai="36" doraHaiUra="98" who="1" fromWho="1" sc="416,-13,74,72,224,-13,266,-26" /><INIT seed="4,0,0,0,1,8" ten="403,146,211,240" oya="0" hai0="58,23,112,7,124,49,9,135,54,69,123,36,91" hai1="42,101,126,117,45,93,76,27,46,57,133,14,70" hai2="43,94,62,66,26,134,83,111,19,39,106,13,97" hai3="125,121,116,5,102,6,32,73,90,59,41,87,24"/><T104/><D123/><U82/><E117/><V114/><F111/><W131/><G116/><T30/><D69/><U127/><E70/><V12/><F114/><W115/><G115/><T92/><D112/><U119/><E119/><V63/><F134/><W88/><G73/><T61/><D135/><U47/><E133/><V51/><F106/><W28/><G121/><T80/><D104/><U1/><E1/><V33/><F39/><W44/><G131/><T60/><D36/><U38/><E27/><V65/><F83/><W78/><G102/><T109/><D109/><U34/><E34/><V10/><F33/><W29/><G29/><T79/><D124/><U31/><E31/><V22/><F43/><W55/><G78/><T85/><D23/><U98/><E57/><V68/><F51/><W128/><G90/><T40/><D40/><U108/><E108/><V18/><F26/><W53/><G53/><T67/><D30/><U50/><E14/><V17/><F17/><W110/><G128/><T16/><D67/><N who="2" m="25610" /><F68/><W56/><G125/><N who="1" m="47626" /><E38/><V99/><F99/><W0/><G0/><T132/><D132/><U96/><E96/><V84/><F84/><AGARI ba="0,0" hai="42,45,46,47,50,76,82,84,93,98,101" m="47626" machi="84" ten="30,1000,0" yaku="18,1" doraHai="8" who="1" fromWho="2" sc="403,0,146,10,211,-10,240,0" /><INIT seed="5,0,0,2,5,56" ten="403,156,201,240" oya="1" hai0="72,48,69,123,58,113,121,7,96,61,0,30,18" hai1="23,84,11,99,116,133,102,5,130,50,8,26,62" hai2="4,101,45,128,10,15,59,24,28,73,131,127,117" hai3="91,74,124,68,52,103,3,6,114,53,119,76,109"/><U105/><E116/><V118/><F73/><W132/><G109/><T64/><D72/><U75/><E75/><V42/><F101/><W111/><G111/><T33/><D113/><U86/><E130/><N who="2" m="49707" /><F59/><W55/><G114/><T14/><D96/><U115/><E115/><V120/><F127/><W95/><G124/><T129/><D129/><U27/><E133/><V90/><F90/><W65/><G103/><T135/><D135/><U134/><E134/><V67/><F67/><W71/><G132/><T38/><D38/><U89/><E11/><V32/><F120/><N who="0" m="46154" /><D0/><U63/><E50/><AGARI ba="0,0" hai="4,10,15,24,28,32,42,45,50,117,118" m="49707" machi="50" ten="30,1000,0" yaku="19,1" doraHai="56" who="2" fromWho="1" sc="403,0,156,-10,201,10,240,0" /><INIT seed="6,0,0,5,1,20" ten="403,146,211,240" oya="2" hai0="124,128,71,80,95,12,119,16,83,55,37,89,104" hai1="44,74,82,115,40,110,123,75,93,48,47,22,57" hai2="70,9,36,35,15,79,86,49,101,126,120,132,94" hai3="66,19,100,109,103,114,96,113,43,125,131,17,65"/><V91/><F120/><W8/><G109/><T116/><D104/><U67/><E110/><V88/><F36/><W135/><G43/><T41/><D71/><U117/><E117/><N who="0" m="45129" /><D128/><U5/><E115/><N who="3" m="44042" /><G135/><T56/><D124/><U32/><E32/><V46/><F126/><W24/><G125/><T106/><D106/><U27/><E123/><V69/><F35/><W2/><G2/><T133/><D133/><U72/><E5/><V63/><F101/><N who="3" m="38987" /><G96/><N who="0" m="57455" /><D41/><U4/><E4/><V6/><F79/><W25/><G131/><T62/><D37/><U121/><E121/><V28/><F28/><W31/><G8/><AGARI ba="0,0" hai="8,12,16,55,56,62,80,83" m="57455,45129" machi="8" ten="30,2000,0" yaku="12,1,54,1" doraHai="20" who="0" fromWho="3" sc="403,20,146,0,211,0,240,-20" /><INIT seed="7,0,0,2,0,131" ten="423,146,211,220" oya="3" hai0="27,15,43,118,14,121,94,111,63,17,59,109,85" hai1="83,16,127,101,25,87,40,32,132,134,24,126,105" hai2="64,34,92,38,93,122,80,130,29,123,36,30,0" hai3="115,7,61,68,60,79,55,44,69,4,135,74,102"/><W77/><G102/><T5/><D121/><N who="2" m="46090" /><F130/><W62/><G115/><T9/><D118/><U90/><E40/><V19/><F0/><W66/><G44/><T119/><D119/><U22/><E105/><V110/><F110/><W2/><G2/><T73/><D73/><U67/><E101/><V88/><F64/><W98/><G98/><T108/><D43/><U12/><E67/><V41/><F41/><W47/><G47/><T56/><D27/><N who="1" m="10315" /><E32/><V65/><F19/><W50/><G50/><T28/><D28/><N who="2" m="10858" /><F34/><W86/><G55/><T116/><D116/><U133/><AGARI ba="0,0" hai="12,16,22,83,87,90,126,127,132,133,134" m="10315" machi="133" ten="40,8000,1" yaku="20,1,52,3,54,1" doraHai="131" who="1" fromWho="1" sc="423,-20,146,80,211,-20,220,-40" owari="403,50.0,226,3.0,191,-21.0,180,-32.0" /></mjloggm>