<mjloggm ver="2.3"><GO type="169" lobby="0"/><UN n0="%61%6B%69%62%61%62%61%6E" n1="%E5%B9%BB%E9%9C%8A" n2="%E3%81%82%E3%81%84%E3%81%82%E3%81%8A%E3%81%84" n3="%E6%98%8E%E6%97%A5%E3%81%AE%E3%82%86%E3%81%8F%E3%81%88" dan="17,17,17,17" rate="2174.01,2211.69,2258.82,2229.87" sx="M,F,M,F"/><TAIKYOKU oya="0"/><INIT seed="0,0,0,3,1,111" ten="250,250,250,250" oya="0" hai0="114,28,56,42,9,94,129,32,47,26,20,80,23" hai1="18,66,82,34,69,75,38,70,67,50,27,15,130" hai2="91,39,5,109,104,131,71,55,99,2,90,79,59" hai3="63,134,87,120,133,76,72,48,86,103,115,126,106"/><T98/><D114/><U0/><E38/><V108/><F71/><W112/><G63/><T12/><D129/><U4/><E130/><V10/><F131/><W128/><G48/><T6/><D56/><U60/><E50/><V54/><F39/><W29/><G29/><T1/><D80/><U36/><E36/><V64/><F79/><W92/><G128/><T61/><D61/><U77/><E67/><V121/><F121/><W11/><G11/><T24/><D1/><U93/><E93/><V13/><F2/><W17/><G17/><T43/><D47/><U102/><E102/><N who="2" m="62559" /><F64/><W118/><G120/><T19/><REACH who="0" step="1"/><D32/><REACH who="0" ten="240,250,250,250" step="2"/><U132/><E34/><V45/><F45/><W57/><G57/><T124/><D124/><U85/><E60/><V35/><F59/><W88/><G126/><T46/><D46/><U117/><E0/><V100/><F109/><W113/><G118/><T125/><D125/><U65/><E117/><V89/><F108/><W97/><G86/><T53/><D53/><U49/><E85/><V3/><F3/><W7/><G7/><T40/><D40/><U122/><E4/><V83/><F83/><AGARI ba="0,1" hai="72,76,83,87,88,92,97,103,106,112,113,115,133,134" machi="83" ten="50,16000,3" yaku="24,2,34,3,52,3,54,1" doraHai="111" who="3" fromWho="2" sc="240,0,250,0,250,-160,250,170" /><INIT seed="1,0,0,0,0,12" ten="240,250,90,420" oya="1" hai0="6,56,99,40,95,94,73,97,20,128,133,14,87" hai1="132,78,29,82,5,110,114,22,59,80,48,41,106" hai2="72,108,117,53,115,7,92,18,81,135,11,116,26" hai3="96,32,125,54,16,15,52,105,4,44,46,85,98"/><U66/><E114/><V31/><F115/><W9/><G32/><T79/><D73/><U134/><E106/><V130/><F92/><W63/><G125/><T86/><D128/><U127/><E127/><V71/><F71/><W1/><G105/><T104/><D104/><U84/><E110/><V34/><F81/><W58/><G85/><T93/><D40/><U129/><E129/><V43/><F72/><W120/><G120/><T36/><D36/><U121/><E121/><V45/><F53/><W55/><G1/><T83/><D87/><U70/><E5/><V65/><F65/><N who="3" m="39159" /><G4/><T35/><D35/><U27/><E82/><V57/><F57/><W107/><G107/><T37/><D37/><U76/><E76/><V109/><F130/><W69/><G69/><T74/><D74/><U47/><E70/><V3/><F135/><W28/><G28/><T25/><D133/><U50/><E66/><V49/><REACH who="2" step="1"/><F18/><REACH who="2" ten="240,250,80,420" step="2"/><W90/><G98/><T68/><D56/><U103/><E59/><V38/><F38/><W17/><G17/><N who="0" m="12431" /><D68/><U113/><E113/><V13/><F13/><W131/><G131/><T67/><D67/><U119/><E134/><V101/><F101/><W111/><G111/><AGARI ba="0,1" hai="3,7,11,26,31,34,43,45,49,108,109,111,116,117" machi="111" ten="40,2600,0" yaku="1,1,14,1,53,0" doraHai="12" doraHaiUra="124" who="2" fromWho="3" sc="240,0,250,0,80,36,420,-26" /><INIT seed="2,0,0,4,5,19" ten="240,250,116,394" oya="2" hai0="65,46,82,106,119,132,8,27,17,131,14,78,71" hai1="117,85,94,130,115,108,112,114,80,40,89,124,44" hai2="98,79,63,56,118,61,104,34,69,120,128,86,12" hai3="87,113,42,126,2,102,29,39,16,23,101,127,135"/><V68/><F118/><W91/><G2/><T53/><D131/><U10/><E130/><V20/><F34/><W70/><G70/><T35/><D119/><U60/><E117/><V129/><F120/><W41/><G29/><T110/><D106/><U93/><E108/><V81/><F128/><W105/><G135/><T97/><D110/><U50/><E124/><N who="3" m="47658" /><G113/><T111/><D132/><U66/><REACH who="1" step="1"/><E10/><REACH who="1" ten="240,240,116,394" step="2"/><V33/><F129/><W121/><G121/><T122/><D8/><U28/><E28/><V22/><F33/><W76/><G76/><T77/><D77/><U5/><E5/><V0/><F79/><W32/><G32/><T96/><D111/><U62/><E62/><V18/><F63/><W15/><G105/><T133/><D133/><U109/><E109/><V73/><F104/><W88/><G91/><T52/><D35/><U49/><E49/><V95/><F61/><W125/><G125/><T72/><D78/><U64/><E64/><V13/><F73/><W92/><G39/><T74/><D65/><U6/><E6/><V100/><F69/><AGARI ba="0,1" hai="40,44,50,60,66,69,80,85,89,93,94,112,114,115" machi="69" ten="40,1300,0" yaku="1,1,53,0" doraHai="19" doraHaiUra="54" who="1" fromWho="2" sc="240,0,240,23,116,-13,394,0" /><INIT seed="3,0,0,2,2,93" ten="240,263,103,394" oya="3" hai0="39,0,59,34,49,61,66,133,107,33,89,52,100" hai1="23,122,10,7,116,38,99,43,25,30,11,95,17" hai2="127,111,15,101,112,86,129,98,67,32,73,74,80" hai3="71,1,130,57,78,29,83,20,131,40,35,13,42"/><W126/><G71/><T117/><D117/><U37/><E116/><V84/><F32/><W124/><G1/><T128/><D0/><U121/><E43/><V62/><F112/><W88/><G35/><T114/><D114/><U28/><E38/><V56/><F111/><W63/><G29/><T45/><D128/><N who="3" m="49193" /><G20/><T125/><D125/><N who="3" m="48233" /><G13/><T36/><D36/><U16/><E37/><V50/><F127/><W108/><G108/><T64/><D64/><U3/><E30/><V105/><F129/><W27/><G27/><T75/><D75/><U14/><E28/><V9/><F50/><W110/><G110/><T92/><D39/><U22/><E23/><V18/><REACH who="2" step="1"/><F86/><REACH who="2" ten="240,263,93,394" step="2"/><N who="3" m="50271" /><G78/><AGARI ba="0,1" hai="9,15,18,56,62,67,73,74,78,80,84,98,101,105" machi="78" ten="30,7700,0" yaku="1,1,7,1,52,1,53,1" doraHai="93" doraHaiUra="8" who="2" fromWho="3" sc="240,0,263,0,93,87,394,-77" /><INIT seed="4,0,0,2,4,72" ten="240,263,180,317" oya="0" hai0="0,43,25,45,5,61,74,116,1,105,12,20,58" hai1="28,115,2,41,86,65,19,22,39,103,89,14,34" hai2="40,104,57,10,33,118,11,112,47,24,80,106,124" hai3="38,111,81,46,79,31,94,98,6,35,18,60,75"/><T77/><D105/><U71/><E115/><V132/><F112/><W62/><G111/><T122/><D122/><U135/><E135/><V126/><F132/><W87/><G75/><T23/><D116/><U121/><E121/><V16/><F118/><W82/><G82/><T120/><D120/><U125/><E125/><N who="2" m="48235" /><F57/><W76/><G6/><T90/><D90/><U50/><E39/><V117/><F117/><W123/><G123/><T49/><D77/><N who="3" m="29769" /><G35/><T53/><D74/><U9/><E103/><V114/><F80/><W68/><G68/><T69/><D69/><U13/><E2/><V29/><F114/><W4/><G4/><T101/><D101/><U102/><E102/><V99/><F99/><W93/><G38/><T92/><D92/><N who="3" m="35433" /><G31/><T129/><D5/><U8/><E34/><V52/><F104/><W55/><G18/><N who="0" m="10311" /><D0/><U36/><E36/><N who="2" m="21895" /><F106/><W88/><G98/><T85/><D1/><U27/><E71/><V128/><F16/><W37/><G37/><T110/><D110/><U44/><E28/><V133/><F29/><W91/><G91/><T97/><D97/><U108/><E108/><V59/><F133/><W26/><G26/><T73/><D73/><U3/><E27/><V21/><F33/><W131/><G131/><T113/><D129/><U107/><E107/><V127/><N who="2" m="48243" /><V83/><DORA hai="134" /><F83/><W7/><G7/><T96/><D96/><U56/><E3/><V64/><F128/><W67/><G67/><T130/><D130/><U54/><E65/><V32/><F64/><W109/><G109/><T95/><D113/><U66/><E66/><RYUUKYOKU ba="0,0" sc="240,-10,263,-10,180,-10,317,30" hai3="46,55,60,62,81,87,88" /><INIT seed="5,1,0,2,3,98" ten="230,253,170,347" oya="1" hai0="99,66,47,20,18,3,71,96,85,111,10,75,6" hai1="100,30,103,79,41,56,90,49,17,31,44,7,80" hai2="124,115,123,105,64,122,39,106,134,14,132,77,50" hai3="32,81,16,15,26,54,58,108,125,120,95,127,36"/><U93/><E7/><V76/><F39/><W5/><G108/><T69/><D75/><U89/><E89/><V37/><F37/><W11/><G120/><N who="2" m="46121" /><F50/><W118/><G36/><T126/><D126/><N who="3" m="48137" /><G118/><T2/><D2/><U72/><E17/><V84/><F64/><W4/><G81/><T68/><D111/><U78/><E78/><N who="2" m="30315" /><F14/><W109/><G95/><T46/><D85/><U38/><E38/><V102/><F124/><W59/><G109/><T24/><D66/><U113/><E113/><V22/><F22/><W114/><G114/><T121/><D121/><U52/><E41/><V91/><F115/><W60/><G58/><T129/><D129/><U19/><E19/><V34/><F34/><W0/><G0/><T42/><D42/><U8/><E8/><V28/><F28/><AGARI ba="1,0" hai="4,5,11,15,16,26,28,32,54,59,60" m="48137" machi="28" ten="30,2000,0" yaku="18,1,54,1" doraHai="98" who="3" fromWho="2" sc="230,0,253,0,170,-23,347,23" /><INIT seed="6,0,0,5,3,103" ten="230,253,147,370" oya="2" hai0="24,84,58,77,108,62,64,32,41,12,36,121,20" hai1="87,26,110,28,13,10,7,97,51,21,17,95,8" hai2="90,79,0,56,29,69,115,106,60,54,73,78,96" hai3="47,40,105,23,30,50,100,134,124,85,6,45,122"/><V52/><F115/><W61/><G122/><T91/><D108/><U129/><E110/><V18/><F0/><W104/><G100/><T43/><D121/><U113/><E113/><V109/><F109/><W22/><G134/><T117/><D117/><U123/><E129/><V89/><F69/><W55/><G124/><T135/><D135/><U39/><E39/><V76/><F29/><W68/><G6/><T33/><D77/><U34/><E123/><V49/><F73/><W116/><G116/><T125/><D125/><U72/><E72/><V74/><F74/><W92/><G68/><T9/><D33/><U67/><E67/><V98/><F18/><W111/><G111/><T112/><D32/><U31/><E87/><V126/><F126/><W118/><G118/><T38/><D38/><U63/><E63/><V131/><F131/><W1/><G1/><T93/><D36/><U46/><E10/><V4/><F4/><W2/><G2/><T114/><D114/><U94/><E97/><N who="2" m="37483" /><F106/><W127/><G127/><T25/><D112/><U19/><E19/><V5/><F5/><W99/><G99/><T35/><D35/><U120/><E120/><V59/><AGARI ba="0,0" hai="49,52,54,56,59,60,76,78,79,89,90" m="37483" machi="59" ten="30,3000,0" yaku="8,1,54,1" doraHai="103" who="2" fromWho="2" sc="230,-10,253,-10,147,30,370,-10" /><INIT seed="6,1,0,1,4,88" ten="220,243,177,360" oya="2" hai0="123,110,109,124,40,81,25,91,74,131,41,66,59" hai1="95,37,11,48,31,135,18,132,94,65,129,47,13" hai2="1,105,51,63,101,89,8,125,61,21,50,43,60" hai3="68,49,80,78,20,62,2,127,103,9,134,15,34"/><V57/><F125/><W27/><G127/><T114/><D124/><U100/><E100/><V29/><F57/><W56/><G134/><N who="1" m="51242" /><E129/><V55/><F43/><W119/><G34/><T83/><D131/><U76/><E76/><V96/><F89/><W128/><G2/><T107/><D123/><U120/><E120/><V102/><F102/><W77/><G68/><T53/><D107/><U24/><E65/><V6/><REACH who="2" step="1"/><F55/><REACH who="2" ten="220,243,167,360" step="2"/><N who="3" m="34079" /><G103/><T126/><D126/><U38/><E38/><V113/><F113/><W58/><G128/><T46/><D114/><U4/><E37/><V32/><F32/><W93/><G119/><T17/><D40/><N who="1" m="24679" /><E4/><V121/><F121/><W19/><G58/><T90/><D41/><U16/><E18/><V30/><F30/><W71/><G71/><T117/><D117/><U70/><E70/><V79/><F79/><W10/><G77/><T104/><D59/><U7/><E7/><V12/><F12/><W42/><G15/><T111/><D111/><U3/><E3/><V72/><F72/><W45/><G78/><T98/><D74/><U52/><E52/><V133/><F133/><W108/><G108/><T35/><D35/><AGARI ba="1,1" hai="11,13,16,24,31,35,94,95" m="24679,51242" machi="35" ten="30,7700,0" yaku="20,1,52,2,54,1" doraHai="88" who="1" fromWho="0" sc="220,-80,243,90,167,0,360,0" /><INIT seed="7,0,0,1,5,56" ten="140,333,167,360" oya="3" hai0="125,29,23,0,84,36,41,111,22,1,16,112,116" hai1="78,109,19,43,50,7,76,123,79,4,91,96,42" hai2="113,104,81,132,110,72,120,46,108,18,131,130,12" hai3="122,40,3,99,11,64,103,32,26,90,63,45,65"/><W14/><G122/><T119/><D41/><N who="1" m="15371" /><E123/><V38/><F120/><W34/><G3/><N who="0" m="1099" /><D36/><U48/><E109/><V101/><F46/><W68/><G65/><T98/><D98/><U53/><E19/><V95/><F104/><W82/><G26/><N who="0" m="16607" /><D84/><U69/><E69/><V134/><F38/><W2/><G2/><T31/><D111/><N who="2" m="42538" /><F113/><W126/><G126/><T6/><D125/><U39/><E39/><V66/><F66/><W128/><G128/><N who="2" m="49193" /><F101/><W30/><G30/><T105/><D105/><U25/><E25/><V47/><F47/><W49/><G103/><T127/><D127/><U97/><E91/><V129/><N who="2" m="49201" /><V73/><DORA hai="115" /><F95/><W114/><G114/><T85/><D85/><U70/><E70/><V74/><F81/><W133/><G82/><T124/><D124/><U58/><E50/><V61/><F61/><W5/><G90/><T52/><D112/><U62/><E48/><V92/><F92/><W51/><G49/><T80/><D80/><U118/><E118/><N who="0" m="45097" /><D52/><U9/><E9/><AGARI ba="0,0" hai="9,12,18,72,73,74,132,134" m="49201,42538" machi="9" ten="50,1600,0" yaku="19,1" doraHai="56,115" who="2" fromWho="1" sc="140,0,333,-16,167,16,360,0" owari="140,-36.0,317,12.0,183,-22.0,360,46.0" /></mjloggm>