<mjloggm ver="2.3"><GO type="169" lobby="0"/><UN n0="%E5%A4%A7%E6%B2%BB%E9%83%8E%23%37%34" n1="%E3%81%A8%E3%82%82%E3%81%A8%E3%82%8A%EF%BD%9E" n2="%E5%A4%9A%E6%91%A9%E3%82%BD%E3%83%BC%E3%82%B8" n3="%E3%81%A9%E3%82%93%E3%81%9F%E3%82%83%E3%82%93" dan="16,16,16,17" rate="2124.86,2145.41,2072.37,2221.24" sx="M,M,M,F"/><TAIKYOKU oya="0"/><INIT seed="0,0,0,3,1,86" ten="250,250,250,250" oya="0" hai0="74,111,20,37,123,8,103,29,48,106,41,13,126" hai1="135,1,60,69,27,83,72,76,45,65,91,77,19" hai2="113,47,132,121,24,49,128,84,104,68,38,92,109" hai3="2,0,33,52,81,90,53,63,26,100,124,116,98"/><T35/><D123/><U40/><E135/><V110/><F121/><W105/><G116/><T28/><D74/><U73/><E19/><V70/><F104/><W125/><G33/><T30/><D37/><U122/><E122/><V31/><F113/><W88/><G26/><T89/><D35/><U36/><E27/><V79/><F38/><W99/><G99/><T4/><D126/><N who="3" m="48745" /><G81/><T97/><D111/><N who="2" m="42506" /><F128/><W94/><G105/><T130/><D130/><U46/><E46/><V96/><F84/><W129/><G129/><T16/><D89/><N who="3" m="34409" /><G63/><T131/><D131/><U58/><E91/><N who="2" m="55327" /><F79/><W75/><G75/><T15/><D41/><U55/><E76/><V21/><F132/><W82/><G82/><T14/><REACH who="0" step="1"/><D48/><REACH who="0" ten="240,250,250,250" step="2"/><U3/><E73/><V95/><F95/><W108/><G108/><T64/><D64/><U80/><E83/><V101/><F101/><W17/><G17/><T25/><AGARI ba="0,1" hai="4,8,13,14,15,16,20,25,28,29,30,97,103,106" machi="25" ten="30,11700,0" yaku="1,1,0,1,54,1,53,1" doraHai="86" doraHaiUra="18" who="0" fromWho="0" sc="240,127,250,-39,250,-39,250,-39" /><INIT seed="0,1,0,4,0,27" ten="367,211,211,211" oya="0" hai0="37,128,87,17,11,31,49,131,18,53,98,118,121" hai1="99,91,114,94,101,3,82,104,13,44,48,102,83" hai2="24,55,6,96,33,79,62,115,29,124,63,80,105" hai3="129,14,132,43,32,110,112,1,59,113,42,120,57"/><T28/><D121/><U61/><E3/><V106/><F115/><N who="3" m="44107" /><G1/><T108/><D37/><U56/><E114/><V74/><F124/><W127/><G32/><T23/><D118/><U77/><E104/><V65/><F6/><W103/><G103/><T39/><D39/><U36/><E36/><V15/><F15/><W123/><G14/><N who="0" m="7391" /><D98/><U20/><E20/><V92/><F55/><W126/><G110/><T69/><D69/><U54/><E13/><V97/><F97/><W71/><G71/><T50/><D50/><U52/><REACH who="1" step="1"/><E83/><REACH who="1" ten="367,201,211,211" step="2"/><V4/><F106/><W21/><G21/><T68/><D108/><U78/><E78/><V25/><F105/><W58/><G129/><N who="0" m="49739" /><D68/><U76/><E76/><V38/><F38/><W34/><G34/><T100/><D100/><U95/><E95/><V60/><F92/><W30/><G123/><T2/><D2/><U9/><E9/><V7/><F33/><W51/><G120/><T72/><D72/><AGARI ba="1,1" hai="44,48,52,54,56,61,72,77,82,91,94,99,101,102" machi="72" ten="30,7700,0" yaku="1,1,7,1,54,1,53,1" doraHai="27" doraHaiUra="46" who="1" fromWho="0" sc="367,-80,201,90,211,0,211,0" /><INIT seed="1,0,0,0,3,126" ten="287,291,211,211" oya="1" hai0="33,27,99,5,83,135,95,17,78,22,49,10,111" hai1="65,119,132,21,118,0,45,30,102,46,15,77,55" hai2="103,86,41,131,42,101,121,134,90,59,70,73,43" hai3="54,6,69,50,82,97,75,23,20,64,107,91,18"/><U94/><E0/><V53/><F121/><W67/><G6/><T47/><D111/><U31/><E132/><V62/><F73/><W106/><G20/><T16/><D135/><U88/><E65/><V128/><F134/><W125/><G125/><T38/><D33/><U40/><E102/><V35/><F35/><W68/><G67/><T117/><D38/><U71/><E71/><V84/><F70/><W7/><G7/><T122/><D117/><U48/><E77/><V8/><F8/><W39/><G39/><T19/><D122/><U80/><E80/><V36/><F36/><W133/><G133/><T72/><D95/><U66/><E66/><V113/><F113/><W104/><G75/><T26/><D99/><U34/><E34/><V14/><F14/><W58/><G64/><T25/><D22/><U116/><E15/><V3/><F3/><W93/><REACH who="3" step="1"/><G82/><REACH who="3" ten="287,291,211,201" step="2"/><T63/><D5/><U9/><E21/><V108/><F108/><W29/><G29/><T92/><D10/><U96/><REACH who="1" step="1"/><E9/><REACH who="1" ten="287,281,211,201" step="2"/><V115/><F115/><W124/><G124/><T12/><D83/><U52/><E52/><V56/><F53/><W123/><G123/><T4/><D72/><U76/><E76/><V32/><F32/><W51/><G51/><AGARI ba="0,2" hai="30,31,40,45,46,48,51,55,88,94,96,116,118,119" machi="51" ten="40,3900,0" yaku="1,1,54,1,53,0" doraHai="126" doraHaiUra="129" who="1" fromWho="3" sc="287,0,281,59,211,0,201,-39" /><INIT seed="1,1,0,1,3,56" ten="287,340,211,162" oya="1" hai0="104,5,110,94,122,74,78,46,95,93,23,8,75" hai1="47,67,106,40,28,55,25,11,52,121,115,54,65" hai2="109,86,61,85,87,89,20,92,29,103,0,2,132" hai3="113,9,64,70,60,50,3,27,82,90,42,118,24"/><U91/><E106/><V134/><F109/><W73/><G113/><T135/><D122/><U1/><E121/><V66/><F103/><W33/><G118/><T129/><D110/><U83/><E115/><V126/><F126/><W79/><G33/><T112/><D112/><U30/><E1/><V35/><F35/><W14/><G3/><T117/><D117/><U38/><E11/><V68/><F0/><W98/><G42/><T88/><D104/><U31/><REACH who="1" step="1"/><E25/><REACH who="1" ten="287,330,211,162" step="2"/><N who="2" m="16551" /><F2/><W80/><G27/><T15/><D8/><U32/><E32/><V120/><F120/><W108/><G24/><T97/><D15/><U105/><E105/><V39/><F39/><W72/><G108/><T4/><D5/><U69/><E69/><V26/><F26/><W133/><G14/><T114/><D4/><U36/><E36/><V21/><F21/><W45/><G9/><T131/><D23/><U37/><E37/><V16/><F16/><W119/><G119/><T71/><D71/><U99/><E99/><V76/><F68/><W58/><G70/><T48/><D114/><U96/><E96/><V125/><F125/><W6/><G6/><T77/><D97/><U13/><E13/><V63/><F134/><W57/><G133/><T100/><D135/><U43/><E43/><V7/><F132/><W62/><G98/><T84/><D100/><U12/><E12/><V102/><F102/><W107/><G107/><T17/><D17/><U81/><E81/><V116/><F7/><W127/><G127/><T59/><D129/><U130/><E130/><V51/><F116/><W44/><G82/><RYUUKYOKU ba="1,1" sc="287,-10,330,30,211,-10,162,-10" hai1="28,30,31,38,40,47,52,54,55,65,67,83,91" /><INIT seed="1,2,1,2,2,116" ten="277,360,201,152" oya="1" hai0="117,123,40,128,95,109,34,83,73,1,27,65,3" hai1="54,4,64,26,2,94,86,97,72,28,6,37,66" hai2="39,47,43,77,91,121,84,58,63,107,24,29,0" hai3="60,19,104,9,129,111,74,50,13,56,23,103,85"/><U25/><E72/><V108/><F0/><W33/><G74/><T92/><D117/><U17/><E37/><V12/><F108/><W88/><G33/><T90/><D109/><U18/><E2/><V126/><F126/><W106/><G111/><T133/><D133/><U125/><E86/><V71/><F107/><W61/><G129/><T114/><D114/><U87/><E87/><V53/><F12/><W105/><G103/><T30/><D128/><U45/><E45/><V131/><F131/><W11/><G61/><T32/><D65/><U96/><E94/><V113/><F113/><W98/><G98/><T7/><D40/><U89/><E89/><V78/><F71/><W21/><G21/><T69/><D73/><U10/><E10/><V76/><F121/><W120/><G120/><T62/><D62/><U134/><E54/><V93/><REACH who="2" step="1"/><F77/><REACH who="2" ten="277,360,191,152" step="2"/><W99/><G105/><T35/><D123/><U75/><E125/><V82/><F82/><W57/><G104/><T46/><D69/><U110/><E110/><V16/><F16/><W112/><G112/><T70/><D70/><U55/><E18/><V132/><F132/><W102/><G13/><T41/><D1/><U80/><E17/><V8/><F8/><W38/><G19/><T42/><D3/><U15/><E80/><V124/><F124/><W52/><G9/><T81/><D83/><U68/><E68/><V59/><F59/><W122/><G11/><T5/><D81/><U79/><E79/><V51/><F51/><W22/><G122/><T44/><D5/><N who="1" m="2155" /><E134/><V100/><F100/><W20/><G102/><RYUUKYOKU ba="2,2" sc="277,-10,360,-10,191,30,152,-10" hai2="24,29,39,43,47,53,58,63,76,78,84,91,93" /><INIT seed="2,3,2,1,5,129" ten="267,350,221,142" oya="2" hai0="54,80,46,12,58,18,72,17,107,119,66,86,27" hai1="73,14,24,112,120,83,41,124,8,133,33,109,25" hai2="44,118,56,85,94,103,100,102,70,71,114,48,15" hai3="115,60,21,135,1,6,123,59,101,39,99,51,13"/><V30/><F114/><W64/><G123/><T26/><D107/><U74/><E41/><V34/><F118/><W35/><G39/><T130/><D72/><U76/><E112/><V0/><F0/><W111/><G115/><T67/><D119/><U36/><E36/><V7/><F34/><W38/><G38/><T93/><D130/><U19/><E124/><V110/><F110/><W134/><G35/><T20/><D46/><U10/><E73/><V69/><F56/><W68/><G1/><T121/><D121/><U45/><E45/><V116/><F30/><W3/><G3/><T2/><D93/><U9/><E120/><V29/><F29/><W23/><G111/><T55/><D2/><U98/><E109/><V22/><F116/><W57/><G6/><T65/><D58/><N who="3" m="22025" /><G13/><T47/><D47/><U79/><E79/><V95/><F85/><W52/><G51/><T63/><D63/><U125/><E125/><V128/><F128/><W92/><G52/><N who="0" m="20011" /><D17/><U131/><E131/><V82/><F82/><W49/><G49/><T11/><D11/><U84/><E74/><V106/><F106/><W113/><G113/><T40/><D40/><U50/><E50/><V88/><F7/><W122/><G122/><T16/><D18/><U104/><E33/><V91/><F15/><W43/><G43/><T5/><D5/><U126/><E126/><V97/><F22/><W42/><G42/><T53/><N who="0" m="20019" /><T75/><DORA hai="37" /><D75/><U32/><E32/><V89/><F97/><W31/><G31/><T105/><D105/><U90/><E104/><V108/><F108/><RYUUKYOKU ba="3,2" sc="267,10,350,-30,221,10,142,10" hai0="12,16,20,26,27,65,66,67,80,86" hai2="44,48,69,70,71,88,89,91,94,95,100,102,103" hai3="21,23,60,64,68,92,99,101,134,135" /><INIT seed="2,4,2,0,4,11" ten="277,320,231,152" oya="2" hai0="32,109,119,62,77,133,21,75,15,85,81,20,124" hai1="63,1,55,72,39,116,58,114,79,54,108,45,16" hai2="35,103,100,125,129,2,112,127,113,118,80,104,33" hai3="105,3,9,101,107,34,53,46,57,86,94,98,40"/><V26/><F118/><W49/><G34/><N who="2" m="12809" /><F26/><W90/><G3/><T99/><D119/><U122/><E114/><N who="2" m="44139" /><F2/><W115/><G115/><T43/><D32/><U37/><E1/><V5/><F5/><W74/><G9/><T52/><D75/><U95/><E16/><V61/><F104/><W126/><G126/><N who="2" m="48137" /><F80/><W71/><G71/><T78/><D124/><U84/><E116/><V51/><F51/><W66/><G74/><T82/><D81/><U88/><E72/><V111/><F61/><W97/><G66/><T87/><D62/><U41/><E63/><V68/><F68/><W31/><G31/><T132/><D82/><U19/><E19/><V70/><F70/><W44/><REACH who="3" step="1"/><G40/><REACH who="3" ten="277,320,231,142" step="2"/><T4/><D43/><U36/><E41/><V38/><F129/><W59/><G59/><T60/><D4/><U130/><E58/><V96/><F111/><W47/><G47/><T92/><D109/><U91/><E45/><V134/><F134/><W48/><G48/><T64/><D132/><U67/><E130/><V69/><F69/><W30/><G30/><T131/><D133/><U76/><E108/><V135/><F135/><W28/><G28/><T7/><D131/><U93/><E67/><V17/><F38/><W10/><G10/><T27/><D64/><U121/><E37/><V25/><F96/><W22/><G22/><AGARI ba="4,3" hai="17,22,25,100,103" m="48137,44139,12809" machi="22" ten="40,2000,0" yaku="18,1" doraHai="11" who="2" fromWho="3" sc="277,0,320,0,231,62,142,-32" /><INIT seed="2,5,0,1,4,116" ten="277,320,293,110" oya="2" hai0="20,42,14,24,90,21,75,28,122,2,70,56,100" hai1="66,71,72,82,31,10,98,65,76,60,94,18,74" hai2="27,112,91,78,15,106,115,6,37,68,39,52,50" hai3="44,25,124,92,29,49,101,128,47,62,48,45,58"/><V103/><F68/><W109/><G109/><T126/><D122/><U79/><E66/><V104/><F78/><W33/><G128/><T111/><D2/><U17/><E31/><V32/><F39/><W41/><G124/><T77/><D70/><U13/><E79/><V118/><F37/><W99/><REACH who="3" step="1"/><G49/><REACH who="3" ten="277,320,293,100" step="2"/><T127/><D111/><U113/><E113/><V125/><F125/><W88/><G88/><T11/><D90/><U83/><E83/><V105/><F91/><W19/><G19/><T35/><D126/><U59/><E18/><V53/><F103/><W7/><G7/><T54/><D100/><U0/><E82/><V135/><F50/><W107/><G107/><T86/><D127/><U84/><E17/><V85/><F112/><W80/><G80/><T89/><D89/><U108/><E108/><V34/><F115/><W87/><G87/><T51/><D86/><U102/><E84/><V26/><F85/><W114/><G114/><T119/><D75/><U55/><E74/><V5/><F105/><W38/><G38/><T73/><D73/><U23/><E72/><V4/><F4/><W57/><G57/><T132/><D56/><U69/><E59/><V3/><F3/><W97/><G97/><T110/><D51/><U63/><E98/><V121/><F118/><W1/><G1/><T61/><D119/><U129/><E0/><V22/><F106/><W120/><G120/><T64/><D110/><U81/><E102/><V131/><F104/><W8/><G8/><T93/><D11/><U43/><E10/><V123/><F123/><W67/><AGARI ba="5,1" hai="25,29,33,41,44,45,47,48,58,62,67,92,99,101" machi="67" ten="20,8000,1" yaku="1,1,5,1,0,1,7,1,53,1" doraHai="116" doraHaiUra="46" who="3" fromWho="3" sc="277,-25,320,-25,293,-45,100,105" /><INIT seed="3,0,0,2,5,103" ten="252,295,248,205" oya="3" hai0="11,66,29,51,130,125,37,77,90,102,121,126,17" hai1="56,71,59,58,70,54,98,87,18,75,5,60,31" hai2="36,119,46,132,63,9,86,73,4,94,68,118,14" hai3="24,113,123,20,104,95,38,99,79,109,97,81,2"/><W124/><G123/><T89/><D121/><U35/><E75/><V116/><F73/><W128/><G113/><T32/><D37/><U107/><E5/><V30/><F132/><W82/><G38/><T15/><D130/><U1/><E1/><V49/><F36/><W117/><G2/><T131/><D131/><U80/><E35/><V0/><F30/><W34/><G128/><T72/><D66/><U52/><E31/><V105/><F0/><W69/><G69/><T55/><D102/><U48/><E59/><V40/><F105/><W62/><G117/><T122/><D122/><U57/><E58/><V41/><F41/><W8/><G34/><T88/><D77/><U45/><E45/><V74/><F74/><W19/><G124/><N who="0" m="47723" /><D72/><U101/><REACH who="1" step="1"/><E18/><REACH who="1" ten="252,285,248,205" step="2"/><V112/><F112/><W21/><G19/><T43/><D29/><U26/><E26/><V33/><F33/><W111/><G24/><T133/><D133/><U22/><E22/><V96/><F118/><W53/><G20/><T129/><D32/><U135/><E135/><V6/><F6/><W115/><G21/><T10/><D129/><U61/><E61/><V67/><REACH who="2" step="1"/><F86/><REACH who="2" ten="252,285,238,205" step="2"/><W65/><G115/><T134/><D134/><U108/><E108/><V42/><F42/><W91/><G109/><T27/><D43/><U127/><E127/><V83/><F83/><W28/><G82/><T92/><D27/><U16/><E16/><V23/><F23/><W7/><G28/><T3/><D3/><U39/><E39/><V12/><F12/><W93/><G111/><T114/><D114/><U50/><E50/><RYUUKYOKU ba="0,2" sc="252,-15,285,15,238,15,205,-15" hai1="48,52,54,56,57,60,70,71,80,87,98,101,107" hai2="4,9,14,40,46,49,63,67,68,94,96,116,119" /><INIT seed="4,1,2,0,3,11" ten="237,300,253,190" oya="0" hai0="65,64,97,61,99,120,93,29,90,66,123,104,102" hai1="118,108,62,40,89,130,38,95,128,73,23,0,5" hai2="101,68,127,14,116,44,111,119,129,76,114,39,52" hai3="28,4,121,77,74,6,25,71,7,80,126,107,50"/><T19/><D29/><U37/><E108/><V115/><F111/><W110/><G110/><T106/><D61/><U56/><E73/><V9/><F68/><W47/><G126/><T70/><D70/><U8/><E23/><V100/><F76/><W92/><G71/><T53/><D53/><U67/><E118/><N who="2" m="45099" /><F127/><W21/><G121/><T45/><D45/><U22/><E22/><V79/><F79/><W85/><G107/><T117/><D117/><U51/><E51/><N who="2" m="28775" /><F39/><W36/><G36/><T124/><D124/><U46/><REACH who="1" step="1"/><E38/><REACH who="1" ten="237,290,253,190" step="2"/><V87/><F129/><W41/><REACH who="3" step="1"/><G92/><REACH who="3" ten="237,290,253,180" step="2"/><T58/><D106/><U43/><E43/><V30/><F115/><W103/><G103/><T54/><D120/><U83/><E83/><V10/><F101/><W48/><G48/><T109/><D123/><U57/><E57/><V15/><F100/><W17/><G17/><T26/><D109/><U27/><E27/><V24/><F114/><W59/><G59/><T91/><D19/><U63/><E63/><V16/><F24/><W13/><G13/><T113/><D26/><U125/><E125/><V88/><F30/><W86/><AGARI ba="1,4" hai="4,6,7,21,25,28,41,47,50,74,77,80,85,86" machi="86" ten="30,4000,0" yaku="1,1,0,1,53,1" doraHai="11" doraHaiUra="42" who="3" fromWho="3" sc="237,-21,290,-11,253,-11,180,83" /><INIT seed="5,0,0,0,3,52" ten="216,279,242,263" oya="1" hai0="99,20,132,128,3,54,2,80,59,47,17,7,18" hai1="1,120,4,11,70,15,32,94,44,126,36,81,118" hai2="56,58,95,26,28,25,33,69,97,29,23,38,14" hai3="105,73,111,77,21,123,119,131,76,24,60,62,101"/><U124/><E118/><V64/><F38/><W37/><G111/><T134/><D128/><U42/><E120/><V133/><F133/><N who="0" m="51306" /><D47/><U49/><E94/><V88/><REACH who="2" step="1"/><F14/><REACH who="2" ten="216,279,232,263" step="2"/><W93/><G37/><T100/><D80/><U57/><E15/><V48/><F48/><W121/><G123/><T13/><D18/><U34/><E81/><V113/><F113/><W110/><G121/><T22/><D22/><U127/><E70/><V79/><F79/><W98/><G77/><T66/><D7/><U72/><E72/><V9/><F9/><W68/><G76/><T63/><D66/><U117/><E117/><V135/><F135/><W102/><G119/><T108/><D108/><U45/><E45/><V55/><F55/><AGARI ba="0,1" hai="1,4,11,32,34,36,42,44,49,55,57,124,126,127" machi="55" ten="40,3900,0" yaku="18,1,52,1" doraHai="52" who="1" fromWho="2" sc="216,0,279,49,232,-39,263,0" /><INIT seed="5,1,0,5,1,4" ten="216,328,193,263" oya="1" hai0="61,44,39,83,122,48,67,43,9,130,37,76,41" hai1="27,105,111,30,58,95,84,87,86,11,53,70,1" hai2="82,123,5,64,40,80,65,63,113,0,20,102,45" hai3="59,56,88,7,57,69,135,26,128,131,93,133,50"/><U99/><E105/><V6/><F123/><W77/><G69/><T114/><D122/><U134/><E134/><N who="3" m="51210" /><G77/><T115/><D130/><N who="3" m="49705" /><G26/><T38/><D9/><U104/><E104/><V75/><F113/><N who="0" m="43018" /><D83/><U106/><E106/><V13/><F0/><W101/><G101/><T108/><D76/><U60/><E111/><V90/><F102/><W132/><N who="3" m="51218" /><W46/><DORA hai="33" /><G7/><T10/><D10/><U8/><E1/><V55/><F82/><W49/><G46/><N who="0" m="23855" /><D108/><U47/><E47/><V96/><F6/><W116/><G116/><T16/><D16/><U14/><E70/><AGARI ba="1,0" hai="38,39,43,44,48,61,67,70" m="23855,43018" machi="70" ten="30,3900,0" yaku="15,1,34,2" doraHai="4,33" who="0" fromWho="1" sc="216,42,328,-42,193,0,263,0" /><INIT seed="6,0,0,3,1,56" ten="258,286,193,263" oya="2" hai0="79,69,82,67,8,106,35,108,52,30,109,6,65" hai1="2,93,0,87,70,101,4,53,73,54,22,39,7" hai2="127,13,62,51,134,50,129,59,41,43,42,48,11" hai3="90,57,110,77,17,58,61,5,125,14,85,118,119"/><V86/><F129/><W40/><G110/><T76/><D106/><U66/><E73/><V107/><F134/><W44/><G125/><T78/><D82/><U63/><E39/><V47/><F127/><W34/><G34/><T49/><D30/><U88/><E101/><V102/><F86/><W23/><G77/><T74/><D35/><U114/><E114/><V27/><F27/><W99/><G5/><T83/><D83/><U64/><E64/><V111/><F111/><W133/><G58/><T98/><D98/><U1/><E22/><V92/><F107/><W126/><G133/><T38/><D38/><U10/><REACH who="1" step="1"/><E7/><REACH who="1" ten="258,276,193,263" step="2"/><N who="2" m="3327" /><F102/><W20/><G23/><T84/><D74/><U72/><E72/><V100/><F100/><W80/><G126/><T31/><D67/><U37/><E37/><V122/><F122/><W25/><G118/><T128/><D65/><U112/><E112/><V26/><F26/><W9/><G119/><T115/><D69/><U103/><E103/><V75/><F75/><W28/><G20/><T15/><D115/><U124/><E124/><V21/><F21/><W24/><G28/><T130/><D31/><U55/><AGARI ba="0,1" hai="0,1,2,4,10,53,54,55,63,66,70,87,88,93" machi="55" ten="30,7900,0" yaku="1,1,0,1,52,1,54,1,53,0" doraHai="56" doraHaiUra="120" who="1" fromWho="1" sc="258,-20,276,89,193,-39,263,-20" /><INIT seed="7,0,0,1,1,30" ten="238,365,154,243" oya="3" hai0="123,28,51,125,3,99,122,87,29,1,90,40,71" hai1="131,129,83,133,31,106,37,63,7,82,111,100,67" hai2="96,47,20,5,53,24,52,127,128,104,113,93,46" hai3="58,103,132,4,76,19,44,105,33,86,68,66,124"/><W57/><G4/><T39/><D51/><U10/><E111/><V38/><F113/><W45/><G124/><T117/><D87/><U110/><E110/><V78/><F127/><W98/><G132/><T26/><D125/><U49/><E37/><V42/><F128/><N who="1" m="49225" /><E31/><V62/><F104/><W115/><G115/><T89/><D26/><U64/><E64/><V15/><F78/><W126/><G126/><T119/><D99/><N who="1" m="61727" /><E49/><V2/><F2/><W14/><G68/><T118/><D118/><U94/><E94/><V61/><F15/><W84/><G33/><T121/><D121/><U34/><E34/><V23/><F5/><W48/><G44/><T130/><D130/><U25/><E25/><V107/><F107/><W8/><G66/><T50/><D50/><U6/><E6/><V43/><F62/><W134/><G134/><T74/><D71/><N who="1" m="42495" /><E133/><V75/><F61/><W79/><G79/><T120/><D120/><U73/><E73/><V97/><F75/><W88/><G76/><T92/><D74/><U69/><E69/><V54/><F24/><W109/><G109/><T72/><D72/><U59/><E59/><V41/><F38/><W56/><REACH who="3" step="1"/><G88/><REACH who="3" ten="238,365,154,233" step="2"/><T85/><D123/><U102/><E102/><N who="2" m="60687" /><F97/><W32/><G32/><T11/><D122/><U27/><E7/><V22/><AGARI ba="0,1" hai="20,22,23,41,42,43,46,47,52,53,54" m="60687" machi="22" ten="40,8000,1" yaku="29,2,8,1,54,1" doraHai="30" who="2" fromWho="2" sc="238,-20,365,-20,154,90,233,-40" owari="218,-18.0,345,45.0,244,4.0,193,-31.0" /></mjloggm>