<mjloggm ver="2.3"><GO type="169" lobby="0"/><UN n0="%6B%6F%6D%69" n1="%E3%81%B3%E3%82%8A%E3%81%B3%E3%82%8A%E2%98%86%E3%83%93%E3%83%AA%E3%83%BC" n2="%4E%6F%2E%30%30%30%31" n3="%E4%B8%83%E6%98%9F%E7%90%83" dan="16,16,18,17" rate="2130.29,2177.32,2245.62,2098.31" sx="M,M,F,F"/><TAIKYOKU oya="0"/><INIT seed="0,0,0,2,1,53" ten="250,250,250,250" oya="0" hai0="85,59,34,46,100,66,68,108,102,40,2,10,24" hai1="79,26,11,104,126,78,71,32,49,44,8,72,21" hai2="94,16,31,33,37,114,45,113,132,76,13,62,64" hai3="29,81,105,51,119,17,123,110,63,12,77,69,129"/><T90/><D68/><U80/><E71/><V103/><F132/><W0/><G110/><T35/><D108/><U43/><E104/><V96/><F76/><W122/><G0/><T15/><D2/><U39/><E126/><V115/><F31/><W112/><G112/><T116/><D116/><U52/><E79/><V1/><F33/><W130/><G105/><T128/><D128/><N who="3" m="49257" /><G29/><T109/><D109/><U58/><REACH who="1" step="1"/><E32/><REACH who="1" ten="250,240,250,250" step="2"/><V101/><F113/><W127/><G127/><T55/><D34/><U75/><E75/><V47/><F114/><W14/><G119/><T86/><D35/><U7/><E7/><V60/><F115/><W97/><G122/><T89/><D102/><U3/><E3/><V74/><F1/><W131/><G77/><T84/><D100/><U95/><E95/><V36/><F74/><W9/><G69/><T5/><D5/><U87/><E87/><V22/><F103/><W48/><G123/><T50/><D86/><U98/><E98/><V25/><F94/><W65/><G97/><T88/><D85/><U124/><E124/><V125/><F125/><W118/><G131/><T73/><D73/><U133/><E133/><V67/><F96/><W57/><G118/><T19/><D84/><U70/><E70/><V54/><F101/><W92/><G92/><T20/><D89/><U107/><E107/><V134/><F134/><W93/><G93/><T38/><D90/><U4/><E4/><V120/><F120/><W111/><G111/><T18/><D88/><U42/><E42/><V61/><F36/><W106/><G106/><T121/><D121/><RYUUKYOKU ba="0,1" sc="250,15,240,15,250,-15,250,-15" hai0="10,15,18,19,20,24,38,40,46,50,55,59,66" hai1="8,11,21,26,39,43,44,49,52,58,72,78,80" /><INIT seed="0,1,1,3,3,0" ten="265,255,235,235" oya="0" hai0="13,55,14,133,91,126,43,2,130,1,30,40,42" hai1="121,107,66,117,15,29,65,31,97,104,28,48,114" hai2="109,45,101,113,87,69,111,132,129,124,7,12,103" hai3="41,110,79,119,108,89,84,134,59,131,39,128,25"/><T90/><D130/><N who="3" m="49705" /><G119/><T135/><D126/><U3/><E3/><N who="0" m="1033" /><D30/><U61/><E117/><V75/><F129/><W62/><G79/><T81/><D55/><U71/><E121/><V64/><F75/><W34/><G134/><N who="0" m="51211" /><D81/><U122/><E122/><V123/><F123/><W83/><G39/><T92/><D92/><U72/><E72/><V10/><F132/><W4/><G41/><T86/><D86/><U100/><E114/><V78/><F113/><W60/><G60/><T88/><AGARI ba="1,1" hai="13,14,40,42,43,88,90,91" m="51211,1033" machi="88" ten="40,12000,1" yaku="28,2,20,1,54,1" doraHai="0" who="0" fromWho="0" sc="265,133,255,-41,235,-41,235,-41" /><INIT seed="0,2,0,0,1,117" ten="398,214,194,194" oya="0" hai0="18,27,64,53,118,109,87,94,86,8,107,52,33" hai1="71,85,46,49,10,104,90,76,124,65,102,91,125" hai2="133,41,28,59,128,43,2,42,130,68,15,111,30" hai3="31,73,93,56,106,100,4,82,131,69,7,122,32"/><T9/><D118/><U66/><E76/><V113/><F2/><W26/><G93/><T105/><D64/><N who="1" m="24683" /><E71/><V57/><F68/><W1/><G69/><T11/><D109/><U114/><E10/><V110/><F15/><W55/><G131/><N who="2" m="50217" /><F133/><W99/><G1/><T24/><D94/><U14/><E14/><V39/><F39/><W83/><G73/><T96/><D18/><U50/><E50/><V70/><F70/><W115/><G115/><T54/><D96/><N who="1" m="61511" /><E85/><N who="0" m="32265" /><D33/><U101/><E101/><V75/><F75/><W34/><G34/><T16/><D16/><U88/><E49/><V84/><F84/><W126/><G7/><T12/><D12/><U97/><E97/><V36/><F36/><W78/><G4/><T132/><D132/><U120/><E46/><V45/><F45/><W119/><G119/><T72/><D72/><U40/><E40/><V92/><F92/><W103/><G78/><T81/><D81/><U23/><E23/><V29/><F113/><W98/><G82/><T121/><D105/><U17/><E17/><V61/><F61/><W37/><G83/><T20/><D107/><U80/><E80/><V44/><F44/><W116/><G37/><T6/><D6/><U123/><E114/><V89/><F89/><W13/><G116/><T38/><D38/><U19/><E19/><V51/><F51/><W5/><G13/><T3/><D3/><U127/><AGARI ba="2,0" hai="88,90,91,120,123,124,125,127" m="61511,24683" machi="127" ten="40,8000,1" yaku="18,1,52,2,54,1" doraHai="117" who="1" fromWho="1" sc="398,-42,214,86,194,-22,194,-22" /><INIT seed="1,0,0,0,2,58" ten="356,300,172,172" oya="1" hai0="31,44,133,112,91,21,42,126,3,10,43,52,118" hai1="130,99,85,88,84,64,46,114,41,131,40,129,36" hai2="90,54,30,34,83,47,122,6,32,39,104,25,18" hai3="103,115,93,98,59,92,50,14,66,78,28,109,33"/><U29/><E114/><V79/><F122/><W86/><G115/><T35/><D112/><U124/><E29/><V134/><F104/><W24/><G109/><T100/><D118/><U87/><E41/><V16/><F134/><W117/><G117/><T26/><D133/><U56/><E124/><V61/><F32/><W67/><G14/><T0/><D126/><U72/><E72/><V17/><F90/><W135/><G135/><T13/><D100/><U45/><E45/><V94/><F94/><W76/><G67/><T120/><D120/><U69/><E69/><V71/><F6/><W23/><G33/><T107/><D107/><U4/><E4/><V110/><F110/><W53/><G66/><T106/><D106/><U27/><E27/><V101/><F101/><W63/><G50/><N who="0" m="28743" /><D3/><U15/><E15/><V73/><F71/><W48/><G48/><T55/><D0/><U22/><E22/><V7/><F7/><W80/><G93/><T111/><D35/><U57/><E64/><V97/><F97/><W9/><G9/><T95/><D55/><U108/><E108/><V119/><F119/><W77/><AGARI ba="0,0" hai="23,24,28,53,59,63,76,77,78,80,86,92,98,103" machi="77" ten="20,5200,0" yaku="0,1,7,1,8,1,52,1" doraHai="58" who="3" fromWho="3" sc="356,-13,300,-26,172,-13,172,52" /><INIT seed="2,0,0,5,0,102" ten="343,274,159,224" oya="2" hai0="115,4,40,106,121,27,132,117,92,16,126,90,2" hai1="55,75,95,79,17,58,134,104,88,43,122,86,74" hai2="128,35,84,56,59,64,48,98,82,33,60,83,70" hai3="39,22,69,72,20,23,68,46,93,66,99,113,12"/><V120/><F120/><W41/><G72/><T44/><D121/><U116/><E122/><V91/><F128/><W34/><G113/><T25/><D115/><U49/><E116/><V26/><F82/><W119/><G34/><T96/><D117/><U67/><E134/><V38/><F38/><W114/><G119/><T131/><D132/><U77/><E104/><V21/><F48/><W133/><G133/><T24/><D131/><U52/><E43/><V73/><F73/><W100/><G114/><T109/><D109/><U31/><E31/><V30/><REACH who="2" step="1"/><F98/><REACH who="2" ten="343,274,149,224" step="2"/><W130/><G130/><T15/><D96/><N who="1" m="57447" /><E75/><V94/><F94/><W5/><G39/><T124/><D92/><U57/><E74/><V123/><F123/><W76/><G93/><T80/><D80/><U18/><E79/><V54/><F54/><W36/><G76/><T1/><D40/><U110/><E110/><V71/><F71/><W129/><G129/><T47/><D124/><U107/><E107/><V7/><F7/><W10/><G69/><T111/><D4/><U101/><E101/><V37/><F37/><W108/><G108/><T32/><D126/><U3/><E67/><V19/><F19/><W62/><G99/><T28/><D16/><U127/><E127/><V105/><F105/><W103/><AGARI ba="0,1" hai="5,10,12,20,22,23,36,41,46,62,66,68,100,103" machi="103" ten="30,1100,0" yaku="0,1" doraHai="102" who="3" fromWho="3" sc="343,-3,274,-3,149,-5,224,21" /><INIT seed="3,0,0,0,3,45" ten="340,271,144,245" oya="3" hai0="104,114,2,58,95,70,130,96,0,82,119,55,128" hai1="78,49,35,30,74,61,100,18,98,21,72,112,38" hai2="44,86,12,116,56,126,60,6,32,108,16,39,76" hai3="81,50,25,14,121,133,85,120,107,17,80,124,11"/><W54/><G107/><T75/><D119/><U125/><E112/><V90/><F116/><W10/><G133/><T79/><D114/><U129/><E38/><V102/><F108/><W40/><G124/><T97/><D70/><U31/><E125/><V68/><F32/><W37/><G80/><T26/><D26/><U62/><E129/><N who="0" m="49769" /><D104/><U105/><E49/><V94/><F68/><W4/><G40/><T99/><D95/><U42/><E42/><V24/><F102/><W53/><G53/><T41/><D41/><U33/><E33/><V106/><F106/><W89/><G37/><T69/><D69/><U48/><E48/><AGARI ba="0,0" hai="0,2,48,55,58,75,79,82,96,97,99" m="49769" machi="48" ten="30,2000,0" yaku="19,1,52,1" doraHai="45" who="0" fromWho="1" sc="340,20,271,-20,144,0,245,0" /><INIT seed="4,0,0,4,1,8" ten="360,251,144,245" oya="0" hai0="71,132,23,2,113,22,82,57,90,115,43,27,92" hai1="131,103,73,5,100,11,53,80,58,106,69,20,112" hai2="51,127,16,96,116,28,17,119,98,45,83,37,125" hai3="77,128,111,24,87,0,104,64,86,78,61,7,32"/><T48/><D71/><U67/><E131/><V19/><F28/><W95/><G111/><T66/><D2/><U121/><E121/><V56/><F56/><W46/><G104/><T47/><D132/><U124/><E124/><V122/><F83/><W93/><G7/><T126/><D126/><N who="2" m="48138" /><F37/><W72/><G0/><T60/><D82/><U59/><E69/><V99/><F122/><W38/><G72/><T9/><D9/><U118/><E118/><N who="2" m="45099" /><F51/><W15/><G38/><T10/><D10/><U81/><E59/><V123/><F123/><W114/><G64/><T134/><D134/><U55/><E58/><V18/><N who="2" m="4096" /><DORA hai="41" /><V94/><F45/><W120/><G46/><T129/><D48/><U3/><E67/><V135/><F135/><W117/><G61/><T25/><D47/><U1/><E5/><V65/><F65/><W75/><G117/><T79/><D57/><U88/><E80/><V26/><F26/><W105/><G24/><T54/><D25/><U108/><E81/><V133/><F133/><W107/><G75/><T85/><D27/><U97/><E3/><V102/><AGARI ba="0,0" hai="94,96,98,99,102" m="4096,45099,48138" machi="102" ten="50,6400,0" yaku="18,1,12,1,54,1" doraHai="8,41" who="2" fromWho="2" sc="360,-32,251,-16,144,64,245,-16" /><INIT seed="5,0,0,4,2,113" ten="328,235,208,229" oya="1" hai0="91,49,10,16,45,20,92,1,14,133,13,42,39" hai1="112,134,96,62,129,126,65,27,103,90,56,132,131" hai2="76,53,117,50,88,95,119,44,24,30,64,37,70" hai3="48,55,69,75,0,114,106,2,23,87,85,57,59"/><U25/><E112/><V118/><F76/><W94/><G114/><T99/><D133/><N who="1" m="51307" /><E90/><V34/><F37/><W122/><G75/><T21/><D1/><U124/><E96/><V15/><F15/><W60/><G69/><T61/><D61/><U3/><E103/><V135/><F70/><W123/><G106/><T121/><D121/><U104/><E104/><V105/><F105/><W47/><G2/><T5/><D39/><U18/><E3/><V43/><F64/><W40/><G0/><T6/><REACH who="0" step="1"/><D21/><REACH who="0" ten="318,235,208,229" step="2"/><N who="1" m="13495" /><E27/><V52/><REACH who="2" step="1"/><F135/><REACH who="2" ten="318,235,198,229" step="2"/><W22/><G123/><T54/><D54/><U31/><E31/><V120/><F120/><W79/><G122/><T83/><D83/><U12/><E12/><V89/><F89/><W74/><G55/><T28/><D28/><U102/><E102/><V115/><F115/><W73/><G79/><T26/><D26/><U128/><AGARI ba="0,2" hai="56,62,65,124,126,128,129,131" m="13495,51307" machi="128" ten="40,12000,1" yaku="30,2,19,1,20,1" doraHai="113" who="1" fromWho="1" sc="318,-40,235,140,198,-40,229,-40" /><INIT seed="5,1,0,5,5,125" ten="278,375,158,189" oya="1" hai0="60,65,124,116,112,70,120,50,92,91,86,73,11" hai1="113,71,19,51,53,14,31,82,121,107,87,40,49" hai2="105,101,63,110,28,4,3,61,117,102,2,47,54" hai3="32,115,46,106,16,35,1,21,58,24,99,129,84"/><U62/><E121/><V30/><F47/><W15/><G115/><T75/><D116/><U59/><E107/><V45/><F45/><W39/><G1/><T34/><D112/><U55/><E113/><V133/><F105/><W74/><G74/><T48/><D34/><U93/><E31/><V127/><F4/><W66/><G84/><T42/><D120/><U103/><E71/><V123/><F123/><W22/><G66/><T79/><D124/><U9/><E55/><V69/><F127/><W12/><G58/><T134/><D134/><U108/><E108/><V77/><F77/><W83/><G83/><T6/><D42/><U33/><E33/><V0/><F54/><W36/><G106/><T94/><D94/><U119/><E119/><V64/><F117/><W23/><G99/><T88/><D91/><N who="1" m="51703" /><E40/><V25/><F133/><W18/><G46/><T114/><D114/><U96/><AGARI ba="1,0" hai="9,14,19,49,51,53,59,62,93,96,103" m="51703" machi="96" ten="30,1500,0" yaku="8,1" doraHai="125" who="1" fromWho="1" sc="278,-6,375,18,158,-6,189,-6" /><INIT seed="5,2,0,3,2,86" ten="272,393,152,183" oya="1" hai0="66,93,51,21,71,76,123,70,105,45,103,28,126" hai1="131,127,24,50,12,18,95,14,27,48,65,44,124" hai2="135,85,32,30,56,4,92,39,80,110,10,120,25" hai3="116,17,118,90,7,34,54,60,46,36,20,73,87"/><U62/><E95/><V38/><F135/><W115/><G115/><T113/><D113/><U52/><E50/><V101/><F120/><W108/><G108/><T5/><D123/><U78/><E78/><V106/><F106/><W43/><G34/><T79/><D105/><U8/><E14/><V134/><F134/><W33/><G33/><T67/><D5/><U98/><E98/><V26/><F110/><W74/><G7/><T0/><D0/><U75/><E75/><V128/><F128/><W22/><G22/><T37/><D37/><U15/><E15/><V58/><F25/><W72/><G54/><T112/><D112/><U122/><E122/><V107/><F107/><W61/><G118/><T130/><D130/><U63/><E131/><V11/><F11/><W59/><G59/><T6/><D70/><U119/><E119/><V83/><F83/><W77/><G77/><T91/><D71/><N who="1" m="42423" /><E63/><V109/><F109/><W53/><G116/><T16/><D6/><U100/><E100/><V102/><F39/><W41/><G53/><T35/><D103/><N who="2" m="39434" /><F92/><W2/><G2/><T69/><D93/><U29/><E29/><V97/><F97/><W84/><G73/><T55/><D28/><U19/><E19/><V96/><F96/><W132/><G132/><T64/><D16/><U121/><E121/><V57/><F38/><W125/><G72/><T99/><D99/><U68/><E68/><V3/><F58/><W117/><G117/><T111/><D69/><U42/><E42/><V49/><F49/><W13/><G74/><T31/><D111/><U133/><E133/><RYUUKYOKU ba="2,0" sc="272,-15,393,15,152,15,183,-15" hai1="8,12,18,24,27,44,48,52,124,127" hai2="3,4,10,26,30,32,56,57,80,85" /><INIT seed="5,3,0,2,2,12" ten="257,408,167,168" oya="1" hai0="58,72,17,57,40,13,68,84,59,48,93,87,43" hai1="91,101,123,31,18,73,120,115,105,109,1,5,0" hai2="7,70,4,19,20,15,47,52,129,55,71,33,60" hai3="102,24,103,126,6,88,77,61,39,132,36,30,69"/><U9/><E73/><V107/><F107/><W128/><G77/><T74/><D68/><U121/><E91/><V135/><F33/><W124/><G128/><T83/><D74/><U64/><E64/><V76/><F129/><W82/><G6/><T53/><D72/><U14/><E115/><V106/><F106/><W86/><G132/><T67/><D93/><U22/><E31/><V90/><F76/><W41/><G61/><N who="0" m="38319" /><D59/><U25/><REACH who="1" step="1"/><E109/><REACH who="1" ten="257,398,167,168" step="2"/><V92/><F135/><W32/><G69/><T51/><D84/><U46/><E46/><V98/><F70/><W104/><G103/><T78/><D87/><U130/><E130/><V96/><F71/><W65/><G65/><T45/><D45/><U80/><E80/><V50/><F98/><AGARI ba="3,1" hai="0,1,5,9,14,18,22,25,98,101,105,120,121,123" machi="98" ten="40,3900,0" yaku="1,1,52,1,53,0" doraHai="12" doraHaiUra="62" who="1" fromWho="2" sc="257,0,398,58,167,-48,168,0" /><INIT seed="5,4,0,5,4,114" ten="257,456,119,168" oya="1" hai0="78,17,49,43,71,127,38,100,119,12,74,44,25" hai1="9,48,23,90,41,46,82,64,80,50,45,53,84" hai2="27,87,106,99,91,79,28,19,105,58,56,95,75" hai3="96,89,20,34,110,40,51,47,107,125,111,54,13"/><U42/><E64/><V69/><F69/><W117/><G34/><T29/><D71/><U18/><E9/><V33/><F19/><W86/><G125/><T120/><D120/><U26/><REACH who="1" step="1"/><E53/><REACH who="1" ten="257,446,119,168" step="2"/><V35/><F35/><W66/><G54/><T98/><D127/><U24/><E24/><V61/><F61/><W62/><G110/><T116/><D25/><U3/><E3/><V129/><F129/><W31/><G111/><T68/><D12/><U72/><E72/><V97/><F75/><W7/><G62/><T83/><D74/><U108/><E108/><V122/><F122/><W113/><G66/><T63/><D63/><U10/><E10/><V92/><F27/><W30/><G13/><T32/><D32/><U123/><E123/><V103/><F33/><W1/><G1/><T77/><D68/><U94/><AGARI ba="4,1" hai="18,23,26,41,42,45,46,48,50,80,82,84,90,94" machi="94" ten="20,18000,2" yaku="1,1,0,1,7,1,9,1,8,1,53,1" doraHai="114" doraHaiUra="14" who="1" fromWho="1" sc="257,-64,446,202,119,-64,168,-64" /><INIT seed="5,5,0,0,1,115" ten="193,648,55,104" oya="1" hai0="85,9,122,40,39,34,73,88,120,10,105,133,92" hai1="118,46,60,3,55,38,12,81,93,1,70,121,90" hai2="67,103,4,134,27,124,125,87,97,21,127,52,49" hai3="126,26,35,95,111,33,56,29,128,99,84,100,77"/><U47/><E121/><N who="0" m="46697" /><D133/><U23/><E118/><V101/><F134/><W25/><G111/><T96/><D34/><U94/><E81/><V41/><F41/><W53/><G128/><T63/><D73/><U17/><E94/><V5/><F87/><W80/><G126/><N who="2" m="32257" /><V62/><DORA hai="86" /><F62/><W82/><G82/><T30/><D30/><U108/><E108/><V50/><F67/><W89/><G26/><T113/><D113/><U98/><E47/><N who="2" m="27711" /><F50/><W109/><G109/><T75/><D75/><U57/><REACH who="1" step="1"/><E70/><REACH who="1" ten="193,638,55,104" step="2"/><V130/><F130/><W37/><G37/><T129/><D129/><U20/><E20/><V58/><F58/><W22/><G77/><T76/><D76/><U64/><E64/><V123/><F123/><W16/><G29/><T13/><D39/><U18/><E18/><N who="2" m="12727" /><F103/><W132/><G132/><T74/><D74/><U72/><E72/><V45/><F45/><W28/><G28/><T11/><D10/><U102/><E102/><V0/><F0/><W69/><G69/><T8/><D9/><U114/><E114/><V117/><F117/><W119/><G119/><T48/><D8/><U131/><E131/><V61/><F61/><AGARI ba="5,1" hai="16,22,25,33,35,53,56,61,80,84,89,95,99,100" machi="61" ten="30,3900,0" yaku="7,1,52,1,54,1" doraHai="115,86" who="3" fromWho="2" sc="193,0,638,0,55,-54,104,64" /><INIT seed="6,0,0,3,4,17" ten="193,638,1,168" oya="2" hai0="76,119,58,54,5,13,117,70,3,45,97,18,39" hai1="78,57,15,120,88,125,37,33,22,100,113,94,80" hai2="98,34,82,43,23,133,71,122,7,41,52,127,56" hai3="4,10,9,29,75,79,111,21,1,115,96,93,132"/><V19/><F122/><W24/><G111/><T67/><D76/><U101/><E33/><V121/><F121/><W124/><G132/><T12/><D3/><U16/><E37/><V95/><F34/><W74/><G124/><T55/><D97/><N who="1" m="57543" /><E120/><V0/><F71/><W51/><G115/><T44/><D5/><U77/><E113/><V114/><F114/><W81/><G10/><T116/><D12/><U35/><E35/><V72/><F133/><W42/><G51/><N who="0" m="31071" /><D55/><U32/><E32/><V69/><F69/><W112/><G112/><T110/><D39/><U64/><E125/><V2/><F127/><W126/><G126/><T68/><D110/><U86/><E78/><V135/><F135/><W28/><G42/><N who="2" m="15881" /><F72/><W105/><G105/><T36/><D36/><U108/><E108/><V61/><F7/><W134/><G134/><T128/><D128/><U6/><E6/><V25/><F82/><W8/><G74/><T53/><D68/><U49/><E49/><V91/><AGARI ba="0,0" hai="0,2,19,23,25,52,56,61,91,95,98" m="15881" machi="91" ten="30,6000,0" yaku="25,1,52,1,54,1" doraHai="17" who="2" fromWho="2" sc="193,-20,638,-20,1,60,168,-20" /><INIT seed="6,1,0,5,0,109" ten="173,618,61,148" oya="2" hai0="98,12,41,92,63,120,54,14,90,32,106,8,88" hai1="121,27,6,118,15,39,56,7,55,130,50,73,123" hai2="25,9,34,127,0,72,31,48,76,59,107,134,110" hai3="115,38,66,81,40,124,89,4,45,108,11,61,70"/><V117/><F117/><W10/><G108/><T28/><D120/><U103/><E118/><V58/><F110/><W95/><G124/><T53/><D106/><U13/><E39/><V96/><F127/><W26/><G81/><T86/><D41/><U57/><E73/><V47/><F134/><W77/><G77/><T29/><D32/><U62/><E103/><V119/><F119/><W87/><G115/><T125/><D125/><U94/><E94/><V19/><F72/><W126/><G126/><T132/><D132/><U112/><E112/><V30/><F30/><N who="0" m="11882" /><D63/><U129/><E27/><V46/><F76/><W113/><G113/><T74/><D74/><U93/><E93/><V71/><F71/><W17/><G4/><N who="1" m="1578" /><E15/><N who="0" m="5673" /><D8/><U60/><E13/><N who="2" m="7599" /><F0/><W65/><G65/><T78/><D78/><U16/><E16/><V18/><F18/><W67/><REACH who="3" step="1"/><G66/><REACH who="3" ten="173,618,61,138" step="2"/><T104/><D104/><U133/><E133/><V42/><F107/><W2/><G2/><T82/><AGARI ba="1,1" hai="53,54,82,86,88,90,92,98" m="5673,11882" machi="82" ten="30,2000,0" yaku="8,1,54,1" doraHai="109" who="0" fromWho="0" sc="173,33,618,-6,61,-11,138,-6" /><INIT seed="7,0,0,3,3,56" ten="206,612,50,132" oya="3" hai0="131,65,69,108,27,0,123,127,12,44,58,54,88" hai1="125,96,3,121,50,17,70,104,133,37,100,77,120" hai2="135,89,28,6,68,122,22,110,16,62,52,31,134" hai3="59,99,19,25,92,73,102,80,105,66,47,124,129"/><W103/><G129/><T11/><D108/><U33/><E37/><V39/><F110/><W90/><G124/><T72/><D123/><U46/><E3/><V112/><F122/><W101/><G47/><T2/><D72/><U55/><E70/><V83/><F39/><W43/><G43/><T107/><D107/><U20/><E33/><V95/><F68/><W116/><G116/><T82/><D131/><U111/><E111/><V109/><F6/><W15/><G25/><T10/><D10/><U81/><E133/><N who="2" m="50699" /><F83/><W97/><G80/><T32/><D32/><U64/><E64/><V30/><F109/><W1/><G1/><T76/><D27/><U34/><E34/><V53/><F112/><W41/><G41/><T132/><D127/><U63/><E63/><V18/><F22/><W79/><G79/><T38/><D76/><U61/><E61/><V91/><F95/><W86/><G73/><T113/><D69/><U94/><E104/><V98/><F98/><W23/><G105/><T45/><D38/><U74/><E125/><V8/><F8/><W49/><G99/><T106/><D2/><U71/><E71/><V115/><F115/><W4/><G97/><T26/><D0/><U29/><E29/><N who="2" m="7427" /><V130/><DORA hai="42" /><F130/><W57/><G4/><T126/><D113/><U87/><E74/><V51/><F51/><W9/><G9/><T13/><D11/><U85/><E85/><V114/><F114/><W93/><G93/><T36/><D126/><U67/><E67/><V78/><F78/><W48/><G48/><T119/><D132/><U117/><E117/><RYUUKYOKU ba="0,0" sc="206,-10,612,30,50,-10,132,-10" hai1="17,20,46,50,55,77,81,87,94,96,100,120,121" owari="196,0.0,642,74.0,40,-46.0,122,-28.0" /></mjloggm>