<mjloggm ver="2.3"><GO type="225" lobby="0"/><UN n0="%E3%81%84%E3%81%A1%E3%81%9E%E3%81%86" n1="%E4%B8%87%E8%83%BD%E3%81%AD%E3%81%8E" n2="%48%61%61%61%6C%61%6E%64" n3="%E3%83%80%E3%83%B3%E3%83%86" dan="17,16,17,17" rate="2113.57,2064.56,2174.76,2234.91" sx="M,M,M,M"/><TAIKYOKU oya="0"/><INIT seed="0,0,0,3,1,68" ten="250,250,250,250" oya="0" hai0="76,120,123,83,24,118,96,3,107,25,48,129,22" hai1="102,95,1,19,28,23,9,100,18,57,126,26,32" hai2="67,98,105,41,134,65,94,54,109,84,50,81,7" hai3="52,2,56,115,117,58,8,70,75,93,21,66,10"/><T35/><D118/><U20/><E126/><V133/><F109/><W6/><G117/><T69/><D69/><U4/><E57/><V11/><F105/><W80/><G115/><T127/><D3/><U101/><E95/><V46/><F54/><W16/><G10/><T97/><D129/><U86/><E86/><V74/><F74/><W44/><G93/><T103/><D127/><U124/><E124/><V49/><F49/><W78/><G66/><T38/><D38/><U104/><E104/><V108/><F108/><W91/><G91/><T125/><D125/><U64/><E64/><V5/><F65/><W112/><G112/><T17/><D96/><U36/><E36/><V43/><F43/><W99/><G99/><T79/><D79/><U51/><E51/><V77/><F67/><W45/><G58/><T55/><D25/><U31/><REACH who="1" step="1"/><E32/><REACH who="1" ten="250,240,250,250" step="2"/><V122/><F94/><W53/><G70/><T88/><D35/><U110/><E110/><V85/><F85/><W60/><REACH who="3" step="1"/><G53/><REACH who="3" ten="250,240,250,240" step="2"/><T33/><D55/><U0/><E0/><V34/><F98/><W47/><G47/><T40/><D97/><U62/><E62/><V73/><F46/><W92/><G92/><T39/><D107/><U42/><E42/><V114/><F41/><W63/><G63/><T13/><D40/><U131/><E131/><V111/><F111/><W89/><G89/><T116/><D116/><U27/><AGARI ba="0,2" hai="1,4,9,18,19,20,23,26,27,28,31,100,101,102" machi="27" ten="30,4000,0" yaku="1,1,0,1,9,1,53,0" doraHai="68" doraHaiUra="59" who="1" fromWho="1" sc="250,-20,240,60,250,-10,240,-10" /><INIT seed="1,0,0,5,0,80" ten="230,300,240,230" oya="1" hai0="90,68,33,24,9,63,78,51,60,102,55,94,26" hai1="87,17,59,66,25,105,0,74,42,7,101,118,29" hai2="103,77,71,50,130,31,129,21,98,44,99,83,36" hai3="120,19,47,6,85,32,13,35,81,10,48,23,91"/><U84/><E74/><V20/><F71/><W96/><G120/><T41/><D41/><U92/><E118/><V116/><F36/><W52/><REACH who="3" step="1"/><G96/><REACH who="3" ten="230,300,240,220" step="2"/><T82/><D68/><U5/><E105/><V57/><F98/><W115/><G115/><T62/><D33/><U125/><E125/><V14/><F99/><W132/><G132/><T28/><D102/><U122/><E122/><V114/><F103/><W45/><G45/><T61/><D61/><N who="1" m="38207" /><E0/><AGARI ba="0,1" hai="0,6,10,13,19,23,32,35,47,48,52,81,85,91" machi="0" ten="30,7700,0" yaku="1,1,7,1,52,1,54,1,53,0" doraHai="80" doraHaiUra="108" who="3" fromWho="1" sc="230,0,300,-77,240,0,220,87" /><INIT seed="2,0,0,3,1,35" ten="230,223,240,307" oya="2" hai0="124,43,73,131,2,37,32,95,80,69,25,68,9" hai1="83,100,44,11,122,99,101,70,17,12,77,15,23" hai2="112,50,54,127,84,118,117,16,125,134,102,76,121" hai3="64,132,14,113,92,45,59,108,36,27,130,42,86"/><V129/><F112/><W97/><G108/><T89/><D131/><U94/><E70/><V106/><F121/><W30/><G130/><T104/><D124/><N who="2" m="47690" /><F129/><W78/><G132/><T47/><D104/><U123/><E44/><V62/><F62/><W105/><G105/><T91/><D91/><U58/><E58/><N who="2" m="33111" /><F134/><W19/><G113/><T88/><D89/><U133/><E101/><V5/><F5/><W135/><G135/><T111/><D111/><U20/><E133/><V75/><F75/><W0/><G59/><T26/><D68/><U67/><E67/><V51/><F51/><W49/><G64/><T71/><D71/><U7/><REACH who="1" step="1"/><E23/><REACH who="1" ten="230,213,240,307" step="2"/><V18/><F102/><W6/><G45/><T61/><D69/><U3/><E3/><V46/><F46/><W114/><G0/><T55/><D2/><U115/><E115/><V103/><F103/><W48/><G114/><T72/><D47/><U21/><E21/><V8/><F106/><W10/><G42/><T13/><D43/><U120/><E120/><V57/><F57/><W29/><G36/><T22/><D37/><U87/><AGARI ba="0,1" hai="7,11,12,15,17,20,77,83,87,94,99,100,122,123" machi="87" ten="30,2000,0" yaku="1,1,0,1,53,0" doraHai="35" doraHaiUra="31" who="1" fromWho="1" sc="230,-5,213,30,240,-10,307,-5" /><INIT seed="3,0,0,0,0,90" ten="225,243,230,302" oya="3" hai0="116,39,9,78,106,83,34,51,57,103,71,21,15" hai1="129,130,127,68,5,124,23,19,102,72,84,20,63" hai2="69,85,74,110,112,122,16,47,126,41,56,1,38" hai3="125,45,28,37,43,60,55,12,64,49,89,97,94"/><W17/><G125/><N who="1" m="48202" /><E72/><V80/><F126/><W81/><G28/><T120/><D116/><U111/><E111/><V44/><F69/><W91/><G81/><T86/><D120/><U18/><E5/><V99/><F112/><W59/><G91/><T77/><D34/><U27/><E102/><V105/><F110/><W53/><G37/><T54/><D71/><U3/><E3/><V48/><F1/><W7/><G7/><T40/><D106/><U88/><E63/><V8/><F74/><W96/><G96/><T73/><D103/><U2/><E2/><V65/><F122/><W93/><G93/><T25/><D39/><U104/><E68/><V128/><F128/><N who="1" m="49257" /><E104/><V87/><F105/><W79/><G79/><N who="0" m="46463" /><D73/><U117/><E117/><V92/><F38/><W50/><G49/><T70/><D70/><U61/><E61/><N who="2" m="38055" /><F80/><W62/><G62/><T52/><D78/><U6/><E6/><V135/><F48/><W115/><G115/><T95/><D77/><U123/><E123/><V42/><F92/><W11/><AGARI ba="0,0" hai="11,12,17,43,45,50,53,55,59,60,64,89,94,97" machi="11" ten="20,7800,0" yaku="0,1,7,1,8,1,52,1" doraHai="90" who="3" fromWho="3" sc="225,-26,243,-26,230,-26,302,78" owari="199,-30.0,217,2.0,204,-20.0,380,48.0" /></mjloggm>