<mjloggm ver="2.3"><GO type="169" lobby="0"/><UN n0="%65%69%6B%31" n1="%EF%BC%98%EF%BC%90%EF%BC%90%EF%BC%98" n2="%E6%AD%A6%E7%94%B0%E8%88%9E%E5%BD%A9" n3="%E3%83%8E%E3%82%AA%E3%83%81%E3%83%A3%E3%83%99%E3%82%B9" dan="18,17,18,16" rate="2230.56,2182.64,2274.49,2182.53" sx="M,M,M,M"/><TAIKYOKU oya="0"/><INIT seed="0,0,0,1,5,22" ten="250,250,250,250" oya="0" hai0="5,99,20,66,81,92,7,78,125,25,127,86,68" hai1="67,49,37,10,6,71,88,103,48,41,117,107,4" hai2="91,93,69,12,116,29,16,101,79,84,122,63,109" hai3="90,19,31,115,131,40,104,9,70,126,45,114,57"/><T77/><D77/><U132/><E117/><V100/><F122/><W42/><G70/><T23/><D23/><U52/><E132/><V39/><F39/><W73/><G31/><T47/><D47/><U28/><E28/><V11/><F109/><W14/><G104/><T87/><D87/><U38/><E49/><V59/><F69/><W76/><G42/><T97/><D66/><U2/><E6/><V108/><F108/><W106/><G106/><T94/><D68/><U36/><E41/><V18/><F116/><W8/><G76/><T121/><D121/><U96/><E71/><V51/><F51/><W62/><G73/><T85/><D20/><U33/><E33/><V72/><F29/><W55/><G9/><T74/><D78/><U75/><E75/><V82/><REACH who="2" step="1"/><F18/><REACH who="2" ten="250,250,240,250" step="2"/><W119/><G119/><T44/><D44/><U83/><E38/><V34/><F34/><W135/><G45/><T123/><D123/><U110/><E110/><V50/><F50/><W80/><G62/><T15/><D127/><U124/><E124/><V105/><F105/><W17/><G126/><T13/><D125/><U60/><E60/><V130/><F130/><W64/><G131/><T43/><D43/><U27/><E37/><V89/><F89/><W21/><G40/><T54/><D5/><U120/><E36/><V111/><F111/><W1/><G90/><T30/><D7/><U129/><E129/><V98/><F98/><W56/><G19/><T128/><D128/><U134/><E120/><V102/><F102/><W0/><G17/><T3/><D30/><U95/><E4/><RYUUKYOKU ba="0,1" sc="250,-10,250,-10,240,30,250,-10" hai2="11,12,16,59,63,72,79,82,84,91,93,100,101" /><INIT seed="1,1,1,4,4,37" ten="240,240,270,240" oya="1" hai0="40,12,74,21,56,31,1,63,128,125,33,64,98" hai1="8,72,114,4,44,93,23,55,20,97,89,66,133" hai2="124,47,70,77,14,62,24,32,29,87,110,53,28" hai3="79,42,30,57,78,39,46,13,109,80,122,116,112"/><U115/><E133/><V102/><F110/><W129/><G109/><T7/><D74/><U9/><E72/><V65/><F124/><W130/><G122/><T71/><D125/><U86/><E66/><V90/><F77/><W25/><G112/><T35/><D128/><U41/><E55/><V38/><F29/><W59/><G13/><T84/><D71/><U117/><E117/><V52/><F102/><W127/><G116/><T108/><D108/><U105/><E9/><V69/><F69/><W22/><G127/><T73/><D73/><U92/><E105/><V119/><F119/><W135/><G135/><T95/><D84/><U10/><E10/><V19/><F38/><W111/><G111/><T11/><D40/><U26/><E26/><V107/><F47/><W104/><G104/><T134/><D134/><U76/><E114/><V5/><F5/><W61/><G59/><T123/><D123/><U88/><E76/><V48/><F48/><W91/><G91/><T83/><D83/><U68/><E68/><V113/><F107/><W120/><G120/><T34/><D1/><U58/><E58/><V18/><F18/><W96/><G96/><T17/><D31/><U45/><E45/><V132/><F113/><W94/><G94/><T67/><D95/><U99/><E86/><V81/><REACH who="2" step="1"/><F132/><REACH who="2" ten="240,240,260,240" step="2"/><W43/><G78/><T75/><D7/><U118/><E118/><V131/><F131/><N who="3" m="50187" /><G46/><T51/><D17/><U103/><E103/><V16/><F16/><W36/><G36/><T82/><D51/><N who="1" m="27023" /><E115/><V126/><F126/><W27/><G39/><T100/><D100/><RYUUKYOKU ba="1,2" sc="240,-15,240,15,260,15,240,-15" hai1="4,8,20,23,88,89,92,93,97,99" hai2="14,19,24,28,32,52,53,62,65,70,81,87,90" /><INIT seed="1,2,2,3,3,85" ten="225,255,275,225" oya="1" hai0="110,135,98,43,118,8,109,57,20,5,126,65,50" hai1="59,32,73,95,91,63,123,103,125,1,46,72,89" hai2="22,61,87,10,79,60,104,120,7,111,39,55,74" hai3="15,94,25,127,9,68,97,64,80,56,96,66,67"/><U90/><E123/><V101/><F120/><W88/><G68/><T12/><D118/><U13/><E1/><V134/><F39/><W30/><G127/><T124/><D135/><U18/><E32/><V49/><F74/><W77/><G97/><T36/><D36/><U23/><E125/><N who="0" m="48233" /><D20/><U44/><E73/><V129/><F111/><N who="0" m="42506" /><D98/><N who="1" m="59871" /><E72/><V51/><F22/><N who="3" m="15671" /><G77/><T119/><D119/><U100/><E100/><V4/><F79/><W107/><G107/><T106/><D106/><U128/><E128/><V81/><F129/><W27/><G27/><T3/><D3/><U78/><E78/><V83/><F101/><W14/><G80/><T17/><D5/><U93/><E93/><V133/><F104/><W131/><G131/><T6/><D6/><U33/><E33/><V105/><F105/><W102/><G102/><T38/><D38/><U28/><E28/><V130/><F130/><W11/><G56/><T34/><D34/><U132/><E132/><V41/><F133/><W121/><G121/><T35/><D35/><U75/><E75/><V76/><F134/><W31/><G31/><T62/><D43/><U26/><E26/><V54/><F41/><W112/><G112/><T40/><D40/><U82/><E82/><V70/><F81/><W115/><G115/><T42/><D42/><U86/><E86/><V99/><F99/><W84/><G96/><T69/><D69/><U16/><E18/><V108/><F108/><W71/><G71/><T52/><D65/><AGARI ba="2,2" hai="13,16,23,44,46,59,63,65,89,90,91" m="59871" machi="65" ten="30,12000,1" yaku="8,1,52,3,54,1" doraHai="85" who="1" fromWho="0" sc="225,-126,255,146,275,0,225,0" /><INIT seed="1,3,0,4,2,68" ten="99,401,275,225" oya="1" hai0="11,28,6,17,64,96,95,24,62,125,22,115,41" hai1="70,29,46,45,116,12,77,71,37,131,27,50,52" hai2="111,108,120,127,39,66,78,35,134,79,26,9,21" hai3="133,20,76,30,58,51,0,42,55,103,128,43,73"/><U88/><E116/><V94/><F120/><W90/><G0/><T72/><D125/><U92/><E131/><V1/><F35/><W121/><G121/><T117/><D117/><U135/><E77/><V4/><F127/><W38/><G103/><T32/><D72/><U93/><E135/><V132/><F66/><W31/><G133/><N who="2" m="51305" /><F94/><W25/><G128/><T16/><D41/><U129/><E92/><V61/><F61/><W67/><G67/><T130/><D115/><U19/><E129/><V44/><F44/><W110/><G43/><T107/><D130/><U3/><E3/><V123/><F39/><W49/><G38/><T48/><D48/><U63/><E63/><V99/><F99/><W2/><G2/><T126/><D126/><U98/><E46/><V15/><F1/><W7/><G76/><N who="2" m="29225" /><F123/><W74/><G74/><T33/><D33/><U118/><E118/><V5/><F4/><W75/><G7/><T36/><D32/><U10/><REACH who="1" step="1"/><E37/><REACH who="1" ten="99,391,275,225" step="2"/><V14/><F111/><W47/><G110/><T109/><D109/><U84/><E84/><V100/><F108/><W8/><G75/><T65/><D36/><U104/><E104/><V81/><F81/><W119/><G73/><T122/><D107/><U97/><E97/><V56/><F100/><W13/><G119/><T80/><D80/><U82/><E82/><V91/><F91/><W60/><G90/><N who="0" m="55415" /><D122/><U101/><E101/><V102/><F102/><W54/><G47/><T86/><D86/><U106/><E106/><V85/><F85/><W69/><G60/><T112/><D62/><U87/><E87/><RYUUKYOKU ba="3,1" sc="99,-10,391,30,275,-10,225,-10" hai1="10,12,19,27,29,45,50,52,70,71,88,93,98" /><INIT seed="1,4,1,0,1,86" ten="89,421,265,215" oya="1" hai0="103,69,88,7,93,95,30,131,75,127,20,32,87" hai1="119,89,96,101,125,24,120,51,118,5,110,11,99" hai2="53,21,94,6,111,12,65,27,56,39,23,71,44" hai3="60,92,72,57,36,102,74,79,0,115,1,126,128"/><U16/><E120/><V108/><F71/><W98/><G36/><T73/><D69/><U97/><E125/><V59/><F65/><W37/><G37/><T129/><D32/><U130/><E130/><N who="0" m="49673" /><D7/><U62/><E110/><N who="2" m="42027" /><F23/><W34/><G34/><T68/><D68/><U84/><E101/><V10/><F94/><W8/><G126/><T105/><D127/><U29/><E62/><V63/><F56/><W107/><G128/><T80/><D30/><U46/><E29/><N who="2" m="17647" /><F44/><W114/><G107/><T35/><D20/><U116/><E24/><V47/><F47/><W76/><G8/><T14/><D14/><N who="1" m="7263" /><E5/><V4/><F39/><W78/><G1/><T70/><D70/><U66/><E66/><V26/><F26/><W13/><G13/><T9/><D9/><U48/><E48/><V113/><F113/><W122/><G0/><T82/><D35/><U25/><E25/><V83/><F4/><W55/><G122/><T124/><D124/><U28/><E28/><V67/><F67/><W133/><G115/><T58/><D105/><U38/><E38/><V43/><F6/><W106/><G114/><T40/><D103/><U109/><E109/><V31/><F31/><W135/><G106/><T2/><D2/><U17/><E17/><V132/><F10/><W42/><G42/><T15/><D40/><N who="1" m="25031" /><E119/><V64/><F43/><W123/><G123/><T50/><D15/><U81/><E118/><V91/><F12/><W112/><G112/><T104/><D104/><U85/><E116/><V90/><F64/><W61/><G61/><T54/><D75/><U77/><E77/><AGARI ba="4,1" hai="50,54,58,73,77,80,82,87,88,93,95" m="49673" machi="77" ten="30,7700,0" yaku="6,1,19,1,52,1,54,1" doraHai="86" who="0" fromWho="1" sc="89,99,421,-89,265,0,215,0" /><INIT seed="2,0,0,0,5,67" ten="188,332,265,215" oya="2" hai0="15,39,29,4,5,37,66,30,16,127,23,91,87" hai1="20,46,27,134,11,17,103,109,43,71,116,49,98" hai2="12,0,70,117,72,78,122,123,32,21,10,85,73" hai3="120,13,51,102,125,126,132,88,130,131,101,57,44"/><V19/><F117/><W95/><G57/><T59/><D127/><N who="3" m="48649" /><G13/><T36/><D4/><U14/><E116/><V74/><F32/><W93/><G120/><T48/><D5/><U105/><E109/><V53/><F0/><W9/><G9/><T1/><D1/><U121/><E134/><V96/><F70/><W77/><G77/><T26/><D26/><U99/><E99/><V62/><F96/><N who="3" m="57383" /><G132/><T115/><D115/><U129/><E121/><V60/><F10/><W92/><G51/><T107/><D107/><U56/><E56/><V114/><F114/><W24/><G44/><T113/><D113/><U97/><E97/><V75/><F75/><W25/><G25/><T112/><D112/><U6/><E71/><V45/><F45/><W61/><G61/><T2/><D2/><U52/><REACH who="1" step="1"/><E129/><REACH who="1" ten="188,322,265,215" step="2"/><N who="3" m="49162" /><G24/><T68/><D68/><U135/><E135/><V42/><F123/><W8/><G8/><T118/><D118/><U76/><E76/><V69/><F78/><W90/><G90/><T104/><D91/><U55/><AGARI ba="0,1" hai="6,11,14,17,20,27,43,46,49,52,55,98,103,105" machi="55" ten="30,4000,0" yaku="1,1,0,1,54,1,53,0" doraHai="67" doraHaiUra="89" who="1" fromWho="1" sc="188,-10,322,50,265,-20,215,-10" /><INIT seed="3,0,0,4,1,112" ten="178,372,245,205" oya="3" hai0="3,80,40,100,85,88,11,13,121,110,77,33,93" hai1="103,99,43,76,70,8,22,14,67,81,124,123,48" hai2="17,89,90,108,96,37,122,7,49,18,79,16,53" hai3="52,57,30,71,64,38,74,104,94,126,20,101,27"/><W134/><G74/><T60/><D121/><U51/><E124/><V66/><F37/><W95/><G38/><T84/><D110/><U6/><E123/><V105/><F122/><W45/><G126/><T0/><D33/><U61/><E22/><V97/><F108/><W56/><G71/><T69/><D40/><U32/><E32/><V133/><F133/><W120/><G134/><T34/><D34/><U68/><E43/><V35/><F35/><W102/><G104/><T78/><D100/><N who="3" m="38505" /><G120/><T92/><D92/><N who="3" m="35369" /><G64/><T9/><D78/><U28/><E28/><V130/><F66/><W128/><G128/><T25/><D0/><U117/><E70/><V10/><F79/><W44/><G57/><T41/><D3/><U55/><E55/><V23/><F105/><W116/><G116/><T65/><D41/><U113/><E117/><V54/><F23/><W129/><G129/><T1/><D1/><U19/><E113/><V83/><F130/><W24/><G27/><T75/><D25/><U15/><E103/><V42/><F97/><W132/><G132/><T58/><D69/><U82/><E99/><V91/><F96/><W73/><G73/><T47/><D75/><U26/><E26/><V4/><F83/><W21/><G21/><T98/><D98/><U109/><E109/><V86/><F86/><W125/><G125/><T5/><REACH who="0" step="1"/><D9/><REACH who="0" ten="168,372,245,205" step="2"/><N who="1" m="6607" /><E76/><V106/><F10/><W62/><AGARI ba="0,1" hai="20,24,30,44,45,52,56,62" m="35369,38505" machi="62" ten="30,3000,0" yaku="8,1,54,1" doraHai="112" who="3" fromWho="3" sc="168,-10,372,-10,245,-10,205,40" /><INIT seed="3,1,0,4,1,21" ten="158,362,235,245" oya="3" hai0="36,76,107,67,59,100,94,9,61,50,104,109,37" hai1="29,33,80,58,72,6,0,31,106,44,127,108,102" hai2="38,112,13,52,5,75,110,46,1,98,84,34,55" hai3="101,70,117,86,66,3,118,16,123,122,93,131,63"/><W51/><G3/><T128/><D109/><U135/><E108/><V14/><F75/><W54/><G131/><T74/><D128/><U8/><E127/><V10/><F112/><W25/><G123/><T71/><D94/><U65/><E135/><V125/><F34/><W95/><G122/><T79/><D9/><U129/><E33/><V23/><F125/><W17/><G17/><T97/><D107/><U78/><E129/><V92/><F84/><W68/><G70/><T56/><D56/><U126/><E126/><V15/><F110/><W40/><G40/><T41/><D74/><U113/><E113/><V90/><REACH who="2" step="1"/><F23/><REACH who="2" ten="158,362,225,245" step="2"/><W43/><G86/><T121/><D121/><U49/><E72/><V12/><N who="2" m="3072" /><DORA hai="57" /><V20/><F20/><W89/><G117/><T62/><D79/><U27/><E78/><V4/><F4/><W11/><G118/><T73/><D76/><U82/><E6/><V60/><F60/><W39/><G63/><T103/><D73/><U96/><E0/><V111/><F111/><W64/><G11/><T48/><D62/><U132/><E8/><V134/><F134/><W85/><G85/><T77/><D77/><U105/><E132/><V7/><F7/><W99/><G99/><N who="0" m="61471" /><D71/><U42/><E96/><V35/><F35/><W53/><G68/><T114/><D114/><U120/><E120/><V133/><F133/><W18/><G18/><T88/><D97/><U28/><E28/><V87/><F87/><W83/><G16/><T26/><D61/><U81/><E31/><V24/><F24/><W2/><G25/><T115/><D26/><RYUUKYOKU ba="1,1" sc="158,-10,362,-10,225,30,245,-10" hai2="1,5,10,38,46,52,55,90,92,98" /><INIT seed="4,2,1,2,3,118" ten="148,352,255,235" oya="0" hai0="128,114,5,13,53,108,14,85,2,10,76,122,102" hai1="72,68,119,70,90,28,87,110,101,105,111,54,16" hai2="39,86,12,35,96,29,97,49,69,0,32,67,117" hai3="134,81,33,71,127,20,44,61,73,75,59,34,11"/><T60/><D114/><U47/><E119/><V52/><F0/><W66/><G134/><T131/><D102/><U133/><E72/><V91/><F39/><W30/><G127/><T89/><D76/><U78/><E78/><V98/><F117/><W92/><G71/><T24/><D108/><U25/><E133/><V112/><F112/><W125/><G125/><T84/><D24/><U17/><E70/><V42/><F42/><W130/><G130/><N who="0" m="49707" /><D122/><U80/><E68/><V15/><F67/><W109/><G109/><T94/><D85/><U126/><E126/><V104/><F104/><W21/><G75/><T116/><D116/><U41/><E54/><V36/><F36/><W62/><G73/><T74/><D74/><U26/><E26/><V19/><F69/><W45/><G34/><T8/><D10/><U37/><E110/><V120/><F120/><W46/><G33/><T40/><D40/><U103/><E111/><V38/><F32/><W6/><G30/><T129/><N who="0" m="49715" /><T43/><DORA hai="57" /><D43/><U83/><E103/><V31/><F35/><W95/><G81/><T121/><D121/><U64/><E83/><V63/><F31/><W107/><G107/><T50/><D60/><U77/><E77/><V88/><F63/><W27/><G61/><T55/><D55/><U115/><E115/><V1/><F29/><N who="3" m="17639" /><G21/><T99/><D84/><U106/><E64/><V7/><F86/><W9/><G9/><T123/><D123/><U65/><E65/><V124/><F124/><W135/><G135/><T4/><D5/><U18/><E101/><V79/><F7/><RYUUKYOKU ba="2,1" sc="148,10,352,10,255,-30,235,10" hai0="2,4,8,13,14,50,53,89,94,99" hai1="16,17,18,25,28,37,41,47,80,87,90,105,106" hai3="6,11,44,45,46,59,62,66,92,95" /><INIT seed="4,3,1,0,5,15" ten="158,362,225,245" oya="0" hai0="24,120,9,1,6,125,40,107,61,22,18,46,121" hai1="71,122,113,31,67,59,60,5,0,41,45,104,8" hai2="2,116,134,85,83,53,19,111,38,55,52,92,106" hai3="102,25,79,26,64,93,48,34,114,21,4,109,69"/><T36/><D125/><U32/><E122/><V94/><F111/><W108/><G114/><T84/><D107/><U117/><E117/><V135/><F106/><W63/><G34/><T74/><D74/><U13/><E104/><V80/><F38/><W110/><G79/><T44/><D44/><U87/><E113/><V35/><F35/><W12/><G48/><T76/><REACH who="0" step="1"/><D61/><REACH who="0" ten="148,362,225,245" step="2"/><U82/><E45/><V7/><F116/><W100/><G110/><T43/><D43/><U56/><E41/><V42/><F42/><W30/><G109/><T57/><D57/><U98/><E59/><V77/><F135/><W75/><G75/><T133/><D133/><U51/><E56/><V54/><F134/><W28/><G108/><T97/><D97/><U119/><E98/><V78/><F55/><W112/><G112/><T49/><D49/><U103/><E51/><V10/><F54/><W124/><G124/><T95/><D95/><U115/><E115/><V70/><F94/><W62/><G93/><T96/><D96/><U127/><E127/><V132/><F92/><W128/><G63/><T65/><D65/><U47/><E47/><V123/><F132/><W73/><G73/><T68/><D68/><U50/><E50/><V126/><F70/><W14/><G69/><T105/><D105/><U86/><E119/><V90/><F126/><W27/><G62/><T16/><D16/><U39/><E60/><V118/><F118/><W3/><G64/><T17/><D17/><U37/><E67/><V29/><F53/><W99/><G99/><T88/><D88/><U81/><E71/><RYUUKYOKU ba="3,2" sc="148,30,362,-10,225,-10,245,-10" hai0="1,6,9,18,22,24,36,40,46,76,84,120,121" /><INIT seed="4,4,2,0,3,19" ten="178,352,215,235" oya="0" hai0="34,89,93,2,61,24,125,70,63,109,1,90,91" hai1="64,135,15,79,86,76,10,121,57,111,104,62,120" hai2="115,22,52,46,118,59,97,56,29,74,48,13,88" hai3="31,5,114,45,80,110,9,68,40,101,49,14,67"/><T119/><D119/><U131/><E111/><V39/><F74/><W21/><G110/><T98/><D109/><U8/><E104/><V81/><F118/><W44/><G114/><T126/><D34/><U16/><E135/><V18/><F115/><W103/><G68/><T58/><D70/><U73/><E73/><V55/><F39/><W50/><G67/><T28/><D1/><U107/><E107/><V25/><F55/><W12/><G80/><T32/><D2/><U123/><E131/><V78/><F78/><W94/><G94/><T75/><D75/><U128/><E128/><V11/><REACH who="2" step="1"/><F97/><REACH who="2" ten="178,352,205,235" step="2"/><W117/><G117/><T106/><D106/><U105/><E105/><V65/><F65/><W100/><G31/><T134/><D134/><U82/><E79/><V30/><F30/><W102/><N who="3" m="25600" /><DORA hai="47" /><W87/><G87/><AGARI ba="4,3" hai="11,13,18,22,25,29,46,48,52,56,59,81,87,88" machi="87" ten="40,16000,3" yaku="1,1,25,2,8,1,52,2,54,2,53,1" doraHai="19,47" doraHaiUra="85,38" who="2" fromWho="3" sc="178,0,352,0,205,202,235,-172" /><INIT seed="5,0,0,5,0,104" ten="178,352,407,63" oya="1" hai0="90,78,75,97,11,73,32,13,132,108,54,88,66" hai1="5,12,126,110,135,63,2,45,95,111,85,106,118" hai2="129,52,55,65,112,130,4,91,28,114,48,14,102" hai3="3,22,109,56,77,101,96,76,20,9,35,58,81"/><U125/><E106/><V26/><F102/><W18/><G35/><T89/><D108/><N who="1" m="41515" /><E118/><V8/><F91/><W21/><G109/><T70/><D32/><U133/><E2/><V67/><F65/><W59/><G3/><T36/><D36/><U120/><E120/><V117/><F67/><W83/><G9/><T61/><D132/><N who="1" m="50763" /><E63/><V44/><F55/><W60/><G60/><T124/><D124/><N who="1" m="47723" /><E45/><V113/><F117/><W72/><G18/><T34/><D61/><U105/><E105/><V69/><F69/><W128/><G128/><T94/><D70/><U37/><E37/><V43/><F43/><W50/><G50/><T23/><D54/><U115/><E115/><V80/><F80/><W53/><G53/><T42/><D42/><U7/><E12/><V33/><AGARI ba="0,0" hai="4,8,14,26,28,33,44,48,52,112,113,114,129,130" machi="33" ten="40,8000,1" yaku="0,1,15,1,11,1,54,1" doraHai="104" who="2" fromWho="2" sc="178,-20,352,-40,407,80,63,-20" /><INIT seed="6,0,0,1,1,29" ten="158,312,487,43" oya="2" hai0="8,32,102,129,46,59,116,91,85,6,66,43,50" hai1="71,94,9,109,113,75,37,25,120,0,7,114,115" hai2="23,18,110,27,15,11,86,93,28,21,44,67,98" hai3="80,63,54,100,12,17,55,103,101,83,118,108,13"/><V26/><F110/><W74/><G118/><T96/><D116/><U33/><E75/><V52/><F67/><W77/><G108/><T132/><D132/><U35/><E71/><V90/><F44/><W42/><G42/><T69/><D129/><U95/><E37/><V87/><REACH who="2" step="1"/><F52/><REACH who="2" ten="158,312,477,43" step="2"/><W106/><G106/><T61/><D46/><U22/><E109/><V3/><F3/><W105/><G105/><T51/><D66/><U38/><E120/><V58/><F58/><W97/><G97/><T16/><D59/><U30/><E38/><V126/><F126/><W135/><G135/><T76/><D96/><U124/><E124/><V107/><F107/><W111/><G111/><T99/><D99/><U2/><E2/><V64/><F64/><W127/><G127/><T131/><D69/><U19/><REACH who="1" step="1"/><E35/><REACH who="1" ten="158,302,477,43" step="2"/><V112/><F112/><W78/><G63/><T121/><D61/><U68/><E68/><V56/><F56/><W53/><REACH who="3" step="1"/><G17/><AGARI ba="0,2" hai="11,15,17,18,21,23,26,27,28,86,87,90,93,98" machi="17" ten="30,12000,1" yaku="1,1,7,1,8,1,53,2" doraHai="29" doraHaiUra="82" who="2" fromWho="3" sc="158,0,302,0,477,140,43,-120" owari="158,-24.0,302,10.0,617,72.0,-77,-58.0" /></mjloggm>