<mjloggm ver="2.3"><GO type="185" lobby="0"/><UN n0="%E2%99%AA%E5%A4%A2%E5%85%88%E6%A1%88%E5%86%85%E4%BA%BA" n1="%E9%A0%88%E7%94%B0%E3%83%9F%E3%83%BC%E3%82%B3" n2="%E6%84%9B%E3%81%A8%E6%AD%A3%E7%BE%A9" n3="" dan="16,16,17,0" rate="2223.83,2156.91,2242.30,1500.00" sx="F,M,F,C"/><TAIKYOKU oya="0"/><INIT seed="0,0,0,1,0,3" ten="350,350,350,0" oya="0" hai0="122,40,68,57,130,35,42,33,60,82,52,123,83" hai1="126,121,45,61,114,98,77,103,119,101,38,79,80" hai2="96,55,85,133,135,125,63,49,115,72,74,1,134" hai3=""/><T59/><N who="0" m="31264" /><T93/><N who="0" m="31520" /><T92/><D68/><U106/><N who="1" m="31008" /><U124/><E119/><V110/><F115/><T73/><D130/><U109/><E109/><V107/><F1/><T105/><D105/><U67/><E101/><V95/><F110/><T39/><D39/><U43/><E114/><V50/><F125/><T129/><D129/><U66/><E66/><V112/><F112/><T75/><REACH who="0" step="1"/><D52/><REACH who="0" ten="340,350,350,0" step="2"/><U51/><E38/><V65/><F107/><T48/><D48/><U88/><E124/><V70/><F49/><T111/><D111/><U128/><E128/><V41/><F55/><T86/><D86/><U81/><E126/><V62/><F85/><T120/><N who="0" m="30752" /><T34/><D34/><U90/><E51/><V47/><F63/><AGARI ba="0,1" hai="33,35,40,42,57,59,60,63,73,75,82,83,92,93" m="30752,31520,31264" machi="63" ten="25,24000,3" yaku="1,1,22,2,52,5,53,2" doraHai="3" doraHaiUra="0" who="0" fromWho="2" sc="340,250,350,0,350,-240,0,0" /><INIT seed="0,1,0,5,0,111" ten="590,350,110,0" oya="0" hai0="124,88,70,33,36,39,127,101,46,72,103,51,119" hai1="43,118,95,66,75,37,91,47,120,110,35,109,92" hai2="41,42,100,97,94,0,3,121,122,87,2,40,86" hai3=""/><T93/><D119/><U130/><N who="1" m="30752" /><U48/><E35/><V62/><N who="2" m="31008" /><V34/><N who="2" m="31264" /><V106/><F34/><T56/><D70/><U53/><E118/><V135/><F135/><T54/><D72/><U114/><E130/><V32/><F32/><T45/><D33/><U116/><E116/><V71/><REACH who="2" step="1"/><F106/><REACH who="2" ten="590,350,100,0" step="2"/><T68/><D127/><U49/><E110/><V64/><AGARI ba="1,1" hai="0,2,3,40,41,42,62,64,71,86,87,94,97,100" m="31264,31008" machi="64" ten="40,9000,2" yaku="1,1,2,1,0,1,52,2,53,1" doraHai="111" doraHaiUra="60" who="2" fromWho="2" sc="590,-61,350,-31,100,102,0,0" /><INIT seed="1,0,0,5,2,106" ten="529,319,202,0" oya="1" hai0="108,47,68,83,46,74,90,54,45,122,2,114,125" hai1="61,120,84,95,51,113,91,62,64,67,103,80,58" hai2="99,96,57,94,49,109,34,107,66,127,85,132,111" hai3=""/><U93/><N who="1" m="30752" /><U69/><E113/><V77/><F34/><T121/><N who="0" m="31008" /><T3/><N who="0" m="31264" /><T116/><D114/><U126/><E126/><V81/><F127/><T110/><D125/><U37/><E37/><V79/><F132/><T50/><D68/><U86/><E103/><V75/><F66/><T98/><D116/><U1/><E1/><V70/><F70/><T35/><D35/><U39/><E39/><V133/><F57/><T101/><D2/><U124/><E124/><V131/><F49/><T128/><D128/><U76/><REACH who="1" step="1"/><E51/><REACH who="1" ten="529,309,202,0" step="2"/><V52/><F133/><T72/><D3/><U92/><AGARI ba="0,1" hai="58,61,62,64,67,69,76,80,84,86,91,92,93,95" m="30752" machi="92" ten="20,12000,2" yaku="1,1,2,1,0,1,7,1,52,1,53,2" doraHai="106" doraHaiUra="59" who="1" fromWho="1" sc="529,-60,309,130,202,-60,0,0" /><INIT seed="1,1,0,1,4,87" ten="469,439,142,0" oya="1" hai0="47,107,101,54,71,105,116,92,79,118,132,90,124" hai1="76,69,131,113,94,126,61,77,55,42,33,58,46" hai2="65,129,53,83,36,43,49,104,95,109,1,85,73" hai3=""/><U117/><E113/><V52/><F1/><T66/><D124/><U72/><E117/><V41/><F109/><T121/><N who="0" m="31008" /><T63/><D132/><U81/><E126/><V86/><F104/><T127/><D127/><U119/><E119/><N who="0" m="45609" /><D101/><U133/><E133/><V106/><F106/><T130/><D130/><U112/><E112/><V64/><F129/><T99/><D79/><U135/><E135/><V67/><F36/><T51/><AGARI ba="1,0" hai="47,51,54,63,66,71,90,92,99,105,107" m="45609,31008" machi="51" ten="30,3000,0" yaku="12,1,52,2" doraHai="87" who="0" fromWho="0" sc="469,32,439,-21,142,-11,0,0" /><INIT seed="2,0,0,5,1,135" ten="501,418,131,0" oya="2" hai0="62,97,68,91,47,48,69,85,45,33,106,132,101" hai1="93,95,56,60,40,80,122,98,2,105,130,84,44" hai2="125,94,43,79,71,131,77,102,110,38,128,78,57" hai3=""/><V3/><F3/><T120/><N who="0" m="30752" /><T67/><D33/><U118/><N who="1" m="31264" /><U61/><E2/><V81/><F71/><T87/><D132/><U0/><E0/><V53/><F110/><T103/><D103/><U127/><E130/><N who="2" m="49707" /><F125/><T72/><D72/><U126/><E118/><V64/><F64/><T121/><N who="0" m="31008" /><T39/><D69/><U34/><E34/><V66/><F66/><T92/><D39/><U112/><E112/><V107/><F107/><T134/><D134/><U123/><N who="1" m="31520" /><U70/><E70/><V75/><F43/><T114/><D114/><U119/><E119/><V104/><F104/><T76/><REACH who="0" step="1"/><D48/><REACH who="0" ten="491,418,131,0" step="2"/><U109/><E109/><V32/><F32/><T59/><D59/><U124/><E56/><V36/><F36/><T35/><D35/><U63/><E98/><V55/><F38/><T50/><D50/><U90/><E105/><V100/><F57/><T82/><AGARI ba="0,1" hai="45,47,62,67,68,76,82,85,87,91,92,97,101,106" m="31008,30752" machi="82" ten="30,6000,1" yaku="1,1,0,1,52,2,53,1" doraHai="135" doraHaiUra="86" who="0" fromWho="0" sc="491,70,418,-20,131,-40,0,0" /><INIT seed="4,0,0,1,5,1" ten="561,398,91,0" oya="0" hai0="57,3,126,83,133,53,131,75,134,99,115,105,128" hai1="92,98,127,89,47,81,95,0,49,69,60,91,33" hai2="64,84,70,45,37,63,2,124,54,119,101,125,85" hai3=""/><T72/><D3/><U118/><E118/><V35/><F2/><T116/><D115/><U59/><E127/><N who="2" m="48715" /><F119/><T114/><D114/><U40/><E0/><V111/><F111/><T120/><N who="0" m="30752" /><T132/><D116/><U94/><E81/><V76/><F35/><T58/><D126/><U78/><E78/><V41/><F101/><T90/><D58/><U74/><E74/><N who="0" m="28201" /><D105/><U71/><E33/><V34/><F34/><T48/><D99/><U32/><E32/><V112/><F76/><T117/><D117/><U135/><E94/><V122/><N who="2" m="31264" /><V80/><F80/><T44/><D44/><U61/><E61/><V62/><F112/><T106/><D106/><U56/><E56/><AGARI ba="0,0" hai="37,41,45,54,56,62,63,64,70,84,85" m="31264,48715" machi="56" ten="30,2000,0" yaku="18,1,52,1" doraHai="1" who="2" fromWho="1" sc="561,0,398,-20,91,20,0,0" /><INIT seed="5,0,0,1,1,42" ten="561,378,111,0" oya="1" hai0="52,84,131,59,50,45,94,81,57,35,69,48,124" hai1="102,53,103,87,71,61,85,36,97,66,110,99,105" hai2="92,41,80,100,132,33,46,68,1,39,126,91,47" hai3=""/><U67/><E110/><V70/><F1/><T115/><D115/><U43/><E66/><V134/><F33/><T98/><D124/><U107/><REACH who="1" step="1"/><E53/><REACH who="1" ten="561,368,111,0" step="2"/><V86/><F126/><T119/><D52/><U0/><E0/><V88/><F100/><T118/><D118/><U58/><E58/><V123/><N who="2" m="31520" /><V44/><F70/><T54/><D57/><U104/><E104/><V3/><F68/><T60/><D59/><U106/><E106/><V2/><F2/><T127/><D54/><U62/><E62/><V37/><F3/><T114/><D60/><U130/><E130/><V95/><F80/><T63/><D131/><U101/><E101/><V79/><F79/><T117/><D63/><U65/><E65/><V113/><F113/><T55/><D69/><U78/><E78/><V73/><F73/><T111/><D114/><U129/><E129/><V49/><F91/><T133/><D127/><U40/><E40/><V51/><F41/><T32/><D55/><U72/><E72/><V38/><REACH who="2" step="1"/><F92/><REACH who="2" ten="561,368,101,0" step="2"/><T82/><D94/><U116/><E116/><V77/><F77/><T135/><D119/><U122/><N who="1" m="31264" /><U120/><N who="1" m="30752" /><U89/><E89/><V125/><F125/><T56/><D117/><U76/><E76/><RYUUKYOKU ba="0,2" sc="561,-20,368,10,101,10,0,0" hai1="36,43,61,67,71,85,87,97,99,102,103,105,107" hai2="37,38,39,44,46,47,49,51,86,88,95,132,134" /><INIT seed="5,1,2,1,3,58" ten="541,378,111,0" oya="1" hai0="54,37,110,59,62,73,44,130,92,95,63,98,80" hai1="93,1,135,121,40,86,111,101,120,114,132,123,118" hai2="45,116,57,91,88,64,94,47,106,76,128,35,127" hai3=""/><U124/><N who="1" m="30752" /><U133/><N who="1" m="31008" /><U60/><N who="1" m="31520" /><U48/><E118/><V97/><F116/><T100/><D110/><U42/><E111/><V71/><F35/><T85/><D130/><U65/><E1/><V52/><F128/><T70/><D73/><U125/><E114/><V129/><F129/><T0/><D0/><U32/><E32/><V103/><F127/><N who="1" m="48713" /><E48/><V39/><F76/><T79/><D92/><U43/><E86/><V51/><F39/><T68/><D63/><U50/><E50/><V109/><F109/><T82/><D37/><U83/><E83/><V67/><F71/><T99/><D82/><U112/><E112/><V122/><N who="2" m="31264" /><V74/><F74/><T46/><D68/><U96/><E42/><V56/><F106/><T131/><D131/><U113/><E113/><V104/><F104/><T34/><D34/><U119/><E119/><V66/><F57/><AGARI ba="1,2" hai="40,43,57,60,65,93,96,101,132,133,135" m="48713,31520,31008,30752" machi="57" ten="40,18000,2" yaku="20,1,18,1,52,4" doraHai="58" who="1" fromWho="2" sc="541,0,378,202,111,-182,0,0" owari="541,14.0,580,53.0,-71,-67.0,0,0.0" /></mjloggm>