<mjloggm ver="2.3"><GO type="225" lobby="0"/><UN n0="%E3%83%9F%E3%82%B9%E3%82%BF%E3%83%BC%E3%83%89%E3%83%BC%E3%83%8A%E3%83%84" n1="%E3%83%9D%E3%82%A4%E3%83%B3%E3%83%88%E9%82%84%E5%85%83" n2="%73%61%6E%64%69%72%69%73" n3="%E6%80%AA%E3%81%97%E3%81%99%E3%81%8E%E3%82%8B%E3%83%81%E3%83%BC" dan="16,16,17,16" rate="2070.75,2122.09,2125.15,2098.47" sx="M,M,M,M"/><TAIKYOKU oya="0"/><INIT seed="0,0,0,1,3,126" ten="250,250,250,250" oya="0" hai0="83,98,100,36,58,74,37,45,114,22,55,25,135" hai1="17,92,57,9,14,39,51,103,48,125,119,104,66" hai2="133,72,132,47,106,59,109,60,64,86,108,94,111" hai3="68,56,20,32,88,41,76,62,33,81,102,16,34"/><T30/><D114/><U117/><E39/><V23/><F106/><W46/><G68/><T2/><D135/><N who="2" m="51786" /><F72/><W18/><G102/><T99/><D2/><U131/><E104/><V91/><F23/><W28/><G88/><T79/><D45/><AGARI ba="0,0" hai="45,47,59,60,64,86,91,94,108,109,111" m="51786" machi="45" ten="40,2600,0" yaku="14,1,20,1" doraHai="126" who="2" fromWho="0" sc="250,-26,250,0,250,26,250,0" /><INIT seed="1,0,0,3,4,108" ten="224,250,276,250" oya="1" hai0="1,19,21,111,73,47,32,43,51,67,124,100,86" hai1="132,30,2,5,81,104,107,3,64,110,92,135,133" hai2="70,31,76,77,37,90,24,84,45,126,101,91,23" hai3="46,118,61,116,13,36,72,69,131,82,16,58,7"/><U134/><E110/><V38/><F70/><W27/><G131/><T117/><D111/><U12/><E64/><V71/><F71/><W66/><G27/><T115/><D73/><U74/><E30/><V79/><F126/><W106/><G106/><N who="1" m="40490" /><E92/><V129/><F101/><W120/><G120/><T98/><D124/><U22/><E135/><V62/><F129/><W10/><G69/><T59/><D32/><U44/><E44/><V29/><F62/><W78/><REACH who="3" step="1"/><G7/><REACH who="3" ten="224,250,276,240" step="2"/><T93/><D117/><U127/><E127/><V75/><F24/><W121/><G121/><T65/><D115/><U88/><E5/><V112/><F112/><W11/><G11/><T52/><D1/><U123/><E123/><V33/><F31/><W68/><G68/><T99/><D86/><N who="1" m="50255" /><E74/><V35/><F75/><W42/><AGARI ba="0,1" hai="10,13,16,36,42,46,58,61,66,72,78,82,116,118" machi="42" ten="30,7900,0" yaku="1,1,0,1,54,1,53,1" doraHai="108" doraHaiUra="14" who="3" fromWho="3" sc="224,-20,250,-39,276,-20,240,89" /><INIT seed="2,0,0,4,2,29" ten="204,211,256,329" oya="2" hai0="57,104,80,99,105,3,58,39,130,116,91,125,119" hai1="32,111,26,107,73,72,63,134,40,92,51,127,1" hai2="122,44,87,78,11,129,86,97,28,18,110,43,49" hai3="50,37,45,131,2,70,7,24,103,77,93,13,17"/><V90/><F122/><W81/><G131/><T12/><D3/><U4/><E107/><N who="0" m="41033" /><D39/><U108/><E134/><V88/><F129/><W56/><G70/><T54/><D130/><U85/><E127/><V21/><F110/><N who="1" m="42025" /><E63/><V30/><F97/><W41/><G24/><T10/><D125/><U0/><E92/><N who="2" m="54295" /><F78/><W128/><G128/><T52/><D58/><U60/><E85/><V114/><F11/><W59/><G50/><T19/><D57/><U25/><E60/><V71/><F114/><W65/><G65/><T14/><D80/><U120/><E4/><V74/><F74/><N who="1" m="28777" /><E120/><V109/><F71/><W38/><G7/><N who="0" m="3167" /><D91/><U84/><E84/><V132/><F132/><W36/><G81/><T42/><D99/><U94/><E94/><N who="2" m="54623" /><F109/><W33/><G93/><T9/><D42/><U46/><E26/><AGARI ba="0,0" hai="18,21,26,28,30,43,44,49" m="54623,54295" machi="26" ten="30,2900,0" yaku="8,1,54,1" doraHai="29" who="2" fromWho="1" sc="204,0,211,-29,256,29,329,0" /><INIT seed="2,1,0,5,5,117" ten="204,182,285,329" oya="2" hai0="49,126,87,6,38,22,128,43,91,80,40,51,134" hai1="100,84,36,92,20,55,24,37,4,72,102,70,77" hai2="65,1,76,75,83,52,90,113,42,12,9,29,125" hai3="45,10,21,95,74,88,122,28,127,99,64,67,26"/><V11/><F113/><W48/><G122/><T96/><D128/><U105/><E70/><V106/><F125/><W66/><G74/><T41/><D126/><U16/><E4/><V17/><F106/><W23/><G127/><T111/><D38/><U103/><E105/><V93/><F65/><W69/><G10/><T50/><D111/><U25/><E25/><V44/><F29/><W35/><REACH who="3" step="1"/><G69/><REACH who="3" ten="204,182,285,319" step="2"/><T89/><D134/><U30/><E72/><V123/><F123/><W78/><G78/><T101/><D6/><U7/><E7/><V57/><F11/><W97/><G97/><T109/><D109/><U116/><E116/><V0/><F44/><W82/><G82/><T110/><D110/><U114/><E114/><V60/><REACH who="2" step="1"/><F42/><AGARI ba="1,1" hai="21,23,26,28,35,42,45,48,64,66,67,88,95,99" machi="42" ten="40,2600,0" yaku="1,1,54,1,53,0" doraHai="117" doraHaiUra="104" who="3" fromWho="2" sc="204,0,182,0,285,-29,319,39" /><INIT seed="3,0,0,0,5,133" ten="204,182,256,358" oya="3" hai0="68,16,89,101,1,107,83,120,111,40,58,95,31" hai1="45,52,66,21,2,32,119,76,37,74,35,34,13" hai2="15,105,38,5,102,116,0,55,61,113,19,81,70" hai3="48,103,124,8,88,44,110,25,122,53,126,46,90"/><W41/><G122/><T79/><D120/><U49/><E2/><V85/><F38/><W78/><G110/><T39/><D68/><U99/><E119/><V94/><F105/><W14/><G103/><T106/><D111/><U121/><E121/><V22/><F5/><N who="3" m="3343" /><G25/><T28/><D1/><U33/><E37/><V4/><F4/><W130/><G78/><T108/><D108/><U27/><E66/><V77/><F113/><W127/><G130/><T114/><D114/><U43/><E99/><N who="2" m="59767" /><F70/><W115/><G115/><T134/><D134/><U71/><E71/><V125/><F116/><W42/><G42/><T56/><D40/><U72/><N who="1" m="8192" /><DORA hai="26" /><U63/><E13/><V59/><F125/><W23/><G23/><T91/><D39/><AGARI ba="0,0" hai="39,41,44,46,48,53,88,90,124,126,127" m="3343" machi="39" ten="30,12000,1" yaku="18,1,52,3,54,1" doraHai="133,26" who="3" fromWho="0" sc="204,-120,182,0,256,0,358,120" owari="84,-42.0,182,-22.0,256,6.0,478,58.0" /></mjloggm>