<mjloggm ver="2.3"><GO type="169" lobby="0"/><UN n0="%E3%83%AC%E3%82%AA%E3%83%B3%E3%83%8F%E3%83%AB%E3%83%88" n1="%62%61%6B%75%72%61%30%38" n2="%E3%82%B5%E3%83%96%E3%82%A2%E3%83%A9%E3%83%89" n3="%E3%81%8B%E3%81%A5%E3%81%8D%EF%BC%B8%EF%BC%A9" dan="16,17,16,16" rate="2088.46,2208.08,2046.78,2107.24" sx="M,M,M,M"/><TAIKYOKU oya="0"/><INIT seed="0,0,0,0,1,86" ten="250,250,250,250" oya="0" hai0="101,126,19,2,58,83,65,28,20,55,0,41,89" hai1="1,34,103,38,31,42,44,15,82,46,72,119,67" hai2="76,113,48,70,111,37,78,123,4,127,109,129,85" hai3="99,51,105,94,50,13,35,107,98,114,104,23,122"/><T116/><D116/><U29/><E119/><V49/><F123/><W75/><G35/><T62/><D126/><U5/><E15/><V68/><F113/><W45/><G75/><T93/><D41/><U134/><E103/><V54/><F127/><W135/><G122/><T88/><D28/><U121/><E121/><V36/><F85/><W10/><G135/><T25/><D83/><U90/><E67/><V106/><F4/><W59/><G23/><T128/><D128/><U8/><E90/><V115/><F115/><W133/><G133/><T18/><D18/><U69/><E134/><V16/><F106/><W32/><G32/><T74/><D74/><U52/><E69/><V57/><F129/><W53/><G114/><T17/><D17/><U87/><E87/><V6/><F6/><W21/><G21/><T9/><D101/><U26/><E31/><V11/><F48/><W7/><REACH who="3" step="1"/><G94/><REACH who="3" ten="250,250,250,240" step="2"/><T33/><D93/><U131/><E131/><V79/><F36/><W92/><G92/><T63/><D33/><U118/><E118/><V110/><F37/><W56/><G56/><T12/><D25/><U3/><E72/><V39/><F39/><W97/><G97/><T47/><D20/><U80/><REACH who="1" step="1"/><E3/><REACH who="1" ten="250,240,250,240" step="2"/><V30/><F30/><W125/><G125/><T112/><D112/><U91/><E91/><N who="0" m="34889" /><D0/><U124/><E124/><V73/><F73/><W61/><G61/><N who="0" m="38071" /><D2/><U130/><E130/><V64/><F64/><W120/><G120/><T77/><D77/><U95/><E95/><V71/><F71/><W22/><G22/><T117/><D117/><U84/><E84/><RYUUKYOKU ba="0,2" sc="250,0,240,0,250,0,240,0" hai0="9,12,19,47,55,62,63" hai1="1,5,8,26,29,34,38,42,44,46,52,80,82" hai2="11,16,49,54,57,68,70,76,78,79,109,110,111" hai3="7,10,13,45,50,51,53,59,98,99,104,105,107" /><INIT seed="0,1,2,1,1,79" ten="250,240,250,240" oya="0" hai0="58,115,134,90,84,37,74,14,110,62,27,93,96" hai1="101,22,50,106,128,113,95,135,85,130,109,3,40" hai2="53,114,78,8,87,61,112,105,26,103,132,18,4" hai3="131,94,7,111,63,6,89,10,65,34,72,43,92"/><T35/><D115/><U59/><E3/><V68/><F132/><W127/><G34/><T13/><D37/><U60/><E106/><V123/><F123/><W42/><G72/><T121/><D74/><U39/><E39/><V56/><F68/><W100/><G111/><T5/><D121/><U1/><E1/><V126/><F126/><W11/><G127/><T108/><D134/><U45/><E109/><N who="0" m="42089" /><D5/><U57/><E135/><V54/><F54/><W52/><G131/><N who="1" m="50218" /><E113/><V82/><F103/><W38/><G38/><T46/><D46/><U70/><E22/><V55/><F55/><W124/><G65/><N who="0" m="39127" /><D96/><N who="1" m="59551" /><E85/><V133/><F133/><W2/><G6/><T24/><D24/><U16/><E16/><V117/><F117/><W102/><G7/><T48/><D48/><U88/><E70/><V107/><F4/><W28/><G2/><T120/><D120/><U99/><E60/><V86/><F26/><W76/><G63/><T31/><AGARI ba="1,2" hai="13,14,27,31,35,84,90,93" m="39127,42089" machi="31" ten="30,3000,0" yaku="14,1,10,1" doraHai="79" who="0" fromWho="0" sc="250,53,240,-11,250,-11,240,-11" /><INIT seed="0,2,0,1,2,54" ten="303,229,239,229" oya="0" hai0="70,134,90,0,119,120,31,6,49,10,115,122,32" hai1="35,19,52,128,59,4,8,114,117,133,89,108,5" hai2="63,86,66,28,47,79,123,36,14,125,129,1,20" hai3="116,75,48,112,17,56,96,50,126,124,71,94,15"/><T100/><D119/><U13/><E117/><V16/><F123/><W29/><G71/><T73/><D115/><U27/><E114/><V37/><F125/><N who="3" m="48235" /><G75/><T62/><D134/><U104/><E104/><V83/><F129/><W58/><G29/><T84/><D73/><U69/><E69/><V7/><F28/><W46/><G112/><T2/><D2/><U64/><E64/><V9/><REACH who="2" step="1"/><F47/><REACH who="2" ten="303,229,229,229" step="2"/><W21/><G116/><T38/><D31/><U132/><E128/><V113/><F113/><W42/><G48/><T39/><D49/><U33/><E133/><V103/><F103/><AGARI ba="2,1" hai="15,17,21,42,46,50,56,58,94,96,103" m="48235" machi="103" ten="30,3900,0" yaku="18,1,52,2" doraHai="54" who="3" fromWho="2" sc="303,0,229,0,229,-45,229,55" /><INIT seed="1,0,0,4,4,64" ten="303,229,184,284" oya="1" hai0="88,22,77,56,43,20,89,47,120,18,93,81,61" hai1="54,134,85,38,123,87,126,72,29,30,15,127,27" hai2="92,44,9,78,10,101,11,130,28,46,7,50,91" hai3="124,105,103,35,76,2,70,113,59,68,23,45,97"/><U79/><E38/><V122/><F122/><W114/><G59/><T111/><D111/><U8/><E123/><V53/><F130/><W58/><G58/><T57/><D57/><U13/><E72/><V96/><F78/><W16/><G35/><T26/><D93/><U71/><E54/><V5/><F44/><W19/><G2/><T42/><D20/><U131/><E79/><V95/><REACH who="2" step="1"/><F28/><REACH who="2" ten="303,229,174,284" step="2"/><W112/><G76/><T32/><D120/><U74/><E131/><V80/><F80/><W36/><G124/><T21/><D47/><U31/><E31/><V106/><F106/><W62/><G45/><T121/><D81/><U41/><E30/><V65/><F65/><W17/><G36/><T69/><D77/><U108/><E29/><V135/><F135/><W118/><G118/><T73/><D121/><U132/><E134/><V90/><F90/><W99/><G62/><T25/><D88/><U82/><E82/><V4/><F4/><W84/><G105/><T109/><D89/><U39/><E132/><V102/><F102/><W6/><G103/><T133/><D133/><U86/><E74/><V55/><F55/><W125/><G6/><T119/><D73/><U66/><E66/><V63/><F63/><W129/><G129/><T100/><D100/><U49/><E127/><V67/><F67/><W83/><G125/><T1/><D119/><U3/><E126/><V60/><F60/><W75/><G75/><T0/><D61/><U52/><E52/><V115/><F115/><W128/><G113/><T94/><D43/><U34/><E41/><V40/><F40/><RYUUKYOKU ba="0,1" sc="303,-10,229,-10,174,30,284,-10" hai2="5,7,9,10,11,46,50,53,91,92,95,96,101" /><INIT seed="2,1,1,1,3,116" ten="293,219,204,274" oya="2" hai0="50,51,55,88,7,9,108,102,110,47,66,76,112" hai1="61,103,20,86,124,98,67,132,62,36,114,12,78" hai2="117,97,122,5,3,40,81,58,96,25,52,128,59" hai3="2,37,21,94,74,24,17,111,19,70,43,56,126"/><V91/><F117/><W22/><G2/><T57/><D112/><U106/><E36/><V127/><F127/><W41/><G70/><T33/><D33/><U118/><E114/><V18/><F128/><W107/><G74/><T133/><D133/><U85/><E118/><V123/><F40/><W26/><G107/><T83/><D102/><U93/><E124/><V63/><F59/><W80/><G111/><T15/><D66/><U54/><E132/><V14/><F25/><W34/><G34/><T28/><D28/><U16/><E54/><V90/><F5/><W79/><G37/><T29/><D29/><U11/><E106/><V119/><F3/><W71/><G71/><T115/><D88/><U135/><E135/><V129/><F129/><W65/><G94/><T82/><D115/><U84/><E78/><V23/><F119/><W105/><G105/><T38/><D38/><U73/><E73/><V13/><F13/><W6/><G6/><T30/><D30/><U101/><E101/><V130/><F130/><W53/><G65/><T131/><D131/><U0/><E0/><V125/><F125/><W75/><REACH who="3" step="1"/><G126/><REACH who="3" ten="293,219,204,264" step="2"/><T100/><D110/><U121/><E67/><V64/><F64/><W46/><G46/><T27/><D108/><U99/><E93/><N who="2" m="56375" /><F81/><W44/><G44/><T89/><D82/><U109/><E109/><V49/><F49/><AGARI ba="1,2" hai="17,19,21,22,24,26,41,43,49,53,56,75,79,80" machi="49" ten="30,3900,0" yaku="1,1,7,1,9,1,53,0" doraHai="116" doraHaiUra="60" who="3" fromWho="2" sc="293,0,219,0,204,-42,264,62" /><INIT seed="3,0,0,5,4,29" ten="293,219,162,326" oya="3" hai0="125,34,117,95,70,66,128,129,56,73,75,78,15" hai1="3,123,120,115,106,57,21,86,51,16,37,103,121" hai2="2,84,11,58,118,122,8,50,28,63,82,104,10" hai3="116,97,135,22,4,131,127,25,102,39,60,94,107"/><W93/><G39/><T12/><D70/><U47/><E3/><V52/><F118/><W134/><G116/><T6/><D117/><U18/><E115/><V9/><F122/><W46/><G4/><T49/><D95/><U13/><E37/><V0/><F104/><W65/><G46/><T80/><D73/><U85/><E57/><V40/><F28/><W35/><G127/><T100/><D100/><U5/><E5/><V24/><F24/><W48/><G48/><T20/><D125/><U54/><E103/><V112/><F112/><W91/><G131/><T132/><D132/><U59/><E106/><V79/><N who="2" m="2048" /><DORA hai="113" /><V33/><REACH who="2" step="1"/><F33/><REACH who="2" ten="293,219,152,326" step="2"/><W38/><G35/><T42/><D34/><U110/><E18/><V41/><F41/><W43/><G43/><T130/><D42/><U61/><REACH who="1" step="1"/><E110/><REACH who="1" ten="293,209,152,326" step="2"/><V44/><AGARI ba="0,2" hai="0,2,40,44,50,52,58,63,79,82,84" m="2048" machi="44" ten="40,8000,1" yaku="1,1,0,1,54,1,53,1" doraHai="29,113" doraHaiUra="111,77" who="2" fromWho="2" sc="293,-20,209,-20,152,100,326,-40" /><INIT seed="4,0,0,4,5,48" ten="273,189,252,286" oya="0" hai0="21,49,76,119,95,126,1,43,40,31,14,0,12" hai1="54,53,112,28,70,69,90,9,85,68,116,46,7" hai2="133,23,128,111,98,65,45,104,17,16,124,73,60" hai3="86,77,30,105,56,5,8,107,125,135,118,64,130"/><T34/><D119/><U80/><E116/><V61/><F111/><W115/><G118/><T2/><D34/><U101/><E28/><V66/><F124/><W19/><G115/><T18/><D126/><U42/><E101/><V79/><F128/><W103/><G125/><T44/><D31/><U27/><E27/><V99/><F133/><W59/><G130/><T88/><D76/><U4/><E112/><V62/><F45/><W72/><G135/><T109/><D109/><U36/><REACH who="1" step="1"/><E7/><REACH who="1" ten="273,179,252,286" step="2"/><V13/><F104/><W134/><G30/><T131/><D131/><U11/><E11/><V24/><F73/><W129/><G5/><T50/><D12/><AGARI ba="0,1" hai="4,9,12,36,42,46,53,54,68,69,70,80,85,90" machi="12" ten="40,5200,0" yaku="1,1,52,2,53,0" doraHai="48" doraHaiUra="108" who="1" fromWho="0" sc="273,-52,179,62,252,0,286,0" /><INIT seed="5,0,0,1,0,76" ten="221,241,252,286" oya="1" hai0="102,48,94,62,101,119,97,104,108,70,14,89,7" hai1="12,58,56,123,69,127,112,93,25,37,103,22,120" hai2="85,57,81,42,31,73,114,3,51,78,45,2,82" hai3="52,15,35,5,11,122,99,60,8,80,129,88,125"/><U65/><E37/><V4/><F31/><W19/><G35/><T130/><D108/><U126/><E69/><V124/><F124/><N who="1" m="47657" /><E12/><V1/><F57/><N who="1" m="22121" /><E65/><V116/><F116/><W55/><G122/><T21/><D130/><U44/><E44/><V6/><REACH who="2" step="1"/><F114/><REACH who="2" ten="221,241,242,286" step="2"/><W100/><G125/><T67/><D119/><U23/><E112/><V121/><F121/><N who="1" m="46665" /><E25/><V49/><F49/><W72/><G129/><T16/><D48/><U95/><E103/><V33/><F33/><W118/><G100/><T50/><D50/><U26/><E26/><V24/><F24/><W131/><G131/><T18/><D101/><U38/><E38/><V20/><F20/><AGARI ba="0,1" hai="20,22,23,93,95" m="46665,22121,47657" machi="20" ten="40,7700,0" yaku="28,2,18,1" doraHai="76" who="1" fromWho="2" sc="221,0,241,87,242,-77,286,0" /><INIT seed="5,1,0,1,2,120" ten="221,328,165,286" oya="1" hai0="82,17,98,67,91,6,97,0,4,35,57,47,66" hai1="85,56,123,25,20,15,33,55,62,86,40,65,106" hai2="99,23,10,102,96,94,38,60,114,24,29,76,81" hai3="88,133,115,49,116,32,135,7,9,34,112,87,80"/><U16/><E123/><V22/><F38/><W71/><G71/><T3/><D35/><N who="3" m="13353" /><G49/><T78/><D0/><U68/><E106/><V72/><F114/><N who="3" m="43563" /><G116/><T21/><D3/><AGARI ba="1,0" hai="3,7,9,80,87,88,133,135" m="43563,13353" machi="3" ten="30,2000,0" yaku="15,1,54,1" doraHai="120" who="3" fromWho="0" sc="221,-23,328,0,165,0,286,23" /><INIT seed="6,0,0,4,2,109" ten="198,328,165,309" oya="2" hai0="40,97,51,59,22,132,71,120,110,20,102,122,117" hai1="83,58,64,88,21,95,105,12,45,19,128,65,133" hai2="14,0,1,26,28,100,53,11,35,37,49,69,44" hai3="50,2,67,99,36,107,75,38,72,119,29,41,98"/><V16/><F69/><W118/><G2/><T108/><D71/><U17/><E105/><V87/><F37/><W73/><G29/><T93/><D132/><U52/><E128/><V10/><F100/><W78/><G78/><T126/><D126/><U101/><E133/><V84/><REACH who="2" step="1"/><F10/><REACH who="2" ten="198,328,155,309" step="2"/><W79/><G38/><T129/><D102/><U91/><E101/><V112/><F112/><W103/><G36/><T68/><D68/><U33/><E65/><V125/><F125/><W60/><G103/><T131/><D108/><U32/><E64/><V5/><F5/><W104/><G107/><T61/><D110/><U90/><E33/><V113/><F113/><W25/><G104/><T4/><D4/><U18/><E32/><V135/><F135/><W47/><G118/><T77/><D117/><U106/><E106/><V92/><F92/><W66/><G119/><T86/><D93/><U80/><E95/><V121/><F121/><W56/><G67/><T8/><D122/><U96/><E96/><V31/><F31/><W24/><G98/><T85/><D97/><U39/><E39/><V23/><F23/><W55/><G99/><T134/><D22/><U116/><E116/><V111/><F111/><W15/><G66/><T46/><D20/><U130/><E21/><V70/><F70/><W89/><G72/><T54/><D134/><U76/><E19/><V94/><F94/><W74/><G75/><T13/><D120/><U124/><E18/><V3/><AGARI ba="0,1" hai="0,1,3,11,14,16,26,28,35,44,49,53,84,87" machi="3" ten="30,6000,0" yaku="1,1,0,1,54,1,53,0" doraHai="109" doraHaiUra="63" who="2" fromWho="2" sc="198,-20,328,-20,155,70,309,-20" /><INIT seed="6,1,0,5,0,10" ten="178,308,225,289" oya="2" hai0="29,31,56,97,53,27,65,47,128,121,129,95,77" hai1="59,45,62,69,130,17,28,107,113,3,42,74,88" hai2="131,55,92,67,82,11,122,8,7,105,60,90,110" hai3="51,66,86,114,112,58,1,52,101,78,39,118,119"/><V61/><F122/><W123/><G1/><T57/><D121/><U109/><E109/><V40/><F131/><W34/><G34/><T70/><D70/><U120/><E107/><V4/><F105/><W94/><G39/><T125/><D125/><U16/><E74/><V43/><F82/><N who="3" m="47447" /><G123/><T132/><D132/><U2/><E69/><V79/><F79/><W6/><G6/><T76/><D47/><U23/><E3/><V85/><F55/><W21/><G21/><T63/><D129/><U64/><E2/><V30/><F30/><W26/><G26/><T96/><D31/><U72/><E72/><V133/><F133/><W5/><G5/><N who="2" m="2121" /><F110/><W14/><G66/><T104/><D104/><U83/><E113/><N who="3" m="43626" /><G119/><T89/><D97/><U115/><E115/><V19/><F67/><W135/><G135/><T98/><D98/><U126/><E130/><V103/><F103/><W127/><G127/><T99/><D99/><U15/><E126/><V50/><F8/><W46/><G118/><T18/><D128/><U134/><E134/><V108/><F108/><W84/><G101/><T68/><D68/><U20/><E28/><V87/><F11/><W13/><G58/><T0/><D0/><U116/><E116/><V111/><F111/><W54/><G54/><T25/><D18/><U36/><E120/><V117/><F19/><W41/><G41/><T93/><D29/><U44/><E17/><V33/><F117/><W81/><G81/><T35/><D35/><U32/><E32/><V91/><F33/><W100/><G100/><T106/><D106/><U24/><E83/><RYUUKYOKU ba="1,0" sc="178,-10,308,-10,225,-10,289,30" hai3="13,14,46,51,52,84,94" /><INIT seed="7,2,0,1,3,105" ten="168,298,215,319" oya="3" hai0="97,59,114,112,135,58,23,18,30,70,16,14,131" hai1="28,87,100,85,126,32,134,5,64,123,36,86,26" hai2="57,27,9,117,50,74,108,82,72,69,4,1,93" hai3="24,33,107,104,79,77,122,68,96,76,31,35,62"/><W80/><G122/><T116/><D70/><U29/><E123/><V67/><F108/><W41/><G41/><T113/><D116/><U115/><E36/><V51/><F117/><W91/><G91/><T21/><D131/><U119/><E119/><V99/><F82/><W45/><G45/><T46/><D135/><U37/><E37/><V34/><F50/><W130/><G130/><T110/><D110/><U8/><E115/><V75/><F69/><W6/><G6/><T133/><D133/><U3/><E134/><V12/><F1/><W47/><G47/><T84/><D30/><U121/><E121/><V48/><F27/><W73/><G35/><T0/><D0/><U65/><E29/><V106/><F106/><W109/><G109/><T22/><D46/><U7/><E126/><V66/><F34/><W81/><G81/><T120/><D120/><U25/><E25/><V38/><F38/><W55/><G55/><T60/><D84/><U129/><E129/><V125/><F125/><W111/><G111/><T15/><D60/><U20/><E32/><V132/><F132/><W2/><G2/><T102/><D23/><U92/><E7/><V11/><F11/><W78/><G96/><T128/><D128/><U98/><AGARI ba="2,0" hai="3,5,8,20,26,28,64,65,85,86,87,92,98,100" machi="98" ten="30,1100,0" yaku="0,1" doraHai="105" who="1" fromWho="1" sc="168,-5,298,17,215,-5,319,-7" owari="163,-34.0,315,42.0,210,-19.0,312,11.0" /></mjloggm>