<mjloggm ver="2.3"><GO type="169" lobby="0"/><UN n0="%E3%81%8D%E3%82%83%E3%83%BC%E3%82%8D%E3%82%93" n1="%E7%8C%AB%E3%80%82" n2="%E9%AB%98%E6%A9%8B%E6%B7%B3" n3="%E5%A4%9A%E6%91%A9%E3%82%BD%E3%83%BC%E3%82%B8" dan="16,16,16,16" rate="2098.10,2095.13,2096.09,2068.38" sx="M,M,M,M"/><TAIKYOKU oya="0"/><INIT seed="0,0,0,1,3,57" ten="250,250,250,250" oya="0" hai0="31,23,5,114,10,112,20,53,27,130,106,64,126" hai1="111,105,132,56,121,93,67,48,7,128,4,58,33" hai2="88,73,79,63,30,18,72,133,77,108,100,0,52" hai3="19,109,91,34,134,80,44,83,76,47,127,89,81"/><T115/><D106/><U98/><E121/><V40/><F0/><W16/><G34/><T3/><D64/><U90/><E111/><V96/><F108/><W103/><G109/><T68/><D68/><U13/><E132/><V97/><F133/><W75/><G134/><T122/><D53/><U35/><E128/><V107/><F40/><W110/><G110/><T21/><D122/><U131/><E131/><V41/><F41/><W54/><G127/><T24/><D130/><U78/><E78/><V59/><F30/><W6/><G103/><T11/><D126/><U101/><E56/><V87/><F97/><W51/><G6/><T61/><D61/><U39/><E39/><V118/><F118/><W120/><G120/><T62/><D62/><U8/><E4/><V92/><REACH who="2" step="1"/><F18/><REACH who="2" ten="250,250,240,250" step="2"/><N who="3" m="6699" /><G75/><AGARI ba="0,1" hai="52,59,63,72,73,75,77,79,87,88,92,96,100,107" machi="75" ten="40,8000,1" yaku="1,1,52,1,54,2,53,0" doraHai="57" doraHaiUra="14" who="2" fromWho="3" sc="250,0,250,0,240,90,250,-80" /><INIT seed="1,0,0,2,4,43" ten="250,250,330,170" oya="1" hai0="8,87,65,50,121,116,120,118,113,75,23,89,19" hai1="112,28,26,132,102,117,38,15,1,0,63,16,4" hai2="73,106,76,68,108,88,42,84,44,77,18,69,98" hai3="13,130,110,53,79,30,60,51,78,41,10,56,7"/><U93/><E117/><V133/><F108/><W114/><G110/><T52/><D75/><U67/><E112/><V32/><F32/><W5/><G114/><T85/><D113/><U109/><E109/><V99/><F133/><W64/><G130/><T29/><D29/><U57/><E132/><V82/><F18/><W22/><G41/><T107/><D107/><U48/><E38/><V14/><F14/><W45/><REACH who="3" step="1"/><G7/><REACH who="3" ten="250,250,330,160" step="2"/><T66/><D118/><U97/><E4/><V127/><F42/><W40/><G40/><T11/><D116/><U49/><E0/><V129/><F129/><W104/><G104/><T90/><D120/><U119/><E1/><V86/><F106/><W25/><AGARI ba="0,1" hai="5,10,13,22,25,30,45,51,53,56,60,64,78,79" machi="25" ten="30,7900,0" yaku="1,1,0,1,8,1,52,1,53,0" doraHai="43" doraHaiUra="126" who="3" fromWho="3" sc="250,-20,250,-39,330,-20,160,89" /><INIT seed="2,0,0,2,4,70" ten="230,211,310,249" oya="2" hai0="50,57,118,129,10,43,121,0,103,62,49,86,102" hai1="85,61,76,59,56,115,68,55,24,89,81,40,63" hai2="53,32,82,96,99,88,92,44,42,11,128,20,93" hai3="2,4,38,36,54,77,117,33,91,98,78,60,13"/><V130/><F32/><W26/><G117/><T34/><D121/><U66/><E115/><V73/><F53/><W35/><G2/><T123/><D123/><U30/><E40/><V125/><F125/><W48/><G60/><T9/><D34/><U27/><E30/><V6/><F20/><W41/><G41/><T21/><D129/><U124/><E124/><V120/><F120/><W75/><G35/><T110/><D110/><U15/><E15/><V134/><F134/><W14/><G75/><T39/><D86/><U94/><REACH who="1" step="1"/><E68/><REACH who="1" ten="230,201,310,249" step="2"/><V122/><F122/><W131/><G14/><T3/><D43/><U119/><E119/><V79/><F128/><W116/><G116/><T64/><D118/><U67/><E67/><V111/><F130/><W95/><G131/><T104/><D64/><U83/><E83/><V45/><F111/><W58/><G13/><T12/><D12/><U29/><E29/><V5/><F11/><W37/><REACH who="3" step="1"/><G4/><REACH who="3" ten="230,201,310,239" step="2"/><T1/><D1/><U97/><AGARI ba="0,2" hai="24,27,55,56,59,61,63,66,76,81,85,89,94,97" machi="97" ten="20,5200,0" yaku="1,1,0,1,7,1,8,1,53,0" doraHai="70" doraHaiUra="71" who="1" fromWho="1" sc="230,-13,201,72,310,-26,239,-13" /><INIT seed="3,0,0,2,0,86" ten="217,273,284,226" oya="3" hai0="126,100,7,85,58,11,57,21,29,38,132,42,121" hai1="25,128,56,104,26,52,112,3,118,99,131,44,45" hai2="116,101,133,105,68,119,78,53,94,49,37,113,10" hai3="51,63,130,77,24,127,117,4,0,47,35,13,80"/><W64/><G117/><T22/><D121/><U65/><E112/><V123/><F113/><W108/><G130/><N who="1" m="49706" /><E3/><V60/><F37/><W36/><G127/><T88/><D132/><U32/><E118/><V15/><F105/><W54/><G108/><T84/><D126/><U33/><E65/><V107/><F107/><W39/><G0/><T12/><D42/><U120/><E120/><V2/><F2/><W5/><G35/><N who="1" m="13386" /><E104/><V135/><F78/><W97/><G24/><N who="1" m="9322" /><E99/><V66/><F123/><W67/><G97/><T19/><D38/><U87/><E87/><V129/><F129/><W124/><G124/><T20/><D85/><U8/><E8/><V90/><F133/><W110/><G67/><T55/><D100/><U103/><E103/><V50/><F101/><W114/><G114/><T81/><D58/><U43/><E43/><V31/><F135/><W18/><G39/><T6/><REACH who="0" step="1"/><D29/><REACH who="0" ten="207,273,284,226" step="2"/><U59/><E59/><V74/><F31/><W125/><G36/><T46/><D46/><U41/><E41/><V76/><F116/><W48/><G125/><T75/><D75/><U106/><E106/><V27/><F74/><W17/><G47/><T72/><D72/><U82/><E82/><V16/><F119/><W122/><G80/><T109/><D109/><U1/><E1/><V73/><F73/><W92/><G110/><T89/><D89/><U91/><E91/><V98/><F90/><W134/><G122/><T79/><D79/><U69/><E69/><V71/><F68/><W28/><G134/><T61/><AGARI ba="0,1" hai="6,7,11,12,19,20,21,22,55,57,61,81,84,88" machi="61" ten="30,12000,2" yaku="1,1,0,1,8,1,52,1,54,1,53,1" doraHai="86" doraHaiUra="83" who="0" fromWho="0" sc="207,130,273,-30,284,-30,226,-60" /><INIT seed="4,0,0,0,3,127" ten="337,243,254,166" oya="0" hai0="21,109,49,63,110,84,86,64,91,3,78,23,94" hai1="116,133,131,15,120,62,93,75,17,38,126,83,88" hai2="95,65,66,41,61,8,69,58,37,85,35,22,42" hai3="40,31,100,46,80,72,96,118,11,28,124,47,106"/><T1/><D49/><U6/><E120/><V70/><F35/><W45/><G118/><T18/><D78/><U52/><E116/><V44/><F22/><W50/><G124/><T119/><D119/><U121/><E126/><V4/><F8/><W20/><G11/><T30/><D84/><U34/><E121/><V104/><F104/><W125/><G125/><T33/><D33/><U115/><E34/><V134/><F95/><W67/><G67/><N who="2" m="25609" /><F4/><W129/><G72/><T98/><D98/><U112/><E6/><V2/><F85/><W102/><G102/><T19/><D30/><U92/><E133/><V107/><F107/><W128/><G80/><T26/><D3/><U81/><E92/><V105/><F105/><W57/><G31/><T9/><D9/><U13/><E75/><V24/><F24/><N who="3" m="16391" /><G57/><T10/><D10/><N who="1" m="6327" /><E15/><V87/><F87/><W48/><G48/><T132/><D1/><U14/><E14/><V60/><F2/><W108/><G108/><N who="0" m="41579" /><D132/><U89/><E81/><V71/><F134/><W43/><G43/><N who="2" m="16393" /><F58/><W99/><G96/><T56/><D26/><U36/><E83/><V117/><F117/><W51/><G40/><AGARI ba="0,0" hai="37,40,44,60,61,69,70,71" m="16393,25609" machi="40" ten="40,8000,1" yaku="35,5" doraHai="127" who="2" fromWho="3" sc="337,0,243,0,254,80,166,-80" /><INIT seed="5,0,0,4,5,24" ten="337,243,334,86" oya="1" hai0="132,56,4,54,131,127,78,91,122,55,82,62,129" hai1="130,133,44,116,64,47,31,29,38,9,51,70,26" hai2="111,73,25,100,124,34,76,104,128,5,107,81,134" hai3="58,83,114,85,119,32,8,49,80,105,30,14,118"/><U79/><E116/><V16/><F111/><W126/><G105/><T13/><D122/><U90/><E133/><V101/><F124/><W43/><G126/><T0/><D127/><U88/><E130/><N who="0" m="49673" /><D0/><U66/><E38/><V22/><F128/><W37/><G37/><T23/><D91/><N who="1" m="34859" /><E70/><V98/><F134/><W77/><G83/><T21/><D132/><U120/><E120/><V71/><F71/><W52/><G43/><T108/><D55/><N who="1" m="30183" /><E79/><V89/><F34/><W35/><G114/><T115/><D108/><U93/><E93/><V102/><REACH who="2" step="1"/><F5/><REACH who="2" ten="337,243,324,86" step="2"/><W1/><G1/><T67/><D115/><U48/><E9/><V46/><F46/><W6/><REACH who="3" step="1"/><G35/><REACH who="3" ten="337,243,324,76" step="2"/><T96/><D82/><U2/><E2/><V87/><F87/><W39/><G39/><T112/><D112/><U12/><E47/><V40/><F40/><W94/><G94/><AGARI ba="0,2" hai="16,22,25,73,76,81,89,94,98,100,101,102,104,107" machi="94" ten="40,5200,0" yaku="1,1,54,1,53,1" doraHai="24" doraHaiUra="86" who="2" fromWho="3" sc="337,0,243,0,324,72,76,-52" /><INIT seed="6,0,0,3,3,60" ten="337,243,396,24" oya="2" hai0="135,16,78,51,133,39,22,30,49,76,1,0,120" hai1="87,70,112,110,34,99,115,52,5,113,20,131,71" hai2="17,81,28,54,53,108,56,24,42,121,117,98,31" hai3="80,105,75,4,126,91,10,18,130,97,132,48,61"/><V13/><F117/><W40/><G130/><T32/><D39/><U79/><E110/><V128/><F121/><W9/><G132/><N who="0" m="50763" /><D78/><U47/><E34/><V57/><F128/><W2/><G126/><T85/><D76/><U122/><E131/><V63/><F42/><W83/><G75/><T93/><D85/><U74/><E74/><V124/><F124/><W43/><G61/><T50/><D93/><U19/><E5/><V116/><F116/><W101/><G91/><T65/><D120/><U14/><E122/><V103/><F24/><W69/><G69/><T15/><D65/><U73/><E73/><V89/><F81/><W94/><G105/><T88/><D88/><U125/><E125/><V27/><F27/><AGARI ba="0,0" hai="0,1,15,16,22,27,30,32,49,50,51" m="50763" machi="27" ten="30,2000,0" yaku="20,1,54,1" doraHai="60" who="0" fromWho="2" sc="337,20,243,0,396,-20,24,0" /><INIT seed="7,0,0,1,4,117" ten="357,243,376,24" oya="3" hai0="61,2,128,127,19,68,91,134,55,47,65,21,82" hai1="15,115,49,67,118,93,96,122,110,35,14,40,43" hai2="29,78,22,53,83,60,102,63,36,34,8,75,13" hai3="124,85,5,95,18,107,24,44,32,88,84,105,133"/><W114/><G114/><T58/><D2/><U69/><E110/><V46/><F34/><W9/><G133/><T52/><D127/><U125/><E35/><V6/><F102/><W42/><G124/><T106/><D106/><U1/><E1/><N who="2" m="79" /><F53/><W57/><G57/><T64/><D128/><U120/><E125/><V123/><F123/><W92/><G92/><T12/><D68/><U90/><E118/><V104/><F104/><W109/><G109/><T80/><D134/><U51/><E115/><V112/><F112/><W66/><G66/><N who="0" m="25707" /><D91/><U77/><E77/><V87/><F87/><W131/><G85/><T101/><D101/><U62/><E15/><V0/><F0/><W108/><G131/><T11/><D11/><U129/><E129/><V89/><F89/><W23/><G32/><T50/><AGARI ba="0,0" hai="12,19,21,47,50,52,55,58,61,80,82" m="25707" machi="50" ten="30,2000,0" yaku="8,1,54,1" doraHai="117" who="0" fromWho="0" sc="357,20,243,-5,376,-5,24,-10" owari="377,48.0,238,-16.0,371,17.0,14,-49.0" /></mjloggm>