<mjloggm ver="2.3"><GO type="185" lobby="0"/><UN n0="%E3%82%8C%E3%81%99%E3%81%93" n1="%6B%6C%6F%6E%64%69%6B%65" n2="%E3%82%8A%E3%82%85%E3%81%99%E3%81%8F" n3="" dan="17,16,17,0" rate="2271.13,2199.05,2211.41,1500.00" sx="F,M,M,C"/><TAIKYOKU oya="0"/><INIT seed="0,0,0,3,1,42" ten="350,350,350,0" oya="0" hai0="112,117,38,98,83,122,107,116,39,73,92,80,99" hai1="128,65,78,77,50,101,43,111,57,82,33,105,94" hai2="125,88,62,104,74,126,32,37,49,110,91,133,34" hai3=""/><T54/><N who="0" m="31264" /><T135/><D112/><U79/><E111/><V47/><F37/><T120/><N who="0" m="30752" /><T132/><D54/><U119/><E128/><V121/><N who="2" m="31008" /><V134/><F110/><T118/><D107/><U41/><E119/><V93/><F74/><T130/><D130/><U95/><E33/><V103/><F91/><T124/><D124/><N who="2" m="47722" /><F103/><T59/><D59/><U3/><E82/><N who="0" m="31273" /><D73/><U100/><E105/><V46/><F62/><T96/><D92/><N who="1" m="35371" /><E3/><V44/><F49/><T60/><D60/><U90/><E90/><V115/><F115/><T61/><D61/><U64/><E50/><V1/><F1/><T114/><D114/><U102/><E57/><V108/><F108/><T66/><D66/><AGARI ba="0,0" hai="41,43,64,65,66,77,78,79,100,101,102" m="35371" machi="66" ten="40,5200,0" yaku="28,2,8,1" doraHai="42" who="1" fromWho="0" sc="350,-52,350,52,350,0,0,0" /><INIT seed="1,0,0,0,0,57" ten="298,402,350,0" oya="1" hai0="118,116,84,113,88,135,102,60,33,114,101,43,83" hai1="55,90,121,130,95,41,44,81,56,50,89,125,99" hai2="105,107,76,128,2,58,93,119,62,38,1,106,64" hai3=""/><U67/><N who="1" m="31008" /><U97/><E130/><V54/><F119/><N who="0" m="45610" /><D33/><U131/><E125/><V104/><F128/><T77/><D135/><U68/><E131/><V47/><F76/><T79/><D43/><U34/><E34/><V51/><N who="2" m="26624" /><DORA hai="109" /><V32/><F32/><T85/><D60/><U124/><E124/><V133/><F133/><T37/><D79/><U91/><E81/><V3/><F93/><T87/><D37/><U115/><E95/><V123/><REACH who="2" step="1"/><F38/><REACH who="2" ten="298,402,340,0" step="2"/><T70/><D70/><U103/><E103/><N who="0" m="39433" /><D88/><U69/><E89/><V78/><F78/><T71/><D71/><U96/><E69/><V35/><F35/><T80/><D80/><U63/><REACH who="1" step="1"/><E115/><AGARI ba="0,1" hai="77,83,84,85,87,113,114,115" m="39433,45610" machi="115" ten="30,12000,2" yaku="12,1,34,2,52,3" doraHai="57,109" who="0" fromWho="1" sc="298,130,402,-120,340,0,0,0" /><INIT seed="2,0,0,3,5,89" ten="428,282,340,0" oya="2" hai0="34,114,43,46,2,38,130,57,98,102,85,129,74" hai1="124,1,48,131,77,42,66,55,3,60,116,32,83" hai2="45,82,95,49,123,59,63,58,109,62,47,71,35" hai3=""/><V93/><N who="2" m="31520" /><V105/><F35/><T78/><D2/><U51/><E32/><V39/><F105/><T135/><D34/><U118/><E131/><N who="0" m="50185" /><D135/><U103/><E124/><V61/><F71/><T133/><D133/><U99/><E42/><V40/><F82/><T67/><D74/><U37/><E37/><V112/><F112/><T0/><D0/><U88/><E3/><V100/><F109/><T91/><D78/><U104/><E1/><V117/><F117/><T65/><D57/><U119/><E55/><V52/><REACH who="2" step="1"/><F100/><REACH who="2" ten="428,282,330,0" step="2"/><T76/><D114/><U64/><E103/><V81/><F81/><T50/><D102/><U87/><E104/><V56/><AGARI ba="0,1" hai="39,40,45,47,49,52,56,58,59,61,62,63,93,95" m="31520" machi="56" ten="30,12000,2" yaku="1,1,0,1,52,3,54,1,53,1" doraHai="89" doraHaiUra="70" who="2" fromWho="2" sc="428,-60,282,-60,330,130,0,0" /><INIT seed="2,1,0,2,2,80" ten="368,222,460,0" oya="2" hai0="64,82,57,113,39,96,103,93,89,109,84,44,48" hai1="107,94,131,91,120,111,97,74,68,127,52,71,106" hai2="42,76,126,33,104,83,132,79,35,88,86,38,124" hai3=""/><V99/><F132/><T70/><D109/><U49/><N who="1" m="30752" /><U37/><E37/><V72/><F42/><T55/><D113/><U50/><E111/><V101/><F38/><T62/><REACH who="0" step="1"/><D39/><REACH who="0" ten="358,222,460,0" step="2"/><U90/><E127/><N who="2" m="48683" /><F79/><T123/><N who="0" m="31520" /><T73/><D73/><U56/><E74/><V112/><F112/><T59/><AGARI ba="1,1" hai="44,48,55,57,59,62,64,70,82,84,89,93,96,103" m="31520" machi="59" ten="30,5900,0" yaku="1,1,0,1,52,2,53,0" doraHai="80" doraHaiUra="122" who="0" fromWho="0" sc="358,71,222,-21,460,-40,0,0" /><INIT seed="4,0,0,1,4,123" ten="429,201,420,0" oya="0" hai0="119,0,82,115,54,34,127,84,100,60,109,1,105" hai1="41,72,135,125,77,33,65,102,114,89,97,44,126" hai2="111,104,35,70,106,88,42,87,107,40,86,122,66" hai3=""/><T95/><D119/><U52/><E33/><V38/><N who="2" m="31264" /><V64/><F35/><T85/><D34/><U108/><E89/><V56/><F111/><T129/><D105/><U32/><E32/><V94/><F70/><T78/><D115/><U91/><E91/><V93/><F38/><T68/><D129/><U90/><E90/><V130/><F130/><T55/><D127/><U58/><E65/><V71/><F88/><T69/><D100/><U37/><E114/><V53/><F106/><T62/><D95/><U45/><E45/><V98/><F71/><T92/><D92/><U134/><E108/><V49/><F98/><T128/><D128/><U112/><E112/><V39/><F94/><T133/><D133/><U50/><E77/><V2/><F93/><T103/><D103/><U81/><E81/><V75/><F66/><T80/><D78/><U43/><E43/><V99/><F40/><T113/><REACH who="0" step="1"/><D113/><REACH who="0" ten="419,201,420,0" step="2"/><U73/><E126/><V83/><F107/><T76/><D76/><U117/><E125/><V3/><F104/><T51/><D51/><U116/><E117/><V47/><F49/><T124/><D124/><U120/><N who="1" m="30752" /><U48/><E116/><V110/><F110/><AGARI ba="0,1" hai="0,1,54,55,60,62,68,69,80,82,84,85,109,110" machi="110" ten="25,18000,2" yaku="1,1,22,2,52,2,53,2" doraHai="123" doraHaiUra="59" who="0" fromWho="2" sc="419,190,201,0,420,-180,0,0" /><INIT seed="4,1,0,3,0,106" ten="609,201,240,0" oya="0" hai0="47,61,91,99,75,112,60,84,38,43,85,122,81" hai1="101,64,92,54,80,94,58,108,78,68,67,55,127" hai2="133,135,130,50,103,33,131,134,89,95,71,46,45" hai3=""/><T121/><N who="0" m="31008" /><T88/><N who="0" m="31264" /><T34/><D34/><U132/><E108/><V0/><F33/><T79/><D112/><U123/><N who="1" m="31520" /><U39/><E132/><V35/><F35/><T37/><D37/><U32/><E127/><V86/><F71/><T65/><D99/><U128/><E128/><N who="2" m="49195" /><F0/><T90/><REACH who="0" step="1"/><D60/><REACH who="0" ten="599,201,240,0" step="2"/><U107/><E39/><V102/><F50/><T93/><D93/><U114/><E94/><V74/><F134/><T52/><D52/><U124/><E92/><V36/><F135/><T87/><D87/><U110/><E54/><V125/><F133/><T118/><D118/><U1/><E55/><V57/><F36/><T83/><D83/><U66/><E80/><V96/><F95/><T59/><AGARI ba="1,1" hai="38,43,47,59,61,65,75,79,81,84,85,88,90,91" m="31264,31008" machi="59" ten="30,16000,3" yaku="1,1,0,1,52,3,54,1,53,2" doraHai="106" doraHaiUra="117" who="0" fromWho="0" sc="599,172,201,-81,240,-81,0,0" /><INIT seed="4,2,0,5,2,69" ten="771,120,159,0" oya="0" hai0="107,50,34,128,44,1,78,110,115,65,82,51,37" hai1="103,134,43,70,68,66,97,57,118,58,126,73,46" hai2="116,93,135,131,132,92,83,109,71,62,79,48,33" hai3=""/><T52/><D1/><U122/><N who="1" m="31264" /><U40/><E73/><V75/><F33/><T63/><D34/><U125/><E97/><V90/><F116/><T111/><D107/><U56/><E103/><V81/><F131/><T60/><D128/><U61/><E118/><V101/><F48/><T76/><D115/><U129/><E129/><V104/><F83/><T84/><D37/><U102/><E102/><V47/><F47/><T77/><D51/><U59/><E134/><V99/><F92/><T42/><D42/><N who="1" m="15915" /><E46/><V0/><F0/><T133/><D133/><U105/><E105/><V45/><F45/><T53/><D53/><U117/><E117/><V106/><F104/><T39/><D39/><U100/><E100/><V54/><F54/><T3/><D3/><U67/><E67/><V86/><REACH who="2" step="1"/><F109/><REACH who="2" ten="771,120,149,0" step="2"/><N who="0" m="41482" /><D65/><AGARI ba="2,1" hai="62,65,71,75,79,81,86,90,93,99,101,106,132,135" machi="65" ten="40,5200,0" yaku="1,1,24,2,53,0" doraHai="69" doraHaiUra="41" who="2" fromWho="0" sc="771,-56,120,0,149,66,0,0" /><INIT seed="5,0,0,4,2,38" ten="715,120,215,0" oya="1" hai0="48,119,40,135,36,80,67,87,65,57,63,55,116" hai1="113,95,58,104,50,125,47,46,83,33,73,90,97" hai2="35,127,70,128,34,126,109,121,81,39,60,100,79" hai3=""/><U114/><E33/><V52/><N who="2" m="31008" /><V75/><F109/><T72/><D72/><U111/><E111/><V92/><F128/><T99/><D135/><U71/><E71/><V102/><F39/><T86/><D99/><U110/><E110/><V69/><F100/><T54/><D36/><U131/><E131/><V96/><F70/><T64/><D40/><U0/><E0/><V42/><F42/><T112/><D112/><N who="1" m="43115" /><E125/><N who="2" m="47627" /><F52/><T89/><REACH who="0" step="1"/><D87/><REACH who="0" ten="705,120,215,0" step="2"/><U2/><E2/><V1/><F1/><T53/><D53/><U108/><E108/><V123/><N who="2" m="31520" /><V120/><N who="2" m="30752" /><V3/><F3/><T51/><D51/><U115/><E115/><V74/><F74/><T37/><D37/><U124/><E124/><V107/><F35/><T106/><D106/><U45/><E104/><V117/><F34/><T56/><AGARI ba="0,1" hai="48,54,55,56,57,63,64,65,67,80,86,89,116,119" machi="56" ten="30,1500,0" yaku="1,1,0,1,53,0" doraHai="38" doraHaiUra="122" who="0" fromWho="0" sc="705,25,120,-10,215,-5,0,0" /><INIT seed="6,0,0,0,1,61" ten="730,110,210,0" oya="2" hai0="112,40,34,58,44,113,2,130,79,93,86,125,105" hai1="32,73,96,116,76,102,3,74,63,128,91,90,69" hai2="129,39,68,84,50,81,78,48,94,62,135,65,89" hai3=""/><V104/><F135/><T101/><D2/><U37/><E3/><V77/><F129/><T106/><D34/><U1/><E1/><V41/><F104/><T109/><D109/><U99/><E128/><V121/><N who="2" m="31008" /><V66/><F77/><T80/><D125/><U38/><E76/><V75/><REACH who="2" step="1"/><F65/><REACH who="2" ten="730,110,200,0" step="2"/><T111/><D130/><U67/><E32/><V56/><F56/><T87/><D106/><U119/><E69/><V122/><N who="2" m="31264" /><V82/><F82/><T85/><D105/><U123/><N who="1" m="31520" /><U64/><REACH who="1" step="1"/><E63/><REACH who="1" ten="730,100,200,0" step="2"/><V36/><F36/><T35/><D58/><U47/><E47/><AGARI ba="0,2" hai="39,41,47,48,50,62,66,68,75,78,81,84,89,94" m="31264,31008" machi="47" ten="40,18000,2" yaku="1,1,52,3,53,2" doraHai="61" doraHaiUra="45" who="2" fromWho="1" sc="730,0,100,-180,200,200,0,0" owari="730,68.0,-80,-68.0,400,0.0,0,0.0" /></mjloggm>