<mjloggm ver="2.3"><GO type="185" lobby="0"/><UN n0="%74%2E%6F%2E%6F%2E%73" n1="%E3%81%91%E3%81%9D%E3%81%BF%E3%81%9D" n2="%65%6C%75%6C%75" n3="" dan="18,16,16,0" rate="2320.84,2187.89,2210.75,1500.00" sx="M,M,M,C"/><TAIKYOKU oya="0"/><INIT seed="0,0,0,5,3,3" ten="350,350,350,0" oya="0" hai0="58,37,96,45,33,90,95,89,131,71,75,114,88" hai1="80,40,50,108,121,117,85,61,115,69,97,116,84" hai2="98,82,44,134,126,77,73,91,34,112,132,41,43" hai3=""/><T64/><D114/><U120/><N who="1" m="30752" /><U130/><N who="1" m="31008" /><U38/><E115/><V39/><F112/><T59/><D75/><U127/><E38/><V100/><F126/><T36/><D131/><U133/><E130/><V129/><F129/><T62/><D33/><U94/><E127/><V124/><F124/><T92/><D89/><U78/><E108/><V81/><F43/><T110/><D110/><U104/><E104/><V65/><F65/><T54/><D45/><U46/><E85/><V51/><F51/><T102/><D102/><U48/><E133/><V113/><F34/><T72/><D72/><U63/><E50/><V55/><F55/><T122/><N who="0" m="31264" /><T107/><D107/><U57/><E69/><V60/><F60/><T93/><D93/><U79/><E63/><V109/><F113/><T32/><D32/><U52/><E79/><V83/><F109/><T125/><D125/><U70/><E70/><V2/><F2/><T68/><D68/><U111/><E111/><V56/><F77/><T87/><D71/><U67/><E67/><V49/><F73/><T106/><D106/><U101/><AGARI ba="0,0" hai="40,46,48,52,57,61,78,80,84,94,97,101,116,117" m="31008,30752" machi="101" ten="20,6000,1" yaku="0,1,7,1,52,2,54,1" doraHai="3" who="1" fromWho="1" sc="350,-40,350,60,350,-20,0,0" /><INIT seed="1,0,0,1,3,32" ten="310,410,330,0" oya="1" hai0="57,115,60,62,51,74,80,72,34,122,41,42,84" hai1="102,118,39,53,77,73,135,134,108,92,38,56,55" hai2="33,37,101,81,59,46,90,36,100,88,131,83,120" hai3=""/><U35/><E118/><V82/><N who="2" m="30752" /><V98/><F33/><T76/><N who="0" m="31264" /><T44/><D115/><U133/><E35/><V123/><N who="2" m="31520" /><V124/><F131/><T79/><D34/><U65/><E65/><V113/><F113/><T63/><D41/><U129/><E129/><V95/><F124/><T45/><D45/><U75/><E108/><V40/><F36/><N who="1" m="13865" /><E77/><V127/><F127/><T85/><REACH who="0" step="1"/><D57/><REACH who="0" ten="300,410,330,0" step="2"/><U103/><E56/><V104/><REACH who="2" step="1"/><F59/><REACH who="2" ten="300,410,320,0" step="2"/><T64/><D64/><U105/><E135/><V97/><AGARI ba="0,2" hai="37,40,46,81,82,83,88,90,95,97,98,100,101,104" m="31520,30752" machi="97" ten="30,9000,2" yaku="1,1,2,1,0,1,52,2,54,1,53,0" doraHai="32" doraHaiUra="106" who="2" fromWho="2" sc="300,-30,410,-60,320,110,0,0" /><INIT seed="2,0,0,4,3,95" ten="270,350,430,0" oya="2" hai0="64,56,98,48,45,60,70,61,102,43,44,63,1" hai1="112,59,51,55,131,84,122,133,128,134,35,40,85" hai2="116,77,101,132,71,58,96,75,120,97,94,78,47" hai3=""/><V53/><N who="2" m="30752" /><V80/><F116/><T68/><D1/><U111/><N who="1" m="31264" /><U0/><E112/><V32/><F71/><N who="0" m="27178" /><D98/><U37/><E111/><V46/><F32/><T38/><D102/><U67/><E67/><V123/><N who="2" m="31520" /><V72/><F132/><N who="1" m="50793" /><E0/><V50/><F96/><T117/><D117/><U52/><E55/><AGARI ba="0,0" hai="38,43,44,45,48,55,56,60,61,63,64" m="27178" machi="55" ten="30,8000,1" yaku="35,5" doraHai="95" who="0" fromWho="1" sc="270,80,350,-80,430,0,0,0" /><INIT seed="4,0,0,4,2,77" ten="350,270,430,0" oya="0" hai0="67,135,56,35,96,108,126,39,76,1,34,94,38" hai1="111,68,57,46,41,98,120,102,49,122,118,104,131" hai2="121,44,130,47,36,74,124,84,92,3,113,69,40" hai3=""/><T125/><D1/><U48/><N who="1" m="30752" /><U32/><N who="1" m="31264" /><U123/><N who="1" m="31520" /><U117/><E111/><V83/><N who="2" m="31008" /><V100/><F3/><T110/><D135/><U112/><E32/><N who="0" m="12329" /><D76/><U51/><E68/><V133/><F69/><T80/><D80/><U114/><E131/><V65/><F65/><T103/><D67/><U72/><E72/><V105/><F133/><T127/><D56/><U134/><E134/><V119/><F119/><T99/><D99/><U73/><E73/><V89/><F47/><T60/><D60/><U62/><E118/><V0/><F130/><T132/><D132/><U55/><REACH who="1" step="1"/><E117/><REACH who="1" ten="350,260,430,0" step="2"/><V70/><F70/><T85/><D108/><U66/><E66/><V129/><F129/><T71/><D110/><U88/><E88/><V109/><F109/><T53/><D71/><U50/><AGARI ba="0,1" hai="41,46,48,49,50,51,55,57,62,98,102,104,112,114" m="31520,31264,30752" machi="50" ten="30,6000,1" yaku="1,1,0,1,52,3,53,0" doraHai="77" doraHaiUra="63" who="1" fromWho="1" sc="350,-40,260,70,430,-20,0,0" /><INIT seed="5,0,0,3,5,50" ten="310,330,410,0" oya="1" hai0="33,56,109,38,44,101,87,76,68,79,52,54,123" hai1="55,75,108,93,110,84,71,47,132,92,117,90,43" hai2="111,91,69,37,96,80,61,120,74,41,48,82,85" hai3=""/><U62/><E117/><V36/><N who="2" m="30752" /><V112/><F111/><N who="1" m="42537" /><E75/><V124/><F124/><T73/><N who="0" m="31520" /><T34/><D109/><U133/><E93/><V0/><F0/><T39/><D68/><U98/><E84/><V32/><F32/><T97/><D73/><U66/><E55/><V1/><F1/><T51/><D34/><U113/><E113/><V57/><F96/><T83/><D76/><U72/><E72/><V126/><F126/><T2/><D2/><U46/><E46/><V88/><F112/><T103/><D33/><U107/><E107/><V100/><F74/><T63/><D103/><U122/><N who="1" m="31264" /><U128/><E128/><V49/><F100/><T81/><D83/><U114/><E114/><V131/><F131/><T70/><D70/><U3/><E3/><V35/><F69/><T127/><D127/><U42/><E42/><V86/><F41/><T77/><D77/><U129/><E129/><V99/><F35/><T134/><D134/><U40/><E40/><V53/><F99/><T125/><D125/><U94/><E94/><AGARI ba="0,0" hai="38,39,44,51,52,54,56,63,79,81,87,94,97,101" m="31520" machi="94" ten="30,8000,1" yaku="7,1,52,3,54,1" doraHai="50" who="0" fromWho="1" sc="310,80,330,-80,410,0,0,0" /><INIT seed="6,0,0,1,5,43" ten="390,250,410,0" oya="2" hai0="49,79,82,1,93,73,91,118,61,40,36,129,123" hai1="52,48,57,133,115,60,80,75,3,114,117,51,81" hai2="66,134,95,71,108,2,101,32,78,35,88,39,46" hai3=""/><V126/><F2/><T96/><N who="0" m="31520" /><T109/><D109/><U102/><E3/><V64/><F78/><T125/><D1/><U94/><E133/><V97/><F134/><T65/><D118/><U111/><E111/><V90/><F108/><T42/><D129/><U84/><E117/><V74/><F74/><T68/><D36/><U103/><E75/><V132/><F132/><T33/><D33/><U119/><E119/><V87/><F90/><T62/><D125/><U59/><E94/><V122/><N who="2" m="31264" /><V121/><N who="2" m="31008" /><V0/><F0/><T110/><D110/><U72/><E72/><V55/><F126/><T100/><D49/><U67/><E51/><V54/><F32/><T106/><D62/><U99/><E81/><V37/><F35/><T41/><D41/><U70/><E70/><V76/><F76/><T69/><D69/><U116/><E116/><V56/><F37/><T86/><AGARI ba="0,0" hai="40,42,61,65,68,73,79,82,86,91,93,96,100,106" m="31520" machi="86" ten="20,6000,1" yaku="0,1,7,1,24,2,52,1" doraHai="43" who="0" fromWho="0" sc="390,60,250,-20,410,-40,0,0" owari="450,40.0,230,-37.0,370,-3.0,0,0.0" /></mjloggm>