<mjloggm ver="2.3"><GO type="169" lobby="0"/><UN n0="%E3%81%BE%E3%81%81%E3%81%8C%E3%82%8A%E3%82%93" n1="%E3%81%A1%E3%82%87%E3%82%8A%E3%81%8A" n2="%E3%82%AB%E3%82%B6%E3%83%A9%E3%82%AD" n3="%E3%81%8B%E3%81%A3%E3%81%95%E3%83%BC" dan="16,16,18,17" rate="2133.16,2073.44,2244.34,2130.91" sx="M,M,M,M"/><TAIKYOKU oya="0"/><INIT seed="0,0,0,3,2,59" ten="250,250,250,250" oya="0" hai0="30,71,11,78,63,69,41,50,65,124,66,55,22" hai1="52,118,81,49,32,10,90,51,25,130,64,107,108" hai2="6,121,9,19,112,37,73,110,84,1,132,23,68" hai3="79,57,125,7,103,38,17,56,36,21,86,40,24"/><T4/><D78/><U102/><E118/><V31/><F73/><W15/><G125/><T27/><D41/><U72/><E64/><V85/><F112/><W133/><G133/><T87/><D87/><U129/><E108/><V89/><F110/><W29/><G103/><T99/><D99/><U135/><E135/><V76/><F132/><W58/><G7/><T120/><D120/><U70/><E70/><V105/><F105/><W100/><BYE who="2" /><G100/><T39/><D39/><U92/><E10/><V104/><F104/><W128/><G128/><UN n2="%E3%82%AB%E3%82%B6%E3%83%A9%E3%82%AD" /><T117/><D117/><U126/><E49/><V134/><F37/><W48/><G48/><T43/><D43/><U114/><E126/><V42/><F42/><W16/><G17/><T13/><D124/><U44/><E114/><V8/><F68/><W33/><REACH who="3" step="1"/><G40/><REACH who="3" ten="250,250,250,240" step="2"/><T20/><D71/><U101/><E107/><V95/><F134/><W34/><G34/><T131/><D131/><U14/><E129/><V54/><F6/><W75/><G75/><T3/><D3/><U62/><E72/><V111/><F1/><W109/><G109/><T119/><D119/><U116/><E116/><V47/><F19/><W80/><AGARI ba="0,1" hai="15,16,21,24,29,33,36,38,56,57,58,79,80,86" machi="80" ten="30,12000,2" yaku="1,1,0,1,54,1,53,3" doraHai="59" doraHaiUra="53" who="3" fromWho="3" sc="250,-60,250,-30,250,-30,240,130" /><INIT seed="1,0,0,5,5,101" ten="190,220,220,370" oya="1" hai0="134,132,127,50,90,18,77,65,100,92,112,133,86" hai1="66,78,53,128,24,120,130,59,115,5,88,43,83" hai2="84,62,82,13,6,30,68,124,7,80,1,0,28" hai3="105,104,87,52,46,51,45,60,63,108,49,35,48"/><U94/><E120/><V41/><F124/><W23/><G35/><T135/><D112/><U109/><E115/><V10/><F41/><W113/><G113/><T27/><D127/><U89/><E43/><V20/><F68/><W15/><G108/><T116/><D116/><U40/><E40/><V71/><F71/><W93/><G63/><T81/><D65/><U8/><E66/><V119/><F62/><W73/><G73/><T11/><D50/><U102/><E24/><V125/><F125/><W107/><G60/><T55/><D55/><U97/><E53/><V110/><F110/><W106/><N who="3" m="26624" /><DORA hai="121" /><W29/><G29/><T117/><D100/><U122/><E59/><V111/><F119/><W75/><G75/><T32/><D117/><U103/><E103/><V26/><F111/><W22/><G15/><T91/><D92/><U61/><E61/><V57/><F57/><W38/><G38/><T39/><D39/><U85/><E122/><V2/><F82/><W31/><G31/><N who="2" m="11817" /><F84/><W19/><G52/><T79/><D32/><U54/><E54/><V9/><F80/><W98/><G87/><T36/><D36/><U123/><E123/><V129/><F129/><N who="1" m="49769" /><E109/><V69/><F69/><W131/><G131/><T99/><N who="0" m="33792" /><DORA hai="17" /><T33/><D33/><U72/><E72/><V44/><F44/><W58/><G58/><T118/><D118/><U37/><E37/><V114/><F114/><W64/><G64/><T70/><D70/><U56/><E56/><V96/><F96/><W21/><G46/><T16/><D99/><U74/><E74/><V25/><F25/><RYUUKYOKU ba="0,0" sc="190,-15,220,15,220,15,370,-15" hai1="5,8,78,83,85,88,89,94,97,102" hai2="0,1,2,6,7,9,10,13,20,26" /><INIT seed="1,1,0,5,1,77" ten="175,235,235,355" oya="1" hai0="0,112,134,91,66,46,106,75,52,65,47,15,72" hai1="103,10,90,127,111,83,62,128,32,100,74,115,55" hai2="84,6,102,88,117,133,130,69,41,67,86,87,118" hai3="68,19,53,20,35,14,104,119,120,22,99,16,17"/><U70/><E115/><V122/><F122/><W92/><G120/><T59/><D0/><U57/><E32/><V82/><F41/><W38/><G35/><T123/><D106/><U96/><E70/><V60/><F130/><W54/><G119/><T9/><D112/><U131/><E127/><V30/><F133/><W93/><G38/><T132/><D123/><U95/><E111/><V48/><F30/><W31/><G68/><T71/><D91/><U44/><E10/><V80/><F86/><W28/><G104/><T97/><D97/><U126/><E126/><V42/><F102/><W18/><G92/><T121/><D121/><U37/><E37/><V29/><F29/><N who="3" m="11339" /><G22/><T125/><D125/><U51/><E100/><AGARI ba="1,0" hai="14,16,17,18,19,20,53,54,93,99,100" m="11339" machi="100" ten="30,2000,0" yaku="8,1,54,1" doraHai="77" who="3" fromWho="1" sc="175,0,235,-23,235,0,355,23" /><INIT seed="2,0,0,5,4,93" ten="175,212,235,378" oya="2" hai0="32,103,134,35,86,114,72,33,48,118,29,8,109" hai1="125,22,126,127,7,123,30,94,37,41,67,13,61" hai2="46,117,68,20,87,63,56,112,39,55,23,106,131" hai3="77,133,76,42,130,105,69,119,59,78,2,64,1"/><V92/><F106/><W122/><G119/><T38/><D72/><U45/><E123/><V107/><F117/><W74/><G74/><T15/><D38/><U102/><E7/><V9/><F107/><W80/><G69/><T91/><D118/><U25/><E13/><V70/><F112/><W88/><G122/><T28/><D103/><U3/><E3/><V6/><F131/><W111/><G111/><T83/><D114/><U90/><E102/><V49/><F68/><W81/><G105/><T66/><D109/><U99/><E61/><V115/><F115/><W4/><G133/><T50/><D66/><AGARI ba="0,0" hai="22,25,30,37,41,45,66,67,90,94,99,125,126,127" machi="66" ten="40,2600,0" yaku="18,1,52,1" doraHai="93" who="1" fromWho="0" sc="175,-26,212,26,235,0,378,0" /><INIT seed="3,0,0,4,4,120" ten="149,238,235,378" oya="3" hai0="53,105,31,93,52,133,73,66,131,30,47,98,7" hai1="48,17,25,60,65,122,119,29,68,81,35,127,61" hai2="46,72,33,69,23,109,83,77,111,70,59,42,117" hai3="84,14,106,4,90,130,15,113,34,10,88,55,64"/><W32/><G113/><T36/><D105/><U49/><E122/><V87/><F117/><W26/><G130/><T50/><D73/><U22/><E127/><V114/><F114/><W82/><G106/><T74/><D74/><U94/><E119/><V91/><F33/><W38/><G38/><T75/><D75/><U40/><E40/><V95/><F59/><W6/><G64/><T116/><D116/><U103/><E81/><V13/><F23/><W110/><G110/><N who="2" m="41993" /><F13/><W132/><G132/><T3/><D36/><AGARI ba="0,0" hai="36,42,46,69,70,72,77,83,87,91,95" m="41993" machi="36" ten="30,7700,0" yaku="14,1,52,3" doraHai="120" who="2" fromWho="0" sc="149,-77,238,0,235,77,378,0" /><INIT seed="4,0,0,3,2,79" ten="72,238,312,378" oya="0" hai0="77,26,58,73,60,112,5,48,118,119,81,92,116" hai1="56,86,133,65,72,50,53,8,84,21,64,4,3" hai2="109,19,67,44,127,40,90,37,124,6,11,17,107" hai3="16,98,132,27,131,49,30,39,36,94,129,69,46"/><T75/><D112/><U34/><E34/><V76/><F107/><W38/><G69/><T110/><D110/><U2/><E72/><V0/><F109/><W117/><G117/><T135/><D135/><U102/><E3/><V18/><F67/><W106/><G106/><T78/><D5/><U91/><E102/><V120/><F120/><W108/><G108/><T61/><D92/><U89/><E133/><V111/><F111/><W42/><G132/><T70/><D26/><U23/><E23/><V82/><REACH who="2" step="1"/><F90/><REACH who="2" ten="72,238,302,378" step="2"/><W47/><G129/><T95/><D70/><U35/><E65/><V63/><F63/><W68/><G68/><T88/><D77/><U87/><E64/><V14/><F14/><W97/><G131/><T96/><REACH who="0" step="1"/><D75/><AGARI ba="0,1" hai="0,6,11,17,18,19,37,40,44,75,76,82,124,127" machi="75" ten="40,8000,1" yaku="1,1,25,2,52,1,53,0" doraHai="79" doraHaiUra="10" who="2" fromWho="0" sc="72,-80,238,0,302,90,378,0" owari="-8,-51.0,238,-16.0,392,49.0,378,18.0" /></mjloggm>