<mjloggm ver="2.3"><GO type="169" lobby="0"/><UN n0="%E3%83%80%E3%83%8B%E3%83%90%E3%83%81%E3%83%A7%E3%83%95" n1="%48%79" n2="%E3%81%97%E3%82%89%E3%81%84%E3%81%97%E3%81%BE%E3%81%84" n3="%E8%B1%86%E3%83%80%E3%83%9E%E8%AD%A6%E5%AF%9F" dan="16,17,17,16" rate="2094.82,2184.05,2281.65,2134.17" sx="M,F,M,M"/><TAIKYOKU oya="0"/><INIT seed="0,0,0,4,0,124" ten="250,250,250,250" oya="0" hai0="67,9,0,113,40,135,108,77,7,91,34,90,95" hai1="79,44,51,13,4,104,110,111,129,50,127,17,88" hai2="69,89,105,122,68,96,42,29,47,48,45,132,125" hai3="123,78,58,18,133,64,37,119,103,81,22,10,101"/><T114/><D135/><U31/><E127/><V126/><F132/><W61/><G119/><T28/><D108/><N who="1" m="41515" /><E104/><V12/><F122/><W1/><G133/><T70/><D77/><U59/><E79/><V131/><F29/><W76/><G37/><T52/><D40/><U21/><E31/><V84/><F105/><W109/><G78/><T93/><D67/><U82/><E59/><V35/><F96/><W72/><G123/><T53/><D70/><U3/><E129/><V14/><F35/><W106/><G106/><T39/><D39/><U63/><E63/><V71/><F131/><W30/><G30/><T134/><D134/><U120/><E120/><V116/><F116/><W43/><G43/><T97/><D114/><U118/><E118/><V33/><F33/><W11/><G11/><T99/><REACH who="0" step="1"/><D113/><REACH who="0" ten="240,250,250,250" step="2"/><U128/><E128/><V92/><F125/><W23/><G109/><T98/><D98/><U115/><E115/><V15/><F126/><W86/><G72/><T5/><D5/><U75/><E75/><V121/><F121/><W54/><G64/><T60/><D60/><U87/><E44/><V41/><REACH who="2" step="1"/><F69/><REACH who="2" ten="240,250,240,250" step="2"/><W19/><G61/><T107/><D107/><U55/><E55/><V46/><F46/><W2/><G54/><T73/><D73/><U36/><E36/><AGARI ba="0,2" hai="12,14,15,36,41,42,45,47,48,68,71,84,89,92" machi="36" ten="40,1300,0" yaku="1,1,53,0" doraHai="124" doraHaiUra="62" who="2" fromWho="1" sc="240,0,250,-13,240,33,250,0" /><INIT seed="1,0,0,4,5,57" ten="240,237,273,250" oya="1" hai0="107,82,42,124,22,43,81,41,56,87,72,106,120" hai1="70,18,84,5,92,125,61,115,94,88,133,15,14" hai2="31,90,10,55,105,67,30,103,59,34,60,85,130" hai3="91,69,64,32,52,26,112,98,76,86,9,63,99"/><U29/><E115/><V49/><F130/><W2/><G112/><T3/><D124/><U66/><E133/><V28/><F10/><W37/><G37/><T79/><D120/><U95/><E125/><V25/><F103/><W7/><G76/><T36/><D36/><U19/><E5/><V128/><F105/><W44/><G32/><T78/><D3/><U1/><E1/><V131/><F131/><W38/><G26/><T33/><D33/><U127/><E29/><V45/><REACH who="2" step="1"/><F128/><REACH who="2" ten="240,237,263,250" step="2"/><W46/><G46/><T21/><D107/><U6/><E127/><V48/><F48/><W75/><G75/><T77/><D106/><U123/><E123/><V17/><F17/><W96/><G38/><T39/><D39/><U58/><E6/><V62/><F62/><W132/><G132/><T118/><D118/><U108/><E108/><V89/><F89/><W68/><G68/><T8/><D8/><N who="1" m="6471" /><E70/><V74/><F74/><W110/><G110/><T24/><D78/><U104/><E104/><V126/><F126/><W65/><G69/><T135/><D135/><U83/><E95/><AGARI ba="0,1" hai="25,28,30,31,34,45,49,55,59,60,67,85,90,95" machi="95" ten="30,7700,0" yaku="1,1,7,1,52,1,53,1" doraHai="57" doraHaiUra="54" who="2" fromWho="1" sc="240,0,237,-77,263,87,250,0" /><INIT seed="2,0,0,2,1,66" ten="240,160,350,250" oya="2" hai0="12,36,89,46,129,97,49,7,35,94,110,98,48" hai1="71,80,67,0,107,100,117,77,91,78,30,73,104" hai2="105,27,79,99,121,42,84,72,90,2,88,123,69" hai3="39,119,118,3,18,131,13,10,92,134,33,16,111"/><V126/><F2/><W37/><G37/><T56/><D110/><U15/><E0/><V113/><F42/><W115/><G39/><T124/><D124/><U20/><E117/><V47/><F47/><W51/><G111/><T8/><D129/><U60/><E77/><V101/><F69/><W83/><G131/><T116/><D116/><U34/><E100/><V38/><F27/><W82/><G134/><T95/><D35/><U106/><E91/><V24/><F24/><W127/><G127/><T25/><D25/><U70/><E34/><V55/><F55/><W81/><G33/><T58/><D49/><U21/><E30/><V109/><F38/><W43/><G115/><T102/><REACH who="0" step="1"/><D36/><REACH who="0" ten="230,160,350,250" step="2"/><U19/><REACH who="1" step="1"/><E21/><REACH who="1" ten="230,150,350,250" step="2"/><V96/><F109/><W54/><G118/><T1/><D1/><U4/><E4/><V23/><F23/><W135/><G119/><T17/><D17/><U57/><AGARI ba="0,2" hai="15,19,20,57,60,67,70,71,73,78,80,104,106,107" machi="57" ten="30,7900,0" yaku="1,1,0,1,52,2,53,0" doraHai="66" doraHaiUra="86" who="1" fromWho="1" sc="230,-20,150,99,350,-39,250,-20" /><INIT seed="3,0,0,3,4,52" ten="210,249,311,230" oya="3" hai0="91,69,127,95,87,71,64,12,44,9,39,101,78" hai1="94,122,110,135,55,117,53,79,67,70,29,99,106" hai2="132,60,107,90,31,98,24,113,116,112,96,30,40" hai3="50,54,76,59,8,84,61,123,56,28,129,93,65"/><W46/><G123/><T134/><D134/><U25/><E122/><V41/><F116/><W92/><G129/><T72/><D127/><U57/><E135/><V109/><F109/><W49/><G28/><T1/><D1/><U11/><E106/><V47/><F132/><W77/><G8/><T114/><D114/><U3/><E110/><V66/><F41/><W120/><G120/><T128/><D128/><U19/><E70/><V124/><F30/><W118/><G118/><T48/><D39/><U82/><E117/><V13/><F13/><W83/><G77/><T4/><D101/><U34/><E67/><V130/><F98/><W23/><G23/><T125/><D125/><U35/><E34/><V111/><F111/><W58/><G58/><T16/><D64/><U38/><E38/><V32/><F124/><W80/><G80/><T33/><D33/><U10/><E53/><AGARI ba="0,0" hai="46,49,50,53,54,56,59,61,65,76,83,84,92,93" machi="53" ten="30,11600,0" yaku="7,1,8,1,52,2" doraHai="52" who="3" fromWho="1" sc="210,0,249,-116,311,0,230,116" /><INIT seed="3,1,0,2,3,9" ten="210,133,311,346" oya="3" hai0="96,70,48,35,133,29,14,68,50,108,92,66,112" hai1="75,134,107,95,16,46,10,24,89,20,97,124,7" hai2="61,85,57,49,113,64,94,56,110,60,4,59,135" hai3="132,42,28,1,90,58,103,99,130,69,101,12,33"/><W47/><G1/><T40/><D108/><U52/><E134/><V17/><F113/><W19/><G69/><T31/><D133/><U91/><E75/><V76/><F110/><W128/><G132/><T54/><D112/><U119/><E124/><V44/><F135/><W2/><G2/><T45/><D35/><U126/><E126/><V32/><F32/><W0/><G0/><T38/><D50/><N who="1" m="28759" /><E107/><V30/><F30/><W123/><G123/><T36/><D36/><U125/><E125/><V116/><F116/><W6/><G6/><T78/><D78/><U22/><E119/><V104/><F104/><W8/><G90/><T11/><D66/><U114/><E22/><V39/><F39/><W55/><G28/><T118/><D70/><U74/><E74/><V21/><F4/><W34/><G103/><T81/><D81/><U72/><E72/><V25/><F61/><W73/><G73/><T5/><D68/><U86/><E114/><V71/><F76/><W62/><G128/><T23/><D23/><U111/><E111/><V82/><F94/><W105/><REACH who="3" step="1"/><G130/><REACH who="3" ten="210,133,311,336" step="2"/><T3/><D3/><U63/><E91/><N who="2" m="51639" /><F71/><W41/><G41/><AGARI ba="1,1" hai="17,21,25,41,44,49,56,57,59,60,64" m="51639" machi="41" ten="30,1000,0" yaku="8,1" doraHai="9" who="2" fromWho="3" sc="210,0,133,0,311,23,336,-13" /><INIT seed="4,0,0,0,5,89" ten="210,133,334,323" oya="0" hai0="7,93,8,0,101,37,83,73,4,119,120,6,54" hai1="22,38,33,70,26,92,27,57,29,1,128,104,112" hai2="116,95,124,75,108,23,97,47,125,16,39,131,121" hai3="56,43,86,78,46,133,49,126,5,31,130,90,63"/><T115/><D115/><U106/><E70/><V111/><F75/><W60/><G133/><T68/><D120/><U25/><E128/><V84/><F116/><W109/><G109/><T61/><D119/><U85/><E38/><V123/><F84/><W36/><G130/><T21/><D37/><U76/><E1/><V100/><F47/><W32/><G126/><N who="2" m="48745" /><F39/><W67/><G5/><T18/><D83/><U114/><E27/><N who="2" m="14823" /><F131/><W12/><G78/><T74/><D73/><U105/><E57/><V80/><F80/><W28/><G32/><T11/><D74/><U58/><E58/><V127/><N who="2" m="48753" /><V30/><DORA hai="55" /><F30/><W62/><G62/><T107/><D0/><U69/><E69/><V88/><F100/><W35/><G35/><T65/><D54/><U52/><E52/><V71/><F71/><W77/><G77/><T19/><D101/><U87/><E76/><V96/><F96/><W9/><G63/><T34/><D61/><U79/><E79/><V134/><F134/><W94/><G36/><T91/><D68/><U14/><E85/><V132/><F132/><W51/><G51/><T81/><D81/><U24/><E87/><V82/><F82/><W20/><G20/><T122/><D21/><U66/><E33/><V10/><F10/><W72/><G72/><T129/><D11/><U44/><E22/><V17/><F17/><N who="3" m="8335" /><G43/><T59/><D34/><U110/><E29/><V41/><F41/><W48/><G48/><T40/><D40/><U117/><E117/><V135/><F135/><W45/><G49/><T2/><D129/><U98/><E114/><RYUUKYOKU ba="0,0" sc="210,-15,133,-15,334,15,323,15" hai2="88,95,97,108,111,121,123" hai3="28,31,45,46,56,60,67,86,90,94" /><INIT seed="5,1,0,4,1,106" ten="195,118,349,338" oya="1" hai0="105,32,34,28,58,66,88,74,4,43,80,132,53" hai1="103,6,86,5,99,16,46,98,90,104,121,42,3" hai2="40,8,25,120,109,60,81,17,10,44,125,52,13" hai3="35,1,91,12,19,20,56,57,95,84,59,123,39"/><U72/><E121/><V102/><F109/><W116/><G123/><T65/><D105/><U110/><E110/><V7/><F120/><W64/><G116/><T61/><D132/><U27/><E3/><V101/><F125/><W71/><G39/><T23/><D43/><U112/><E112/><V77/><F25/><W55/><G35/><T69/><D4/><U36/><E99/><V22/><F22/><W33/><G33/><T135/><D66/><U67/><E72/><V124/><F124/><W82/><G1/><T131/><D131/><U100/><E100/><V26/><F26/><W68/><G64/><T18/><D28/><U118/><E67/><V0/><F52/><W127/><G127/><T24/><D135/><U31/><E118/><V2/><F60/><W85/><G71/><T130/><D130/><U128/><E16/><V73/><REACH who="2" step="1"/><F0/><REACH who="2" ten="195,118,339,338" step="2"/><W54/><G68/><T38/><D34/><U122/><E122/><V47/><F47/><W129/><G129/><T78/><D32/><U21/><REACH who="1" step="1"/><E128/><REACH who="1" ten="195,108,339,338" step="2"/><V134/><F134/><W96/><G96/><T14/><D65/><U63/><E63/><V62/><F62/><W37/><G55/><T117/><D69/><U93/><AGARI ba="1,2" hai="5,6,21,27,31,36,42,46,86,90,93,98,103,104" machi="93" ten="20,3900,0" yaku="1,1,0,1,7,1,53,0" doraHai="106" doraHaiUra="49" who="1" fromWho="1" sc="195,-14,108,62,339,-14,338,-14" /><INIT seed="5,2,0,0,0,111" ten="181,170,325,324" oya="1" hai0="114,127,37,132,7,122,53,60,121,38,128,62,58" hai1="73,82,85,48,44,27,14,92,96,77,110,97,98" hai2="129,20,106,30,130,119,25,22,3,74,43,63,86" hai3="49,57,90,23,2,135,64,4,88,33,95,9,84"/><U113/><E110/><V51/><F74/><W11/><G135/><T65/><D132/><U0/><E0/><V15/><F106/><W46/><G33/><T134/><D7/><U83/><E113/><V18/><F119/><W24/><G2/><T120/><D134/><U94/><E14/><V13/><F3/><W69/><G69/><N who="0" m="42151" /><D128/><N who="2" m="49258" /><F63/><N who="3" m="37999" /><G90/><T66/><D127/><U12/><E12/><N who="2" m="9287" /><F86/><W54/><G4/><T108/><D108/><U124/><E27/><V26/><F51/><W61/><G61/><N who="0" m="36047" /><D114/><U118/><E124/><V112/><F43/><W5/><G5/><T39/><D38/><U42/><REACH who="1" step="1"/><E118/><REACH who="1" ten="181,160,325,324" step="2"/><V125/><F125/><W81/><G9/><T41/><D41/><U31/><E31/><N who="2" m="17847" /><F112/><W36/><G11/><T55/><D55/><U71/><E71/><AGARI ba="2,1" hai="37,39,62,66,71,120,121,122" m="36047,42151" machi="71" ten="30,3900,0" yaku="13,1,34,2" doraHai="111" who="0" fromWho="1" sc="181,55,160,-45,325,0,324,0" /><INIT seed="6,0,0,5,1,9" ten="236,115,325,324" oya="2" hai0="119,129,49,26,67,24,31,113,74,45,123,99,73" hai1="127,0,86,11,110,134,109,91,103,53,71,88,96" hai2="65,100,133,112,62,104,43,21,97,93,33,114,52" hai3="135,87,25,30,50,48,124,12,121,128,28,95,94"/><V13/><F133/><W64/><G121/><T132/><D123/><U29/><E134/><V57/><F33/><W23/><G135/><T80/><D132/><U4/><E127/><V46/><F104/><W78/><G124/><T3/><D3/><U101/><E71/><V106/><F106/><W10/><G128/><T111/><D111/><U92/><E29/><V66/><F21/><W77/><G64/><T8/><D129/><U108/><REACH who="1" step="1"/><E53/><REACH who="1" ten="236,105,325,324" step="2"/><V79/><F114/><W98/><G30/><T116/><D31/><U82/><AGARI ba="0,1" hai="0,4,11,82,86,88,91,92,96,101,103,108,109,110" machi="82" ten="30,7900,0" yaku="1,1,2,1,0,1,54,1,53,0" doraHai="9" doraHaiUra="15" who="1" fromWho="1" sc="236,-20,105,89,325,-39,324,-20" /><INIT seed="7,0,0,5,1,11" ten="216,194,286,304" oya="3" hai0="70,35,79,47,16,125,0,71,122,25,24,58,129" hai1="100,128,120,131,85,31,113,10,107,87,105,23,15" hai2="33,3,64,18,121,54,112,9,63,34,103,41,97" hai3="73,101,56,109,91,39,72,61,84,78,116,21,62"/><W133/><G116/><T82/><D122/><U92/><E120/><V123/><F112/><W32/><G32/><T77/><D0/><U83/><E113/><V40/><F54/><W2/><G2/><T68/><D129/><N who="1" m="49739" /><E23/><V53/><F53/><W22/><G39/><T81/><D125/><U93/><E31/><V119/><F119/><W65/><G78/><T134/><D134/><U52/><E52/><V124/><F124/><W5/><G5/><T55/><D47/><U14/><E10/><V130/><F130/><W4/><G4/><T57/><D35/><U46/><E46/><V17/><F3/><W89/><G101/><T115/><D115/><U86/><E83/><V1/><F1/><W36/><G36/><T118/><D118/><U88/><E100/><V74/><F74/><W27/><G73/><T19/><D55/><U96/><E92/><N who="2" m="58791" /><F34/><W49/><G21/><T7/><D71/><U29/><E29/><V48/><F33/><W42/><G62/><T117/><D117/><U44/><E44/><N who="2" m="25607" /><F41/><W127/><G127/><T38/><D38/><U50/><E50/><V75/><F75/><W26/><G72/><T99/><D7/><U90/><E90/><V80/><F80/><N who="3" m="49287" /><G91/><T114/><D114/><U28/><E28/><V8/><F121/><W108/><G22/><T110/><D110/><N who="3" m="42601" /><G42/><T13/><D13/><AGARI ba="0,0" hai="13,14,15,85,86,87,88,93,96,105,107" m="49739" machi="13" ten="30,8000,1" yaku="19,1,52,3,54,1" doraHai="11" who="1" fromWho="0" sc="216,-80,194,80,286,0,304,0" owari="136,-36.0,274,-13.0,286,9.0,304,40.0" /></mjloggm>