<mjloggm ver="2.3"><GO type="169" lobby="0"/><UN n0="%E8%88%B9%E8%A6%8B%E7%B5%90%E8%A1%A3" n1="%E3%81%88%E3%81%99%E3%81%9F%E3%81%BE%E3%82%8B" n2="%E3%82%B3%E3%83%BC%E3%83%97%E3%83%A9%E3%83%B3%E3%83%89" n3="%E3%81%92%E3%82%93%E3%81%BE%E3%81%84" dan="17,17,17,16" rate="2151.44,2249.97,2171.03,2123.39" sx="F,M,M,M"/><TAIKYOKU oya="0"/><INIT seed="0,0,0,4,3,68" ten="250,250,250,250" oya="0" hai0="57,53,23,97,105,86,126,44,24,37,88,128,64" hai1="79,3,59,98,96,92,81,89,83,6,25,45,58" hai2="22,30,35,62,70,131,71,0,73,127,82,85,27" hai3="77,114,104,41,78,133,119,63,5,19,26,107,91"/><T61/><D128/><U122/><E122/><V9/><F131/><W99/><G114/><T13/><D126/><U65/><E3/><V110/><F110/><W11/><G119/><T16/><D105/><U87/><E6/><V43/><F127/><W60/><G133/><T103/><D103/><U12/><E12/><V112/><F73/><W100/><G104/><T116/><D116/><U84/><E65/><V21/><F112/><W18/><G41/><T28/><D97/><U108/><E108/><V29/><F43/><W55/><G78/><T38/><D64/><U36/><E98/><V125/><F62/><W32/><G77/><T72/><D72/><U69/><E69/><V4/><F125/><W132/><G91/><T80/><REACH who="0" step="1"/><D44/><REACH who="0" ten="240,250,250,250" step="2"/><U33/><E45/><V34/><F71/><W123/><G99/><T117/><D117/><U130/><E130/><V47/><F70/><W75/><G100/><T17/><D17/><U10/><E59/><V124/><F47/><W42/><G19/><T66/><D66/><U109/><E58/><V129/><F124/><W120/><G18/><T115/><D115/><U101/><E109/><V121/><F129/><W134/><G107/><T15/><D15/><U106/><E106/><V7/><F121/><W135/><G123/><T95/><D95/><U93/><E92/><V51/><F0/><W67/><G120/><T49/><D49/><U2/><E2/><N who="2" m="151" /><F51/><W50/><G50/><T39/><D39/><U118/><E36/><V46/><F46/><W40/><G134/><T54/><D54/><U20/><E118/><V111/><F111/><RYUUKYOKU ba="0,1" sc="240,30,250,-10,250,-10,250,-10" hai0="13,16,23,24,28,37,38,53,57,61,80,86,88" /><INIT seed="0,1,1,2,4,131" ten="270,240,240,240" oya="0" hai0="27,41,127,54,61,92,66,0,46,67,26,102,8" hai1="88,117,22,72,116,63,98,59,64,5,9,28,113" hai2="106,58,10,25,107,75,51,83,38,45,44,134,114" hai3="62,15,56,7,129,97,53,2,82,112,3,101,128"/><T135/><D127/><U71/><E113/><V111/><F114/><W109/><G112/><T91/><D102/><U79/><E71/><V81/><F111/><W21/><G109/><T76/><D76/><U24/><E72/><V84/><F75/><W6/><G82/><T99/><D67/><U74/><E74/><V20/><F10/><W133/><G21/><T23/><D54/><U122/><E79/><V11/><F11/><N who="3" m="4607" /><G6/><T78/><D0/><U37/><E37/><V48/><F58/><W60/><G60/><T87/><D8/><U16/><E122/><V124/><F38/><W118/><G118/><T119/><D119/><U103/><E28/><V115/><F81/><W73/><G73/><T30/><D27/><U17/><E17/><V1/><F1/><W110/><G110/><T94/><D78/><U55/><E64/><V43/><F124/><W50/><G62/><T120/><D120/><U100/><E100/><V125/><F125/><W52/><G53/><T105/><D105/><U12/><E103/><V104/><F115/><W42/><G42/><T36/><D99/><U96/><E98/><V32/><F32/><W65/><G65/><T69/><REACH who="0" step="1"/><D94/><AGARI ba="1,1" hai="5,9,12,16,22,24,55,59,63,88,94,96,116,117" machi="94" ten="40,8000,1" yaku="25,2,54,2" doraHai="131" who="1" fromWho="0" sc="270,-83,240,93,240,0,240,0" /><INIT seed="1,0,0,0,5,80" ten="187,333,240,240" oya="1" hai0="58,103,60,51,134,68,44,16,31,39,3,81,111" hai1="50,57,83,18,21,2,123,52,42,118,36,14,93" hai2="86,0,75,15,77,46,38,82,20,78,26,107,40" hai3="104,66,115,65,1,112,48,101,131,70,33,43,71"/><U91/><E118/><V122/><F122/><W27/><G1/><T129/><D3/><U11/><E123/><V73/><F0/><W25/><G131/><T116/><D116/><U126/><E126/><V5/><F107/><W53/><G43/><T9/><D111/><U45/><E2/><V128/><F128/><W29/><G25/><T124/><D129/><U98/><REACH who="1" step="1"/><E83/><REACH who="1" ten="187,323,240,240" step="2"/><V135/><F82/><W28/><G115/><T67/><D124/><U32/><E32/><V97/><F135/><W95/><G33/><T130/><D134/><U24/><E24/><V13/><F26/><W55/><G27/><T76/><D130/><U72/><E72/><V109/><F75/><W87/><G112/><T12/><D31/><U22/><AGARI ba="0,1" hai="11,14,18,21,22,36,42,45,50,52,57,91,93,98" machi="22" ten="30,6000,0" yaku="1,1,0,1,54,1,53,0" doraHai="80" doraHaiUra="64" who="1" fromWho="1" sc="187,-20,323,70,240,-20,240,-20" /><INIT seed="1,1,0,1,0,29" ten="167,393,220,220" oya="1" hai0="109,131,121,101,126,41,76,97,118,112,34,99,47" hai1="13,43,55,78,81,77,27,129,2,88,15,64,122" hai2="14,73,127,95,17,18,71,133,116,45,33,120,74" hai3="54,53,111,90,124,68,38,113,85,25,28,32,37"/><U3/><E122/><V19/><F116/><W66/><G113/><T82/><D112/><U8/><E129/><V119/><F119/><W135/><G111/><T79/><D118/><U16/><E64/><V115/><F120/><W108/><G108/><T65/><D109/><U49/><E43/><V39/><F71/><W7/><G124/><T59/><D121/><U102/><E102/><V63/><F133/><W132/><G7/><T46/><D131/><U0/><E27/><V57/><F127/><W20/><G20/><T134/><D126/><U80/><E15/><V98/><F33/><W106/><G106/><T58/><D134/><N who="3" m="51241" /><G66/><T96/><D34/><U24/><E24/><V93/><F93/><N who="3" m="54479" /><G68/><T42/><D101/><U6/><E6/><V125/><F125/><W89/><G89/><T50/><D65/><U114/><E114/><V87/><F87/><W23/><G23/><T52/><D59/><U9/><E8/><V117/><F117/><W11/><G11/><T4/><D4/><U123/><E123/><V40/><F115/><W1/><G1/><T22/><D22/><U128/><E128/><V30/><F14/><W10/><G10/><T75/><REACH who="0" step="1"/><D79/><REACH who="0" ten="157,393,220,220" step="2"/><N who="1" m="30219" /><E88/><V83/><F95/><W110/><G110/><T60/><D60/><U130/><E130/><V35/><F63/><W72/><G32/><T103/><D103/><U26/><E26/><V94/><F35/><W84/><G25/><T70/><D70/><U61/><E61/><V86/><F94/><W105/><G105/><T92/><D92/><U107/><E107/><V36/><F98/><W62/><G62/><RYUUKYOKU ba="1,1" sc="157,15,393,15,220,-15,220,-15" hai0="41,42,46,47,50,52,58,75,76,82,96,97,99" hai1="0,2,3,9,13,16,49,55,80,81" /><INIT seed="1,2,1,1,3,19" ten="172,408,205,205" oya="1" hai0="32,12,122,131,105,119,89,112,116,126,6,79,58" hai1="4,31,73,80,39,87,18,2,17,57,46,61,36" hai2="45,13,117,7,64,26,123,10,41,38,118,74,72" hai3="21,83,42,128,132,24,9,133,111,135,108,71,125"/><U94/><E2/><V127/><F123/><W78/><G71/><T86/><D32/><U98/><E73/><V22/><F127/><W37/><G9/><T47/><D112/><U114/><E114/><V28/><REACH who="2" step="1"/><F64/><REACH who="2" ten="172,408,195,205" step="2"/><W107/><G125/><T40/><D126/><U51/><E36/><V55/><F55/><W90/><G133/><T120/><D122/><U76/><E39/><V52/><F52/><W1/><G37/><T33/><D120/><U113/><E113/><V56/><F56/><W44/><G135/><T59/><D58/><U88/><E4/><V65/><F65/><W43/><G132/><T95/><D59/><U134/><E134/><V101/><F101/><W60/><G111/><T35/><D6/><U63/><E63/><V100/><F100/><W53/><G53/><T11/><D119/><AGARI ba="2,2" hai="7,10,13,22,26,28,38,41,45,72,74,117,118,119" machi="119" ten="40,2600,0" yaku="1,1,52,1,53,0" doraHai="19" doraHaiUra="91" who="2" fromWho="0" sc="172,-32,408,0,195,52,205,0" /><INIT seed="2,0,0,1,5,34" ten="140,408,247,205" oya="2" hai0="40,68,58,124,126,104,131,26,6,28,62,65,8" hai1="80,61,66,38,120,63,5,94,114,24,64,1,133" hai2="96,122,85,10,57,56,81,99,18,121,45,35,60" hai3="4,103,11,109,77,70,130,78,17,9,33,105,110"/><V118/><F118/><W93/><G105/><T39/><D131/><U91/><E114/><V52/><F35/><W98/><G70/><T128/><D128/><U37/><E133/><V0/><F122/><W113/><G130/><T32/><D58/><U51/><E120/><V14/><F121/><W112/><G33/><T76/><D76/><N who="3" m="29289" /><G17/><T84/><D84/><U107/><E107/><V29/><F29/><W71/><G71/><T12/><D12/><U115/><E115/><N who="3" m="44106" /><G11/><T95/><D95/><U44/><E80/><V86/><F86/><W15/><AGARI ba="0,0" hai="4,9,15,93,98,103,109,110" m="44106,29289" machi="15" ten="30,1100,0" yaku="11,1" doraHai="34" who="3" fromWho="3" sc="140,-3,408,-3,247,-5,205,11" /><INIT seed="3,0,0,1,2,28" ten="137,405,242,216" oya="3" hai0="121,107,15,79,73,65,24,126,4,43,99,101,58" hai1="115,82,128,120,51,66,123,75,22,87,109,9,47" hai2="130,21,105,116,19,63,83,81,64,23,110,54,96" hai3="27,29,135,85,122,5,18,10,61,2,80,44,0"/><W8/><G122/><T46/><D121/><U38/><E115/><V62/><F110/><W117/><G117/><T39/><D126/><U32/><E32/><V52/><F116/><W57/><G135/><T131/><D131/><U16/><E109/><V77/><F130/><W3/><G44/><T134/><D134/><U78/><E128/><V132/><F132/><W13/><G10/><T114/><D114/><U60/><E38/><V118/><F118/><W129/><G129/><T49/><D79/><U71/><E75/><V30/><F105/><W93/><G93/><T35/><D73/><U86/><E86/><V88/><F30/><W55/><G85/><T100/><D101/><U20/><E20/><V48/><F23/><N who="3" m="11727" /><G80/><N who="2" m="30793" /><F64/><W76/><G76/><T36/><D24/><U92/><E9/><V111/><F77/><W37/><G37/><T112/><D112/><U125/><E92/><N who="2" m="56327" /><F54/><W53/><G53/><T59/><D35/><AGARI ba="0,0" hai="0,2,3,5,8,27,29,35,55,57,61" m="11727" machi="35" ten="30,2900,0" yaku="24,1,52,1" doraHai="28" who="3" fromWho="0" sc="137,-29,405,0,242,0,216,29" /><INIT seed="3,1,0,5,2,3" ten="108,405,242,245" oya="3" hai0="63,0,80,105,59,119,66,76,28,8,67,23,16" hai1="39,69,56,100,25,84,74,114,32,45,115,64,120" hai2="7,109,62,19,37,116,121,11,112,71,35,53,20" hai3="43,50,104,54,103,27,57,61,78,44,81,131,46"/><W111/><G131/><T1/><D105/><U79/><E84/><V125/><F112/><W87/><G111/><T18/><D119/><U102/><E56/><V126/><F37/><W129/><G129/><T94/><D67/><U85/><E85/><V122/><F53/><W113/><G113/><T41/><D41/><N who="1" m="22719" /><E100/><V97/><F97/><W134/><G134/><T73/><D94/><U30/><E102/><V83/><F83/><W96/><G46/><T75/><D73/><U48/><E48/><V42/><F42/><W132/><G27/><T128/><D128/><U17/><E17/><V117/><F62/><W21/><G21/><T124/><D124/><N who="2" m="47722" /><F71/><W135/><AGARI ba="1,0" hai="43,44,50,54,57,61,78,81,87,96,103,104,132,135" machi="135" ten="30,1500,0" yaku="0,1" doraHai="3" who="3" fromWho="3" sc="108,-6,405,-6,242,-6,245,18" /><INIT seed="3,2,0,4,1,115" ten="102,399,236,263" oya="3" hai0="12,130,100,38,45,56,55,62,88,98,47,31,34" hai1="105,59,80,128,117,69,119,15,87,135,1,13,76" hai2="14,112,52,75,3,125,10,86,129,108,4,92,53" hai3="85,2,27,36,106,8,90,113,99,67,37,57,23"/><W19/><G113/><T109/><D109/><U33/><E69/><V35/><F108/><W18/><G106/><T46/><D130/><U127/><E1/><V83/><F112/><W48/><G99/><T7/><D34/><U70/><E70/><V65/><F129/><W30/><G2/><T40/><D31/><U124/><E128/><V102/><F125/><N who="1" m="48201" /><E33/><V104/><F35/><W91/><G91/><T58/><D7/><U6/><E135/><V93/><F65/><W74/><G74/><T5/><D5/><U79/><E105/><V64/><F64/><W11/><G37/><T103/><D12/><N who="1" m="4683" /><E6/><V97/><F3/><W51/><G36/><T114/><D114/><U24/><E24/><V17/><F17/><N who="3" m="6155" /><G67/><T122/><D122/><U0/><E0/><V21/><F21/><W54/><G51/><T120/><D120/><U44/><E59/><V94/><REACH who="2" step="1"/><F75/><REACH who="2" ten="102,399,226,263" step="2"/><W41/><G41/><T121/><D121/><U43/><E79/><AGARI ba="2,1" hai="4,10,14,52,53,79,83,86,92,93,94,97,102,104" machi="79" ten="40,5200,0" yaku="1,1,2,1,54,1,53,0" doraHai="115" doraHaiUra="132" who="2" fromWho="1" sc="102,0,399,-58,226,68,263,0" /><INIT seed="4,0,0,3,3,116" ten="102,341,294,263" oya="0" hai0="45,36,108,103,42,32,130,20,5,29,115,95,125" hai1="28,101,26,24,97,74,9,114,15,89,10,61,21" hai2="63,83,105,7,43,4,54,40,133,126,19,100,44" hai3="86,30,58,73,127,2,118,79,18,23,67,3,13"/><T85/><D32/><U62/><E74/><V6/><F133/><W31/><G73/><T55/><D115/><U34/><E114/><V80/><F126/><W91/><G118/><T128/><D125/><U75/><E75/><V1/><F1/><W90/><G127/><T110/><D5/><U113/><E89/><V119/><F119/><W93/><G79/><T51/><D29/><U39/><E39/><V109/><F109/><N who="0" m="42090" /><D20/><U92/><E113/><V82/><F100/><W50/><G2/><T99/><D85/><U70/><E70/><V78/><F105/><W111/><G3/><T16/><D16/><U22/><E34/><V33/><F33/><W11/><G11/><N who="1" m="4106" /><E15/><V46/><F78/><W96/><G111/><T52/><D36/><U0/><E0/><V56/><F19/><AGARI ba="0,0" hai="19,21,22,24,26,28,61,62,92,97,101" m="4106" machi="19" ten="30,1000,0" yaku="8,1" doraHai="116" who="1" fromWho="2" sc="102,0,341,10,294,-10,263,0" /><INIT seed="5,0,0,4,0,76" ten="102,351,284,263" oya="1" hai0="59,130,38,134,79,64,88,1,18,85,108,62,93" hai1="89,69,49,35,40,47,17,95,99,56,14,57,104" hai2="116,12,11,50,77,109,24,29,81,5,13,84,34" hai3="63,36,125,70,94,124,31,120,101,8,16,48,27"/><U135/><E135/><V91/><F109/><W45/><G120/><T113/><D108/><U121/><E121/><V126/><F126/><N who="3" m="48747" /><G36/><T114/><D38/><U115/><E115/><V10/><F116/><W80/><G101/><T55/><D1/><U15/><E69/><V90/><REACH who="2" step="1"/><F50/><REACH who="2" ten="102,351,274,263" step="2"/><W25/><G48/><T2/><D134/><U6/><E35/><V112/><F112/><W82/><G45/><T54/><D114/><U28/><E104/><V51/><F51/><W68/><G94/><T127/><D113/><U43/><E43/><V58/><F58/><W23/><G68/><T46/><D127/><U75/><E57/><V42/><F42/><W87/><G70/><T110/><D110/><U73/><E56/><V129/><F129/><W98/><G63/><T61/><D130/><U71/><E71/><V105/><F105/><W3/><G98/><T44/><D62/><U132/><E132/><V39/><F39/><W74/><G3/><T65/><D64/><U86/><E99/><V131/><F131/><W33/><G8/><T20/><D46/><U133/><E133/><V22/><F22/><W9/><G9/><T111/><D111/><U72/><E49/><V122/><F122/><W92/><G92/><T41/><D2/><U83/><E47/><V19/><AGARI ba="0,1" hai="5,10,11,12,13,19,24,29,34,77,81,84,90,91" machi="19" ten="20,8000,1" yaku="1,1,0,1,7,1,52,1,53,1" doraHai="76" doraHaiUra="30" who="2" fromWho="2" sc="102,-20,351,-40,274,90,263,-20" /><INIT seed="6,0,0,2,1,117" ten="82,311,364,243" oya="2" hai0="75,12,17,56,132,94,45,81,96,74,50,129,13" hai1="93,92,86,78,61,112,95,127,58,68,26,114,15" hai2="99,123,84,43,111,10,38,51,5,8,36,64,103" hai3="110,126,39,11,62,85,52,27,135,34,79,57,133"/><V128/><F128/><W73/><G110/><T40/><D129/><U29/><E68/><V14/><F111/><W76/><G73/><T49/><D132/><N who="3" m="50761" /><G126/><T118/><D118/><U67/><E127/><V119/><F119/><W98/><G39/><T97/><D75/><U130/><E130/><V55/><F64/><W9/><G98/><T88/><D74/><U19/><E78/><N who="3" m="29738" /><G85/><T1/><D1/><U116/><E116/><V47/><F84/><W16/><G34/><T21/><D81/><U106/><E106/><V66/><F66/><W28/><G28/><T108/><D108/><U6/><E6/><V65/><F65/><W70/><G70/><T122/><D122/><U20/><REACH who="1" step="1"/><E86/><REACH who="1" ten="82,301,364,243" step="2"/><V60/><F5/><W25/><G25/><T91/><D13/><U121/><E121/><V7/><F123/><W87/><G87/><T4/><D4/><U24/><E24/><V35/><F14/><W32/><G32/><AGARI ba="0,1" hai="15,19,20,26,29,32,58,61,67,92,93,95,112,114" machi="32" ten="40,1300,0" yaku="1,1,53,0" doraHai="117" doraHaiUra="0" who="1" fromWho="3" sc="82,0,301,23,364,0,243,-13" /><INIT seed="7,0,0,2,1,24" ten="82,324,364,230" oya="3" hai0="7,112,29,106,102,14,35,51,96,99,79,15,107" hai1="78,45,25,18,53,117,33,41,9,63,2,39,95" hai2="44,83,77,132,28,42,34,12,64,75,10,11,105" hai3="113,54,129,116,20,121,87,127,110,73,134,130,55"/><W52/><G116/><T36/><D36/><U84/><E117/><V65/><F105/><W135/><G73/><T4/><D51/><U89/><E78/><V124/><F132/><N who="3" m="50731" /><G121/><T40/><D79/><U0/><E9/><V92/><F124/><W38/><G113/><T57/><D57/><U70/><E18/><V90/><F28/><W27/><G110/><T94/><D94/><U8/><E8/><V69/><F34/><W16/><G38/><T82/><D35/><U67/><REACH who="1" step="1"/><E53/><REACH who="1" ten="82,314,364,230" step="2"/><V5/><F10/><W22/><G127/><T3/><D112/><U31/><AGARI ba="0,1" hai="0,2,25,31,33,39,41,45,63,67,70,84,89,95" machi="31" ten="30,7900,0" yaku="1,1,2,1,0,1,52,1,53,0" doraHai="24" doraHaiUra="122" who="1" fromWho="1" sc="82,-20,314,89,364,-20,230,-39" owari="62,-44.0,403,51.0,344,14.0,191,-21.0" /></mjloggm>