<mjloggm ver="2.3"><GO type="185" lobby="0"/><UN n0="%E3%81%A9%E3%81%AD%E3%81%A3%E3%81%A8" n1="%E5%86%AC%E7%81%AF" n2="%E5%A4%8F%E3%81%AE%E5%A4%9C%E3%81%AE%E5%A4%A2" n3="" dan="16,19,19,0" rate="2126.02,2388.09,2346.35,1500.00" sx="M,M,F,C"/><TAIKYOKU oya="0"/><INIT seed="0,0,0,2,5,122" ten="350,350,350,0" oya="0" hai0="94,68,103,41,127,96,49,32,50,129,58,85,35" hai1="120,115,97,78,75,133,90,126,87,100,134,55,36" hai2="54,53,57,79,99,67,52,106,2,124,109,60,59" hai3=""/><T51/><D129/><U132/><N who="1" m="30752" /><U107/><E36/><V89/><F2/><T77/><D68/><U0/><E0/><V116/><F124/><T80/><D127/><U121/><N who="1" m="31008" /><U128/><E126/><V114/><F114/><T123/><N who="0" m="31520" /><T125/><D125/><U61/><E128/><V39/><F39/><T88/><D41/><U64/><E55/><V47/><F116/><T105/><REACH who="0" step="1"/><D58/><REACH who="0" ten="340,350,350,0" step="2"/><U72/><E115/><V118/><F59/><T37/><D37/><U73/><E61/><V93/><F118/><T69/><D69/><U3/><E3/><V56/><F57/><T38/><D38/><U76/><E64/><V81/><F47/><T119/><D119/><U46/><E46/><V84/><F56/><T42/><D42/><U82/><AGARI ba="0,1" hai="72,73,75,76,78,82,87,90,97,100,107,132,133,134" m="31008,30752" machi="82" ten="40,9000,2" yaku="0,1,20,1,34,3,52,2" doraHai="122" who="1" fromWho="1" sc="340,-60,350,100,350,-30,0,0" /><INIT seed="1,0,0,3,5,1" ten="280,450,320,0" oya="1" hai0="108,92,107,47,90,75,121,70,0,101,60,58,34" hai1="123,59,97,53,128,87,115,95,84,129,57,93,54" hai2="94,64,73,110,37,127,65,74,61,86,85,116,33" hai3=""/><U114/><REACH who="1" step="1"/><E97/><REACH who="1" ten="280,440,320,0" step="2"/><V63/><F116/><T71/><D0/><U3/><E3/><V79/><F127/><T66/><N who="0" m="31008" /><AGARI ba="0,1" hai="53,54,57,59,84,87,93,95,114,115,121,123,128,129" machi="121" ten="25,18000,2" yaku="21,2,22,2,53,2" doraHai="1" doraHaiUra="80" who="1" fromWho="0" sc="280,-180,440,190,320,0,0,0" /><INIT seed="1,1,0,2,4,134" ten="100,630,320,0" oya="1" hai0="46,115,70,48,45,36,40,97,3,118,125,56,85" hai1="128,42,101,32,49,33,106,63,104,90,78,110,102" hai2="126,130,93,65,77,98,103,74,129,41,105,67,55" hai3=""/><U99/><E128/><N who="2" m="49259" /><F41/><T0/><D3/><U54/><E110/><V73/><F126/><T111/><D118/><U88/><E42/><V83/><F55/><T82/><D111/><U35/><E63/><V1/><F1/><T133/><D115/><U81/><E102/><V51/><F51/><T62/><D70/><U112/><E104/><V92/><F65/><T72/><D72/><N who="2" m="27754" /><F67/><T44/><D125/><U58/><REACH who="1" step="1"/><E112/><REACH who="1" ten="100,620,320,0" step="2"/><V34/><F34/><T66/><D62/><U80/><E80/><V123/><N who="2" m="31520" /><V2/><F2/><T79/><D40/><U124/><E124/><V113/><F113/><T59/><D82/><U120/><N who="1" m="30752" /><U95/><E95/><V47/><F92/><T37/><D37/><U64/><E64/><V52/><F105/><T53/><D36/><U38/><E38/><V132/><F83/><T71/><D66/><U121/><N who="1" m="31008" /><U127/><E127/><V89/><F103/><T114/><D114/><U135/><E135/><V86/><F93/><T108/><D133/><U96/><E96/><V109/><F98/><T75/><D108/><U94/><E94/><V119/><F132/><T39/><D97/><U61/><E61/><V68/><F109/><T116/><D39/><U50/><E50/><RYUUKYOKU ba="1,1" sc="100,-10,620,20,320,-10,0,0" hai1="32,33,35,49,54,58,78,81,88,90,99,101,106" /><INIT seed="1,2,1,4,0,78" ten="90,640,310,0" oya="1" hai0="3,35,73,63,118,135,97,69,114,1,36,84,81" hai1="109,134,93,53,89,47,131,79,52,34,98,76,120" hai2="68,77,54,94,90,127,49,48,99,61,124,95,39" hai3=""/><U100/><N who="1" m="30752" /><U65/><E131/><V42/><F77/><T41/><D35/><U32/><E134/><V2/><F2/><T85/><D73/><U58/><E109/><V45/><F94/><T128/><D114/><U83/><E65/><V74/><F74/><T107/><D128/><U70/><E70/><V122/><N who="2" m="31264" /><V108/><F108/><T60/><D85/><U46/><E32/><V112/><F112/><T121/><N who="0" m="31008" /><T129/><D135/><U123/><N who="1" m="31520" /><U91/><E79/><V110/><F110/><T119/><D129/><U111/><E111/><V126/><F54/><T64/><D63/><U92/><E53/><V33/><REACH who="2" step="1"/><F33/><REACH who="2" ten="90,640,300,0" step="2"/><T56/><D1/><U105/><E93/><V133/><F133/><T40/><D3/><U72/><E34/><V87/><F87/><T115/><D115/><U132/><E132/><V125/><N who="2" m="31744" /><DORA hai="43" /><V62/><F62/><T88/><D60/><U55/><E55/><V103/><F103/><T113/><D113/><U102/><E100/><V51/><F51/><T38/><D84/><U82/><E92/><V67/><AGARI ba="2,2" hai="39,42,45,48,49,61,67,68,90,95,99" m="31744,31264" machi="67" ten="60,6000,1" yaku="1,1,0,1,18,1,52,2,53,0" doraHai="78,43" doraHaiUra="101,0" who="2" fromWho="2" sc="90,-22,640,-42,300,84,0,0" /><INIT seed="2,0,0,2,0,116" ten="68,598,384,0" oya="2" hai0="105,132,80,117,72,102,2,133,114,44,50,92,88" hai1="62,78,66,45,41,43,125,61,120,123,57,74,98" hai2="82,33,64,46,122,52,71,65,83,129,100,34,104" hai3=""/><V38/><N who="2" m="31264" /><V126/><F129/><T79/><D2/><U130/><N who="1" m="30752" /><U40/><N who="1" m="31520" /><U109/><E109/><V124/><F100/><T91/><D117/><U48/><E125/><N who="2" m="48235" /><F104/><T119/><D119/><U39/><E130/><V110/><F110/><T37/><D37/><U99/><E78/><V63/><F65/><T69/><D69/><U90/><E74/><V112/><F112/><T3/><D3/><U32/><E32/><N who="2" m="12395" /><F38/><T89/><D114/><U103/><E103/><V111/><F111/><T0/><D0/><U115/><E115/><V51/><AGARI ba="0,0" hai="46,51,52,63,64,71,82,83" m="12395,48235,31264" machi="51" ten="40,8000,1" yaku="18,1,52,2,54,1" doraHai="116" who="2" fromWho="2" sc="68,-40,598,-40,384,80,0,0" /><INIT seed="2,1,0,4,0,123" ten="28,558,464,0" oya="2" hai0="114,83,58,71,95,80,41,96,125,77,124,67,115" hai1="43,109,35,116,45,119,82,66,88,63,117,0,86" hai2="51,92,78,44,52,73,100,132,79,61,1,74,32" hai3=""/><V33/><F1/><T91/><D41/><U40/><E0/><V128/><F132/><T107/><D71/><U3/><E3/><V37/><F128/><T94/><D107/><U133/><E133/><V130/><F130/><T135/><D58/><U68/><E35/><V134/><F134/><T104/><D67/><U120/><N who="1" m="30752" /><U127/><E127/><N who="0" m="48713" /><D104/><U97/><E109/><V75/><F37/><T98/><D135/><U60/><E45/><V38/><F38/><T122/><N who="0" m="31264" /><T87/><D83/><U2/><E2/><V62/><F61/><T65/><D65/><U126/><E126/><V49/><F62/><T56/><D56/><U39/><E39/><V89/><F51/><T118/><D118/><U34/><E34/><V99/><F33/><T76/><D76/><U129/><E129/><V54/><F54/><T57/><D57/><U110/><E110/><V113/><F32/><T108/><D108/><U93/><E63/><V85/><REACH who="2" step="1"/><F113/><REACH who="2" ten="28,558,454,0" step="2"/><T36/><D36/><U112/><E112/><V84/><F84/><T81/><D114/><U131/><E131/><V42/><F42/><T69/><D115/><U53/><E53/><V121/><N who="2" m="31008" /><V48/><F48/><T90/><D87/><U103/><AGARI ba="1,1" hai="40,43,60,66,68,82,86,88,93,97,103,116,117,119" m="30752" machi="103" ten="30,6000,1" yaku="5,1,0,1,12,1,52,1,54,1" doraHai="123" who="1" fromWho="1" sc="28,-21,558,72,454,-41,0,0" /><INIT seed="4,0,0,1,2,66" ten="7,630,413,0" oya="0" hai0="122,132,117,37,123,73,128,135,65,101,89,92,35" hai1="105,131,56,64,96,78,55,115,100,94,102,58,119" hai2="82,103,130,3,111,90,124,107,2,57,75,42,53" hai3=""/><T60/><N who="0" m="31264" /><T70/><N who="0" m="31520" /><T47/><D35/><U46/><E119/><V0/><F111/><T81/><D117/><U62/><E131/><V45/><F130/><T125/><D128/><U126/><E126/><V38/><F124/><T59/><D125/><U48/><E115/><V71/><F71/><T52/><D101/><U98/><REACH who="1" step="1"/><E78/><REACH who="1" ten="7,620,413,0" step="2"/><V68/><F2/><T116/><D116/><U97/><E97/><V34/><F34/><T76/><D132/><U91/><E91/><V93/><F0/><T113/><D135/><U80/><E80/><V84/><F3/><T104/><D113/><U108/><E108/><V118/><F118/><T74/><D104/><U40/><E40/><V36/><F107/><T83/><D83/><U61/><E61/><V72/><F90/><T95/><D74/><U112/><E112/><V106/><F106/><T44/><D37/><U41/><E41/><V69/><F36/><T79/><D79/><U49/><E49/><V87/><F75/><T110/><D110/><U129/><E129/><V32/><F72/><T121/><N who="0" m="31008" /><T88/><D89/><U1/><E1/><V85/><F32/><T54/><D88/><U134/><E134/><V77/><F77/><T133/><D133/><RYUUKYOKU ba="0,1" sc="7,-10,620,20,413,-10,0,0" hai1="46,48,55,56,58,62,64,94,96,98,100,102,105" owari="-3,-60.0,650,60.0,403,0.0,0,0.0" /></mjloggm>