<mjloggm ver="2.3"><GO type="225" lobby="0"/><UN n0="%E5%85%94%E6%96%AF%E5%9F%BA" n1="%E3%82%B5%E3%83%AB%E3%82%B7%E3%83%B3" n2="%E3%83%AD%E3%83%83%E3%83%86%E9%9B%80%E7%90%83" n3="%E3%81%AA%E3%82%81%E3%81%93%E9%9B%80%E5%A3%AB" dan="17,16,18,16" rate="2213.26,2160.21,2259.53,2073.45" sx="M,F,F,M"/><TAIKYOKU oya="0"/><INIT seed="0,0,0,5,4,24" ten="250,250,250,250" oya="0" hai0="49,97,81,65,29,11,115,120,34,61,62,60,51" hai1="21,58,28,59,73,50,56,106,118,80,0,134,10" hai2="75,64,22,15,133,99,92,102,7,26,57,86,128" hai3="104,130,131,88,12,72,25,96,47,100,109,23,76"/><T90/><D115/><U116/><E106/><V43/><F128/><W36/><G12/><T105/><D120/><U114/><E114/><V1/><F133/><W87/><G109/><T9/><D65/><U30/><E134/><V84/><F75/><W95/><G47/><T71/><D71/><U19/><E50/><V112/><F1/><W8/><G8/><T39/><D39/><U129/><E129/><V67/><F43/><W125/><G36/><T117/><D117/><U37/><E37/><V44/><F44/><W127/><G131/><T107/><D49/><U35/><E35/><V103/><F103/><W82/><REACH who="3" step="1"/><G130/><REACH who="3" ten="250,250,250,240" step="2"/><T52/><D9/><U101/><E118/><V2/><F112/><W31/><AGARI ba="0,1" hai="23,25,31,72,76,82,87,88,95,96,100,104,125,127" machi="31" ten="30,12000,2" yaku="1,1,2,1,0,1,24,2,52,1,54,1,53,0" doraHai="24" doraHaiUra="32" who="3" fromWho="3" sc="250,-60,250,-30,250,-30,240,130" /><INIT seed="1,0,0,0,3,66" ten="190,220,220,370" oya="1" hai0="60,76,57,69,29,19,68,43,80,93,2,106,42" hai1="10,131,32,7,9,12,47,98,97,23,45,116,0" hai2="113,65,40,1,134,121,52,130,56,18,119,114,123" hai3="21,33,126,15,20,13,59,82,96,73,6,127,129"/><U5/><E116/><V24/><F18/><W105/><G33/><T102/><D106/><U70/><E32/><V87/><F24/><W101/><G129/><T94/><D2/><U48/><E70/><V99/><F99/><W41/><G41/><T83/><D29/><U63/><E63/><N who="2" m="36231" /><F87/><W104/><G59/><T120/><D120/><N who="2" m="46154" /><F1/><W77/><G105/><T16/><D57/><U115/><E131/><V37/><F130/><W125/><G15/><T109/><D60/><U110/><E23/><V34/><F34/><W61/><G61/><T135/><D102/><U72/><E72/><V88/><F88/><W118/><G118/><T30/><D30/><U108/><E12/><V11/><F11/><AGARI ba="0,0" hai="6,11,13,20,21,73,77,82,96,101,104,125,126,127" machi="11" ten="40,1300,0" yaku="18,1" doraHai="66" who="3" fromWho="2" sc="190,0,220,0,220,-13,370,13" /><INIT seed="2,0,0,5,0,27" ten="190,220,207,383" oya="2" hai0="115,77,109,34,127,43,37,92,36,91,103,123,76" hai1="96,114,94,124,53,64,46,24,49,39,52,132,51" hai2="121,135,47,104,100,40,14,65,70,4,83,29,45" hai3="38,75,129,57,18,11,113,82,20,5,21,89,13"/><V50/><F121/><W88/><G38/><T54/><D115/><U12/><E114/><V78/><F135/><W80/><G129/><T23/><D34/><U111/><E132/><V128/><F128/><W22/><G113/><T58/><D123/><U107/><E111/><V1/><F1/><W72/><G72/><T69/><D69/><U42/><E124/><V56/><F70/><W79/><G82/><T32/><D32/><U71/><E107/><V85/><F47/><W122/><G122/><T62/><D109/><U99/><E12/><V134/><F134/><W95/><G57/><T17/><D103/><U101/><E96/><V31/><F100/><W106/><G106/><T130/><D130/><U25/><E64/><V98/><F98/><W26/><G89/><T120/><D127/><U61/><E71/><V118/><F104/><W93/><G95/><T68/><D68/><U15/><E15/><V59/><F118/><W119/><G119/><T16/><D17/><U116/><E116/><V112/><F112/><W131/><G131/><T86/><D120/><U9/><E9/><N who="2" m="4391" /><F59/><W7/><G7/><T97/><D86/><AGARI ba="0,0" hai="5,11,13,18,20,21,22,26,75,79,80,86,88,93" machi="86" ten="30,2000,0" yaku="7,1,54,1" doraHai="27" who="3" fromWho="0" sc="190,-20,220,0,207,0,383,20" /><INIT seed="3,0,0,0,3,100" ten="170,220,207,403" oya="3" hai0="8,67,0,1,105,117,3,16,24,17,110,7,130" hai1="104,84,13,4,96,111,42,58,27,31,121,88,98" hai2="15,52,73,118,132,124,22,75,83,80,47,76,123" hai3="63,68,102,113,51,54,101,122,41,36,131,33,90"/><W86/><G122/><T34/><D67/><U39/><E121/><V92/><F118/><W35/><G102/><T28/><D117/><U50/><E104/><V78/><F123/><W135/><G101/><T2/><D110/><U32/><E111/><V108/><F108/><W45/><G135/><T106/><REACH who="0" step="1"/><D130/><REACH who="0" ten="160,220,207,403" step="2"/><U64/><E64/><V82/><F132/><W53/><G131/><T94/><D94/><U30/><E39/><V99/><F124/><W87/><G36/><T20/><D20/><U133/><E133/><V46/><F75/><W48/><G33/><T79/><D79/><U56/><E32/><V134/><F73/><W103/><G35/><T29/><D29/><U19/><E31/><V18/><F134/><W128/><G128/><T77/><D77/><N who="2" m="29802" /><F52/><W55/><G55/><T25/><D25/><U69/><E27/><V97/><F92/><W116/><G53/><T60/><D60/><U62/><E62/><V12/><F12/><W70/><G63/><T57/><D57/><U112/><E56/><V40/><F40/><W120/><G54/><T9/><D9/><U129/><E58/><V85/><F85/><W38/><G87/><T66/><D66/><U65/><E65/><V126/><F126/><W49/><G86/><T119/><D119/><U109/><E109/><V114/><F114/><W127/><G113/><T10/><D10/><U89/><E84/><V37/><F37/><W71/><G116/><T125/><D125/><U74/><E112/><V44/><AGARI ba="0,1" hai="15,18,22,44,46,47,80,82,83,97,99" m="29802" machi="44" ten="40,1500,0" yaku="8,1" doraHai="100" who="2" fromWho="2" sc="160,-4,220,-4,207,25,403,-7" owari="156,-34.0,216,-18.0,232,3.0,396,49.0" /></mjloggm>