<mjloggm ver="2.3"><GO type="169" lobby="0"/><UN n0="%6E%69%6B%6B%61%31%31%38" n1="%73%69%6E%73%69%73%74" n2="%6D%69%6B%65%69%6E%75" n3="%E3%82%AB%E3%83%83%E3%83%95%E3%82%A7" dan="16,16,16,18" rate="2068.53,2120.52,2145.34,2205.10" sx="M,M,M,M"/><TAIKYOKU oya="0"/><INIT seed="0,0,0,2,4,34" ten="250,250,250,250" oya="0" hai0="116,35,29,129,115,57,36,93,74,23,134,80,40" hai1="109,101,90,127,3,4,2,113,104,7,112,94,49" hai2="78,130,102,96,9,41,54,125,131,77,15,20,44" hai3="75,50,63,89,81,30,67,121,56,26,5,33,8"/><T132/><D116/><U97/><E109/><V103/><F20/><W65/><G121/><T91/><D115/><N who="1" m="44107" /><E127/><V52/><F125/><W58/><G50/><T1/><D129/><N who="2" m="49162" /><F78/><W14/><G75/><T70/><D57/><U117/><E49/><N who="2" m="26767" /><F77/><W119/><G119/><T53/><D23/><U18/><E18/><N who="2" m="8559" /><F103/><W31/><G30/><T59/><D29/><U68/><E68/><V61/><F61/><W37/><G37/><T43/><D70/><U55/><E55/><V46/><F46/><W24/><G31/><T62/><D53/><U105/><E117/><V87/><F87/><N who="3" m="50415" /><G33/><T98/><D35/><U48/><E48/><V82/><F82/><W69/><G69/><T66/><D80/><U123/><E123/><V6/><F6/><N who="1" m="2089" /><E101/><V0/><F0/><AGARI ba="0,0" hai="0,2,3,90,94,97,104,105" m="2089,44107" machi="0" ten="30,7700,0" yaku="11,1,52,3" doraHai="34" who="1" fromWho="2" sc="250,0,250,77,250,-77,250,0" /><INIT seed="1,0,0,5,4,54" ten="250,327,173,250" oya="1" hai0="100,43,115,15,85,11,18,38,79,133,121,75,4" hai1="22,67,42,53,25,0,56,104,35,50,7,131,91" hai2="20,72,120,55,34,93,95,82,46,74,58,10,1" hai3="125,81,119,116,13,45,19,41,23,102,76,52,32"/><U107/><E131/><V61/><F34/><W6/><G32/><T62/><D121/><U47/><E35/><V92/><F120/><W84/><G125/><T9/><D133/><U12/><E0/><V73/><F1/><W129/><G129/><T96/><D115/><U108/><E108/><V98/><F10/><W122/><G122/><T49/><D75/><U57/><E67/><V64/><F82/><W132/><G132/><T66/><D38/><U77/><E77/><V127/><F127/><W124/><G102/><T105/><D49/><N who="1" m="26871" /><E107/><V8/><F8/><W71/><G71/><T123/><D43/><U106/><E106/><V94/><F20/><W3/><G124/><T90/><D79/><U80/><E104/><V112/><F112/><W60/><G6/><T39/><D39/><U63/><E12/><V17/><F17/><W126/><G3/><T135/><D135/><U28/><E7/><V101/><REACH who="2" step="1"/><F46/><REACH who="2" ten="250,327,163,250" step="2"/><W70/><G126/><T89/><D123/><U97/><E80/><V99/><F99/><W83/><G81/><T40/><D4/><U128/><E128/><V113/><F113/><W103/><G83/><T36/><D96/><U29/><E28/><V86/><F86/><W30/><G84/><T44/><D85/><U27/><E29/><V88/><F88/><W2/><G30/><T37/><D90/><U14/><E22/><V5/><F5/><W78/><G2/><T118/><D89/><U110/><E91/><V109/><F109/><W65/><G23/><T21/><D21/><U111/><E110/><V134/><F134/><W59/><G19/><RYUUKYOKU ba="0,1" sc="250,-10,327,-10,163,30,250,-10" hai2="55,58,61,64,72,73,74,92,93,94,95,98,101" /><INIT seed="2,1,1,0,0,121" ten="240,317,193,240" oya="2" hai0="35,109,117,53,124,26,52,16,50,62,15,66,122" hai1="21,24,118,123,97,128,131,11,18,49,108,94,115" hai2="68,135,63,33,47,17,2,1,71,44,27,58,65" hai3="95,70,96,114,80,72,91,120,119,13,0,30,59"/><V132/><F17/><W87/><G70/><N who="2" m="26665" /><F27/><W40/><G0/><T67/><D124/><U23/><E115/><V98/><F33/><W102/><G120/><T74/><D74/><U19/><E118/><V105/><F98/><W10/><G114/><T57/><D16/><U104/><E104/><V101/><F101/><W6/><G119/><T73/><D73/><U61/><E11/><V64/><F105/><W89/><G30/><T78/><D78/><U9/><E9/><V37/><F2/><W100/><G72/><T85/><D85/><U110/><E123/><V69/><F1/><W46/><REACH who="3" step="1"/><G59/><REACH who="3" ten="240,317,193,230" step="2"/><T5/><D57/><U84/><E131/><V48/><F69/><W90/><G90/><T93/><D117/><U79/><E128/><V3/><F3/><W36/><AGARI ba="1,2" hai="6,10,13,36,40,46,80,87,89,91,95,96,100,102" machi="36" ten="20,2700,0" yaku="1,1,0,1,7,1,53,0" doraHai="121" doraHaiUra="25" who="3" fromWho="3" sc="240,-8,317,-8,193,-14,230,50" /><INIT seed="3,0,0,4,0,125" ten="232,309,179,280" oya="3" hai0="106,74,114,105,31,57,8,69,29,38,24,100,39" hai1="99,40,43,18,119,12,91,115,120,98,48,128,121" hai2="104,102,112,96,46,14,62,27,75,111,55,66,59" hai3="127,15,84,22,23,103,19,83,87,101,32,60,131"/><W77/><G32/><T71/><D8/><U68/><E115/><V85/><F111/><W3/><G3/><T13/><D13/><U95/><E68/><V33/><F112/><W79/><G127/><T11/><D11/><U17/><E119/><V64/><F75/><W51/><G60/><T44/><D24/><U54/><E121/><V20/><F14/><W6/><G6/><T109/><D57/><U70/><E70/><V16/><F33/><W73/><G73/><T116/><D44/><U113/><E120/><V45/><F85/><W21/><G51/><T58/><D58/><U2/><E2/><V81/><F81/><N who="3" m="47151" /><G131/><T7/><D7/><U132/><E128/><V92/><F104/><W123/><G123/><T41/><D74/><U53/><E132/><V5/><F5/><W130/><G130/><T133/><D133/><U86/><E53/><V135/><REACH who="2" step="1"/><F135/><REACH who="2" ten="232,309,169,280" step="2"/><W30/><G30/><T108/><D114/><U52/><E113/><V36/><F36/><W61/><G23/><T122/><D39/><U47/><E12/><V0/><F0/><W76/><G22/><T88/><D38/><U134/><E134/><V117/><F117/><W4/><G4/><T50/><D108/><U126/><E126/><V63/><F63/><W80/><G61/><T10/><D109/><U93/><E48/><V129/><F129/><W26/><G15/><T124/><D106/><U97/><E86/><V42/><F42/><W107/><G107/><T9/><D105/><U90/><E98/><V94/><F94/><W67/><G87/><T49/><D50/><N who="1" m="27007" /><E40/><V82/><F82/><RYUUKYOKU ba="0,1" sc="232,-15,309,15,169,15,280,-15" hai1="17,18,52,54,90,91,93,95,97,99" hai2="16,20,27,45,46,55,59,62,64,66,92,96,102" /><INIT seed="4,1,1,4,2,31" ten="217,324,184,265" oya="0" hai0="129,8,40,23,53,79,73,105,107,12,55,10,38" hai1="120,59,74,66,0,28,65,76,21,15,92,25,96" hai2="111,1,98,6,5,52,108,104,61,113,91,62,4" hai3="13,77,100,101,60,37,119,87,45,115,103,94,33"/><T132/><D129/><U16/><E120/><V22/><F1/><W57/><G115/><T93/><D132/><U130/><E130/><V30/><F113/><W112/><G112/><T110/><D110/><U34/><E0/><V36/><F36/><W69/><G69/><T48/><D73/><U14/><E74/><V7/><N who="2" m="1024" /><DORA hai="106" /><V3/><F3/><W134/><G33/><T19/><D79/><U118/><E76/><V56/><F62/><W124/><G124/><T58/><D38/><U20/><E59/><V99/><F99/><W116/><G13/><T85/><D40/><U83/><E83/><V102/><REACH who="2" step="1"/><F91/><REACH who="2" ten="217,324,174,265" step="2"/><W64/><G37/><T125/><D125/><U128/><E128/><V121/><F121/><W2/><G2/><T67/><D67/><U97/><E97/><V131/><F131/><W27/><G60/><N who="0" m="35919" /><D107/><U84/><E66/><V11/><F11/><W47/><G64/><T133/><D105/><U89/><E65/><V54/><F54/><W46/><G103/><T123/><D123/><U90/><E90/><V41/><F41/><W122/><G101/><T88/><D133/><U95/><E96/><V63/><F63/><W71/><G134/><T50/><D50/><U72/><E89/><V109/><F109/><W75/><G100/><T78/><D78/><U82/><E118/><V68/><F68/><W51/><G71/><T126/><D126/><U24/><E84/><V114/><F114/><W18/><G119/><T127/><D127/><U43/><E43/><V49/><F49/><W39/><G116/><T86/><D86/><U35/><E72/><RYUUKYOKU ba="1,2" sc="217,15,324,-15,174,15,265,-15" hai0="8,10,12,19,23,48,55,85,88,93" hai2="22,30,52,56,61,98,102,104,108,111" /><INIT seed="4,2,2,0,1,109" ten="232,309,189,250" oya="0" hai0="80,27,33,133,116,24,26,35,127,122,40,110,60" hai1="131,111,105,16,125,64,14,114,20,28,54,69,113" hai2="4,31,124,49,92,126,84,129,58,107,3,59,121" hai3="52,7,99,95,97,135,75,53,38,5,2,51,45"/><T128/><D122/><U41/><E111/><V57/><F107/><W90/><G75/><T82/><D116/><U6/><E131/><V93/><F121/><W18/><G135/><T39/><D110/><U46/><E125/><N who="2" m="48235" /><F129/><W50/><G38/><T1/><D1/><U73/><E73/><V81/><F31/><W67/><G67/><T11/><D127/><U37/><E105/><V44/><F4/><W83/><G83/><T117/><D117/><U103/><E103/><V77/><F3/><W68/><G68/><T78/><D39/><U132/><E132/><V94/><F94/><N who="3" m="56535" /><G18/><T22/><D35/><U29/><E6/><V19/><F19/><W104/><G104/><T86/><D33/><U72/><E72/><V85/><F85/><W88/><G2/><T112/><D133/><U30/><E54/><AGARI ba="2,2" hai="44,49,54,57,58,59,77,81,84,92,93" m="48235" machi="54" ten="30,1000,0" yaku="18,1" doraHai="109" who="2" fromWho="1" sc="232,0,309,-16,189,36,250,0" /><INIT seed="5,0,0,4,1,80" ten="232,293,225,250" oya="1" hai0="20,9,76,108,107,95,69,36,51,35,81,116,61" hai1="72,106,58,66,101,131,3,99,8,77,134,111,124" hai2="71,128,82,67,63,48,37,16,57,125,60,28,92" hai3="96,62,133,56,126,54,34,94,59,110,109,2,93"/><U121/><E121/><V130/><F37/><W27/><G2/><T52/><D35/><U23/><E131/><V79/><F28/><W15/><G133/><T98/><D107/><U70/><E134/><V30/><F30/><W118/><G126/><T50/><D36/><U90/><E124/><V113/><F48/><W73/><G73/><T135/><D108/><U24/><E111/><V68/><F125/><W40/><G40/><T11/><D116/><U100/><E70/><V103/><F113/><W84/><G118/><T5/><D20/><U1/><E100/><V13/><F92/><W26/><G15/><N who="0" m="5551" /><D11/><U12/><E90/><V32/><F103/><W88/><G34/><T38/><D38/><U78/><E72/><V14/><F14/><W47/><G47/><T120/><D69/><U104/><E104/><V74/><F32/><W112/><G112/><T102/><D120/><U91/><E12/><V65/><REACH who="2" step="1"/><F57/><REACH who="2" ten="232,293,215,250" step="2"/><W55/><G109/><T89/><D102/><N who="1" m="62815" /><E58/><V83/><F83/><W87/><G110/><T43/><D81/><U0/><E101/><V19/><F19/><W123/><G123/><T46/><D95/><U86/><E0/><V21/><AGARI ba="0,1" hai="13,16,21,60,63,65,67,68,71,74,79,82,128,130" machi="21" ten="30,7900,0" yaku="1,1,0,1,9,1,54,1,53,0" doraHai="80" doraHaiUra="132" who="2" fromWho="2" sc="232,-20,293,-39,215,89,250,-20" /><INIT seed="6,0,0,5,5,135" ten="212,254,304,230" oya="2" hai0="27,48,5,45,75,66,82,15,67,64,114,94,77" hai1="52,81,33,90,53,86,109,73,44,99,105,132,72" hai2="31,65,10,29,22,17,97,128,30,37,7,116,110" hai3="130,84,112,113,16,21,124,49,121,54,101,32,43"/><V89/><F37/><W122/><G32/><T60/><D114/><N who="3" m="44137" /><G130/><T74/><D74/><U134/><E33/><V3/><F128/><W119/><G119/><T95/><D60/><U12/><E109/><V71/><F110/><W126/><G101/><T4/><D27/><U76/><E12/><V25/><F116/><W35/><G84/><T26/><D26/><U13/><E13/><V87/><F97/><W102/><G102/><T55/><REACH who="0" step="1"/><D15/><REACH who="0" ten="202,254,304,230" step="2"/><U46/><E73/><V23/><F23/><W78/><G35/><T100/><D100/><U11/><E134/><V68/><REACH who="2" step="1"/><F65/><REACH who="2" ten="202,254,294,230" step="2"/><W103/><G121/><T108/><D108/><U85/><E132/><V69/><F69/><W117/><G122/><T120/><D120/><U9/><E11/><V51/><F51/><W0/><G117/><T91/><D91/><U92/><E9/><V104/><F104/><W41/><G103/><T42/><D42/><N who="3" m="15881" /><G78/><T107/><D107/><U133/><E105/><V96/><F96/><W39/><G39/><T83/><D83/><AGARI ba="0,2" hai="3,7,10,17,22,25,29,30,31,68,71,83,87,89" machi="83" ten="40,2000,0" yaku="1,1,53,0" doraHai="135" doraHaiUra="61" who="2" fromWho="0" sc="202,-20,254,0,294,40,230,0" /><INIT seed="6,1,0,2,1,48" ten="182,254,334,230" oya="2" hai0="78,47,12,90,133,32,67,93,22,45,1,113,43" hai1="27,101,109,25,58,5,50,126,17,19,84,55,44" hai2="28,0,14,131,74,115,128,63,11,111,130,53,132" hai3="118,75,4,10,85,49,91,96,122,39,68,110,97"/><V114/><F74/><W26/><G39/><T135/><D1/><U36/><E109/><V37/><F37/><W65/><G110/><T35/><D78/><U18/><E126/><V13/><F111/><W88/><G75/><T57/><D113/><N who="2" m="43018" /><F132/><W20/><G118/><T98/><D35/><U108/><E108/><V87/><F28/><W119/><G91/><T106/><D106/><U6/><E101/><V120/><F87/><W134/><G122/><T29/><D32/><U127/><E127/><V129/><N who="2" m="32768" /><DORA hai="8" /><V64/><F53/><W82/><G119/><T34/><D34/><U15/><E36/><V66/><F120/><W100/><G100/><T69/><D43/><U61/><E84/><V73/><F73/><W121/><G134/><T52/><D29/><U94/><E94/><V2/><F66/><W80/><G82/><T117/><D117/><U102/><E102/><V76/><F76/><W125/><G125/><T70/><D67/><N who="1" m="39351" /><E15/><N who="2" m="5643" /><F11/><W62/><G121/><T3/><D135/><U54/><E55/><V83/><F83/><W30/><G49/><N who="0" m="30863" /><D133/><U79/><E79/><V7/><F7/><AGARI ba="1,0" hai="5,6,7,17,18,19,25,27,44,50,54" m="39351" machi="7" ten="30,2000,0" yaku="8,1,52,1" doraHai="48,8" who="1" fromWho="2" sc="182,0,254,23,334,-23,230,0" /><INIT seed="7,0,0,3,3,134" ten="182,277,311,230" oya="3" hai0="51,58,102,94,65,48,64,96,53,91,33,52,19" hai1="118,108,5,121,92,88,68,41,107,49,113,61,122" hai2="66,16,3,54,77,112,57,86,28,30,127,82,34" hai3="70,62,4,56,114,117,100,50,12,76,109,95,128"/><W130/><G117/><T44/><D33/><U37/><E108/><V31/><F3/><W21/><G114/><T87/><REACH who="0" step="1"/><D19/><REACH who="0" ten="172,277,311,230" step="2"/><U115/><E115/><V71/><F112/><W84/><G109/><T45/><D45/><U129/><E113/><V8/><F34/><W133/><G133/><T111/><D111/><U59/><E118/><V93/><F16/><W32/><G32/><T98/><D98/><U119/><E119/><V99/><F28/><W85/><G128/><T7/><D7/><U26/><E5/><V75/><F30/><W125/><G130/><T79/><D79/><U83/><E129/><V60/><F31/><W38/><G76/><T120/><D120/><U18/><E18/><V24/><F99/><W39/><G4/><T101/><D101/><U29/><E29/><V25/><F77/><W35/><G35/><T23/><D23/><U97/><E122/><V74/><F8/><W43/><G100/><T106/><AGARI ba="0,1" hai="44,48,51,52,53,58,64,65,87,91,94,96,102,106" machi="106" ten="20,12000,2" yaku="1,1,0,1,7,1,54,1,53,2" doraHai="134" doraHaiUra="63" who="0" fromWho="0" sc="172,130,277,-30,311,-30,230,-60" owari="302,40.0,247,-15.0,281,8.0,170,-33.0" /></mjloggm>