<mjloggm ver="2.3"><GO type="185" lobby="0"/><UN n0="%54%72%61%76%69%53" n1="%E5%85%A5%E5%B7%A3%E6%9F%9A%E5%AE%9F" n2="%E6%98%9F%E7%AB%B9%E8%82%89%E3%83%91%E3%82%BB%E3%83%AA" n3="" dan="16,16,18,0" rate="2106.39,2216.20,2385.77,1500.00" sx="M,F,M,C"/><TAIKYOKU oya="0"/><INIT seed="0,0,0,4,1,133" ten="350,350,350,0" oya="0" hai0="84,102,101,119,61,72,59,70,115,123,52,131,118" hai1="73,83,90,78,46,41,100,51,128,121,53,39,88" hai2="79,50,104,47,134,93,62,82,58,124,43,111,65" hai3=""/><T0/><N who="0" m="31520" /><T97/><D72/><U132/><N who="1" m="31008" /><U94/><E128/><V32/><F134/><T42/><D115/><U107/><E132/><V106/><F32/><T108/><D0/><U122/><N who="1" m="31264" /><U35/><E107/><V37/><F111/><T49/><D131/><U98/><E35/><V45/><F93/><T63/><D108/><U89/><E89/><V54/><F124/><T76/><D102/><U95/><E95/><V126/><F126/><T69/><D42/><U77/><E77/><V80/><F80/><T71/><D76/><U66/><E66/><V57/><REACH who="2" step="1"/><F47/><AGARI ba="0,0" hai="39,41,46,47,51,53,73,78,83,88,90,94,98,100" m="31264,31008" machi="47" ten="30,7700,0" yaku="7,1,52,2,54,1" doraHai="133" who="1" fromWho="2" sc="350,0,350,77,350,-77,0,0" /><INIT seed="1,0,0,4,5,114" ten="350,427,273,0" oya="1" hai0="134,67,63,62,76,49,113,100,94,117,93,66,57" hai1="107,105,58,64,85,50,98,99,65,55,2,34,43" hai2="3,75,44,83,46,86,110,126,37,90,130,103,38" hai3=""/><U56/><E2/><V41/><F110/><T109/><D113/><U91/><E34/><V72/><F3/><T111/><D134/><U0/><E0/><V87/><F130/><T73/><D49/><U84/><E43/><V79/><F103/><T81/><D117/><U68/><E68/><V52/><F126/><T71/><REACH who="0" step="1"/><D100/><REACH who="0" ten="340,427,273,0" step="2"/><U102/><E102/><V53/><F37/><T36/><D36/><U54/><E50/><V59/><F44/><T119/><D119/><U42/><E42/><V108/><F108/><AGARI ba="0,1" hai="57,62,63,66,67,71,73,76,81,93,94,108,109,111" machi="108" ten="40,8000,1" yaku="1,1,14,1,53,2" doraHai="114" doraHaiUra="89" who="0" fromWho="2" sc="340,90,427,0,273,-80,0,0" /><INIT seed="2,0,0,5,0,84" ten="430,427,193,0" oya="2" hai0="128,38,40,101,92,80,67,0,74,111,108,41,130" hai1="35,59,133,49,127,60,37,53,134,75,131,68,65" hai2="77,100,66,98,76,58,124,83,112,120,78,99,79" hai3=""/><V117/><N who="2" m="30752" /><V125/><F66/><T116/><D116/><U104/><E35/><V126/><F117/><T70/><D0/><U48/><E104/><V1/><F1/><T132/><D132/><U2/><E75/><V42/><F58/><T123/><N who="0" m="31520" /><T57/><D70/><U96/><E2/><V106/><F42/><N who="0" m="16490" /><D38/><U122/><N who="1" m="31264" /><U72/><E72/><V43/><F43/><T95/><D74/><U121/><N who="1" m="31008" /><U52/><E37/><V114/><F98/><T46/><D46/><U97/><E131/><N who="0" m="50217" /><D80/><U39/><E127/><V135/><F135/><N who="1" m="51721" /><E39/><V129/><REACH who="2" step="1"/><F129/><REACH who="2" ten="430,427,183,0" step="2"/><T55/><D67/><U88/><E97/><V115/><F115/><T47/><D47/><U73/><E96/><V86/><AGARI ba="0,1" hai="76,77,78,79,83,86,99,100,106,112,114,124,125,126" m="30752" machi="86" ten="40,12000,2" yaku="1,1,0,1,18,1,34,3,52,1,53,0" doraHai="84" doraHaiUra="3" who="2" fromWho="2" sc="430,-60,427,-60,183,130,0,0" /><INIT seed="2,1,0,2,2,94" ten="370,367,313,0" oya="2" hai0="82,110,107,93,71,38,115,117,84,48,99,35,62" hai1="50,1,55,70,86,135,49,45,125,124,76,77,47" hai2="131,97,126,122,98,65,36,129,75,74,89,106,104" hai3=""/><V87/><N who="2" m="31264" /><V130/><F36/><T51/><D38/><U111/><E1/><V90/><F65/><T96/><D117/><U63/><E111/><V116/><F116/><T46/><D35/><U66/><E135/><V81/><F126/><N who="1" m="48745" /><E86/><V114/><F114/><T57/><D71/><U85/><E85/><V3/><F3/><T120/><N who="0" m="30752" /><T67/><D110/><U92/><E92/><V42/><F42/><AGARI ba="1,0" hai="42,45,47,49,50,55,63,66,70,76,77" m="48745" machi="42" ten="30,1000,0" yaku="18,1" doraHai="94" who="1" fromWho="2" sc="370,0,367,12,313,-12,0,0" /><INIT seed="4,0,0,4,2,79" ten="370,379,301,0" oya="0" hai0="52,51,97,115,127,49,102,47,91,1,74,44,34" hai1="63,81,123,33,58,69,96,39,124,88,66,100,126" hai2="53,135,2,43,64,110,46,108,37,38,120,68,82" hai3=""/><T78/><D1/><U61/><N who="1" m="31520" /><U95/><E39/><V62/><N who="2" m="30752" /><V105/><F2/><T48/><D34/><U134/><E33/><V117/><F105/><T0/><D0/><U121/><N who="1" m="31008" /><U67/><E134/><V40/><F135/><T116/><D116/><U32/><E32/><V55/><F82/><T85/><D115/><U99/><REACH who="1" step="1"/><E81/><REACH who="1" ten="370,369,301,0" step="2"/><V98/><F117/><T84/><D74/><U54/><E54/><V3/><F3/><T122/><N who="0" m="31264" /><T60/><D127/><U106/><AGARI ba="0,1" hai="58,61,63,66,67,69,88,95,96,99,100,106,124,126" m="31008,31520" machi="106" ten="30,6000,1" yaku="1,1,0,1,52,2,54,1,53,0" doraHai="79" doraHaiUra="83" who="1" fromWho="1" sc="370,-40,369,70,301,-20,0,0" /><INIT seed="5,0,0,5,5,70" ten="330,439,281,0" oya="1" hai0="87,80,129,57,109,97,51,122,106,35,91,118,82" hai1="65,61,48,88,112,42,132,103,117,49,89,114,86" hai2="115,37,127,53,75,105,77,73,52,104,39,81,125" hai3=""/><U84/><E117/><V134/><F115/><T126/><N who="0" m="31264" /><T63/><D35/><U90/><E103/><V64/><F64/><T60/><D118/><U102/><E102/><V107/><F134/><T45/><D109/><U0/><E0/><V119/><F119/><T3/><D129/><U67/><E132/><V56/><F73/><T99/><D126/><N who="2" m="48138" /><F53/><T69/><D3/><U41/><E90/><V43/><F43/><T50/><D106/><U74/><E61/><AGARI ba="0,0" hai="37,39,52,56,61,75,77,81,104,105,107" m="48138" machi="61" ten="40,8000,1" yaku="18,1,52,2,54,1" doraHai="70" who="2" fromWho="1" sc="330,0,439,-80,281,80,0,0" /><INIT seed="6,0,0,3,5,72" ten="330,359,361,0" oya="2" hai0="120,91,127,93,52,69,118,48,117,114,70,92,99" hai1="106,130,90,131,97,82,98,134,94,85,95,51,104" hai2="121,40,133,46,101,116,77,56,78,62,125,75,122" hai3=""/><V100/><N who="2" m="31008" /><V73/><N who="2" m="31264" /><V113/><F116/><T74/><N who="0" m="30752" /><T128/><D74/><U87/><E51/><V96/><F75/><T59/><D128/><N who="1" m="49195" /><E134/><V35/><F35/><T41/><D114/><U39/><E39/><V105/><F133/><T83/><D127/><U76/><E97/><V107/><F113/><T32/><D32/><U111/><E111/><V67/><F73/><T43/><D118/><U57/><E57/><V89/><F125/><T81/><D117/><U0/><E0/><V112/><F112/><T42/><REACH who="0" step="1"/><D93/><REACH who="0" ten="320,359,361,0" step="2"/><U49/><E49/><V123/><N who="2" m="31520" /><V61/><F105/><T33/><D33/><U34/><E34/><V84/><F61/><T109/><D109/><U63/><E63/><V44/><F107/><T110/><D110/><U135/><E135/><V47/><F62/><T126/><D126/><U37/><E37/><V65/><F96/><T2/><D2/><U102/><AGARI ba="0,1" hai="76,82,85,87,90,94,95,98,102,104,106" m="49195" machi="102" ten="30,5900,0" yaku="19,1,34,2,52,1" doraHai="72" who="1" fromWho="1" sc="320,-20,359,69,361,-39,0,0" owari="300,-30.0,428,38.0,322,-8.0,0,0.0" /></mjloggm>