<mjloggm ver="2.3"><GO type="169" lobby="0"/><UN n0="%61%6D%61%69%6B%61" n1="%E4%B8%83%E7%94%9F%E5%A4%95" n2="%4A%4F%4A%4F%31%39%38%35" n3="%E5%A4%9C%E6%98%8E%E3%81%91%E3%81%AE%42%45%41%54" dan="16,16,16,17" rate="2169.48,2117.26,2118.08,2138.60" sx="M,M,M,M"/><TAIKYOKU oya="0"/><INIT seed="0,0,0,5,5,78" ten="250,250,250,250" oya="0" hai0="58,72,99,14,48,114,129,3,101,106,13,104,46" hai1="125,113,96,30,126,134,69,40,117,105,18,86,112" hai2="23,2,8,50,68,103,76,87,59,131,0,88,24" hai3="57,22,64,73,132,4,116,41,36,11,19,1,107"/><T100/><D114/><N who="1" m="44139" /><E69/><V9/><F68/><W130/><G107/><T93/><D3/><U118/><E40/><V120/><F120/><W60/><G130/><T110/><D129/><U135/><E30/><V122/><F122/><W39/><G132/><N who="1" m="50730" /><E18/><V44/><F131/><W37/><G116/><N who="1" m="44650" /><E86/><V84/><F0/><W20/><G41/><T109/><D58/><U38/><E38/><V42/><F59/><W53/><G19/><T63/><D63/><U71/><E71/><V10/><F2/><W61/><G73/><T67/><D72/><U91/><E91/><V52/><F103/><AGARI ba="0,0" hai="96,103,105,125,126" m="44650,50730,44139" machi="103" ten="40,8000,1" yaku="11,1,20,1,23,1,34,2" doraHai="78" who="1" fromWho="2" sc="250,0,250,80,250,-80,250,0" /><INIT seed="1,0,0,2,2,73" ten="250,330,170,250" oya="1" hai0="2,103,78,40,82,20,47,12,71,33,104,9,76" hai1="130,52,16,30,23,124,46,119,93,5,56,108,29" hai2="70,84,74,132,85,43,38,54,17,106,131,26,79" hai3="123,0,133,59,48,83,28,15,75,25,120,89,116"/><U44/><E119/><V64/><F106/><W88/><G0/><T35/><D71/><U101/><E124/><V45/><F131/><W122/><G116/><T42/><D2/><U65/><E130/><V53/><F132/><W11/><G133/><T118/><D118/><U114/><E5/><V135/><F135/><W31/><G31/><N who="1" m="11786" /><E65/><V107/><F107/><W13/><G13/><T14/><D103/><U98/><E108/><V21/><F74/><W112/><G112/><T58/><D104/><U87/><E87/><V90/><F70/><W96/><G96/><T92/><D92/><U37/><E37/><V126/><F126/><W32/><G59/><T51/><D40/><U67/><E67/><V66/><F66/><W134/><G48/><T41/><D41/><U22/><E22/><V105/><F105/><W36/><G36/><T95/><D95/><U50/><E114/><V1/><F64/><W94/><G94/><T72/><D20/><U91/><E101/><V111/><F1/><W117/><G117/><T34/><D9/><U125/><E125/><V61/><F111/><W4/><REACH who="3" step="1"/><G134/><REACH who="3" ten="250,330,170,240" step="2"/><T129/><D129/><U6/><E6/><V18/><F38/><W97/><G97/><T19/><D58/><U81/><E81/><V80/><F61/><W39/><G39/><T69/><D69/><U86/><E98/><V102/><F80/><W60/><G60/><T99/><D99/><U127/><E127/><V55/><F26/><AGARI ba="0,1" hai="16,23,26,44,46,50,52,56,86,91,93" m="11786" machi="26" ten="30,5800,0" yaku="8,1,54,2" doraHai="73" who="1" fromWho="2" sc="250,0,330,68,170,-58,240,0" /><INIT seed="1,1,0,1,4,65" ten="250,398,112,240" oya="1" hai0="40,16,134,36,67,86,27,125,38,98,71,96,2" hai1="1,84,77,95,128,62,120,64,10,47,0,49,107" hai2="28,109,126,68,127,57,41,92,121,97,8,132,60" hai3="90,53,9,42,83,79,123,17,54,3,82,61,55"/><U52/><E120/><V63/><F121/><W80/><G123/><T46/><D2/><U113/><E107/><V24/><F109/><W31/><G42/><T85/><D36/><U50/><E113/><V103/><F132/><W119/><G119/><T5/><D5/><U105/><E105/><V23/><F41/><W51/><G31/><T19/><D125/><U118/><E128/><V104/><F104/><W66/><G90/><T4/><D4/><U11/><E118/><V58/><F8/><W26/><G3/><T7/><D7/><U106/><E106/><V33/><F33/><W101/><G101/><T21/><D134/><U37/><E37/><V93/><F93/><W13/><G26/><T131/><D131/><U99/><E50/><V135/><F135/><W78/><REACH who="3" step="1"/><G51/><REACH who="3" ten="250,398,112,230" step="2"/><T76/><D27/><U73/><E1/><V15/><F15/><W122/><G122/><T116/><D116/><U124/><E0/><V115/><F115/><W35/><G35/><T22/><D40/><U100/><E124/><V102/><F102/><W87/><G87/><T30/><D30/><U20/><E73/><V34/><F34/><W108/><G108/><T91/><D91/><U70/><E84/><V59/><REACH who="2" step="1"/><F60/><REACH who="2" ten="250,398,102,230" step="2"/><W88/><G88/><T18/><D38/><U110/><E110/><V45/><F45/><W25/><G25/><T94/><D46/><U6/><E77/><V114/><F114/><W75/><G75/><T133/><D76/><U111/><E111/><V81/><F81/><W72/><G72/><T56/><D133/><U29/><E6/><V89/><F89/><RYUUKYOKU ba="1,2" sc="250,-30,398,10,102,10,230,10" hai1="10,11,20,29,47,49,52,62,64,70,95,99,100" hai2="23,24,28,57,58,59,63,68,92,97,103,126,127" hai3="9,13,17,53,54,55,61,66,78,79,80,82,83" /><INIT seed="1,2,2,5,0,119" ten="220,408,112,240" oya="1" hai0="65,118,87,24,107,13,49,105,59,19,121,5,2" hai1="45,62,129,79,3,94,122,43,109,108,83,23,73" hai2="31,54,95,63,101,92,20,16,70,33,9,133,44" hai3="102,17,126,78,27,8,106,124,123,28,86,47,127"/><U0/><E129/><V89/><F133/><W104/><G123/><T130/><D118/><U60/><E122/><V120/><F120/><W97/><G47/><T75/><D75/><U132/><E132/><V14/><F33/><N who="3" m="20639" /><G17/><T103/><D121/><U82/><E82/><V1/><F101/><W52/><G8/><T11/><D130/><U68/><E23/><V18/><F31/><W69/><G69/><T71/><D103/><U116/><E94/><V29/><F29/><W84/><G78/><T64/><D24/><U22/><E22/><V131/><F131/><W98/><G52/><T125/><D125/><U76/><E76/><V32/><F32/><W46/><G46/><T134/><D134/><U77/><E79/><V41/><F1/><N who="1" m="585" /><E62/><V61/><F70/><W91/><G91/><T72/><D72/><U135/><E116/><V57/><F63/><W117/><G117/><T21/><D71/><U56/><E56/><V55/><F55/><W34/><G34/><T4/><D4/><U100/><E100/><AGARI ba="2,2" hai="84,86,97,98,100,102,104,106,124,126,127" m="20639" machi="100" ten="30,1000,0" yaku="18,1" doraHai="119" who="3" fromWho="1" sc="220,0,408,-16,112,0,240,36" /><INIT seed="2,0,0,5,3,64" ten="220,392,112,276" oya="2" hai0="102,128,103,46,95,127,29,21,121,98,90,37,51" hai1="100,49,106,65,68,66,53,7,72,123,2,0,25" hai2="56,42,48,57,75,45,61,79,105,119,133,85,112" hai3="63,23,122,132,80,129,9,108,39,28,67,126,125"/><V14/><F112/><W10/><G39/><T88/><D121/><U5/><E72/><V114/><F114/><W92/><G108/><T83/><D37/><U52/><E49/><V12/><F119/><W62/><G122/><T15/><D127/><U94/><E94/><V47/><F133/><W91/><G62/><T40/><D128/><U20/><E20/><V26/><F105/><W24/><G80/><T97/><D83/><U18/><E18/><V101/><F75/><W74/><G74/><T17/><REACH who="0" step="1"/><D29/><REACH who="0" ten="210,392,112,276" step="2"/><U130/><E130/><V27/><F79/><W19/><G129/><T87/><D87/><U8/><E123/><V76/><F76/><W36/><G36/><T3/><D3/><U111/><E0/><V50/><F85/><N who="3" m="52335" /><G28/><T77/><D77/><U38/><E2/><V110/><F110/><W22/><G132/><T78/><D78/><U69/><E38/><V32/><F101/><W116/><G116/><T107/><AGARI ba="0,1" hai="15,17,21,40,46,51,88,90,95,97,98,102,103,107" machi="107" ten="20,5200,0" yaku="1,1,0,1,7,1,54,1,53,0" doraHai="64" doraHaiUra="81" who="0" fromWho="0" sc="210,62,392,-13,112,-26,276,-13" /><INIT seed="3,0,0,0,4,36" ten="272,379,86,263" oya="3" hai0="79,25,54,84,116,41,53,77,30,16,37,112,63" hai1="65,128,69,102,125,114,109,13,85,10,4,55,82" hai2="124,117,90,45,56,108,34,126,6,5,42,81,9" hai3="119,111,129,31,130,29,1,51,60,68,8,18,89"/><W123/><G119/><T131/><D116/><U105/><E114/><V87/><F117/><W133/><G123/><T59/><D112/><U57/><E109/><V2/><F108/><W86/><G111/><T35/><D131/><N who="3" m="50185" /><G133/><T110/><D110/><U26/><E125/><V14/><F34/><W33/><G33/><T134/><D134/><U115/><E128/><V78/><F5/><N who="3" m="1071" /><G51/><T38/><D38/><U113/><E26/><V98/><F2/><W71/><G18/><T44/><D16/><U19/><E19/><V104/><F56/><W11/><G11/><T75/><D75/><U39/><E39/><V127/><F104/><W122/><G122/><T15/><D15/><U80/><E69/><N who="3" m="26698" /><G60/><T40/><D40/><U101/><E10/><V88/><REACH who="2" step="1"/><F98/><REACH who="2" ten="272,379,76,263" step="2"/><W48/><G48/><AGARI ba="0,1" hai="6,9,14,42,45,48,78,81,87,88,90,124,126,127" machi="48" ten="40,12000,2" yaku="1,1,2,1,25,2,18,1,52,1,54,1,53,0" doraHai="36" doraHaiUra="92" who="2" fromWho="3" sc="272,0,379,0,76,130,263,-120" /><INIT seed="4,0,0,2,3,38" ten="272,379,206,143" oya="0" hai0="20,36,127,135,37,72,105,0,15,74,66,129,67" hai1="111,115,45,91,41,3,132,84,28,81,33,125,50" hai2="21,30,95,4,17,85,7,97,35,2,120,40,68" hai3="9,5,130,87,133,89,26,106,29,104,69,19,134"/><T23/><D15/><U62/><E111/><V44/><F120/><W117/><G117/><T27/><D27/><U61/><E3/><V51/><F68/><W60/><G130/><T98/><D98/><U107/><E125/><V48/><F2/><W52/><G19/><T55/><D0/><U92/><E132/><V93/><F35/><W124/><G124/><T126/><D55/><U10/><E107/><V14/><F30/><W118/><G118/><T77/><D77/><U47/><E10/><V18/><F85/><W90/><G106/><T94/><D94/><U64/><E115/><V76/><F76/><W31/><G104/><T88/><D105/><U1/><E1/><V8/><F51/><W58/><G69/><T56/><D56/><U49/><E81/><V100/><REACH who="2" step="1"/><F93/><REACH who="2" ten="272,379,196,143" step="2"/><W13/><G31/><T25/><D127/><U113/><E28/><V86/><F86/><W108/><G108/><T43/><D126/><U12/><E33/><V79/><F79/><W80/><REACH who="3" step="1"/><G89/><REACH who="3" ten="272,379,196,133" step="2"/><T103/><D88/><U110/><E91/><V63/><F63/><W102/><G102/><T54/><D103/><U96/><E62/><V53/><F53/><W122/><G122/><T121/><D54/><U22/><E110/><V32/><F32/><AGARI ba="0,2" hai="5,9,13,26,29,32,52,58,60,80,87,90,133,134" machi="32" ten="40,5200,0" yaku="1,1,54,1,53,1" doraHai="38" doraHaiUra="82" who="3" fromWho="2" sc="272,0,379,0,196,-52,133,72" /><INIT seed="5,0,0,5,3,64" ten="272,379,144,205" oya="1" hai0="54,115,129,28,67,70,66,133,68,109,69,20,19" hai1="58,44,110,100,77,21,91,80,134,30,122,24,83" hai2="37,15,7,132,45,14,41,117,1,99,33,84,119" hai3="9,123,130,107,17,61,102,72,49,59,22,26,104"/><U48/><E122/><V57/><F33/><W87/><G72/><T2/><D109/><U75/><E134/><V98/><F132/><W114/><G123/><T95/><D133/><U25/><E110/><V90/><F1/><W40/><G114/><T52/><D2/><U35/><E100/><V47/><F57/><W27/><G130/><T126/><D28/><U94/><E58/><V128/><F128/><W101/><G104/><T11/><D11/><U131/><E131/><V53/><F53/><N who="0" m="20586" /><D129/><U51/><E80/><V97/><F47/><N who="3" m="25831" /><G107/><T76/><D95/><U16/><REACH who="1" step="1"/><E44/><REACH who="1" ten="272,369,144,205" step="2"/><V103/><F103/><W73/><G101/><T32/><D69/><U118/><E118/><V29/><F117/><W111/><G102/><T4/><D68/><U116/><E116/><V38/><F119/><W125/><G59/><T39/><D70/><U71/><E71/><V46/><F46/><W127/><G111/><T88/><D66/><U34/><E34/><V3/><F45/><W108/><G108/><T86/><D67/><U124/><E124/><V50/><F37/><W96/><G125/><T82/><D39/><U18/><E18/><V0/><F38/><W62/><G17/><T112/><D126/><U55/><E55/><V135/><F135/><W92/><G127/><T60/><D32/><U79/><E79/><V78/><F78/><W10/><G62/><T13/><D60/><U74/><E74/><V105/><F105/><W36/><G36/><T31/><D76/><U113/><E113/><N who="0" m="43593" /><D31/><U5/><E5/><AGARI ba="0,1" hai="4,5,13,19,20,82,86,88" m="43593,20586" machi="5" ten="30,3900,0" yaku="15,1,54,2" doraHai="64" who="0" fromWho="1" sc="272,49,369,-39,144,0,205,0" /><INIT seed="6,0,0,4,5,35" ten="321,330,144,205" oya="2" hai0="37,101,6,81,135,66,0,122,132,84,134,52,61" hai1="103,42,102,120,39,129,9,49,117,15,40,68,119" hai2="69,106,95,107,77,30,82,99,25,16,7,51,18" hai3="47,43,126,97,123,54,3,85,89,108,124,58,96"/><V114/><F114/><W56/><G108/><T112/><D37/><U67/><E39/><V38/><F38/><N who="3" m="22007" /><G123/><T78/><D112/><U28/><E120/><V90/><F69/><W29/><G29/><T53/><D101/><U24/><E129/><V93/><F7/><W13/><G13/><T45/><D45/><U104/><E67/><V41/><F41/><W60/><G58/><N who="0" m="37175" /><D122/><U83/><E68/><V118/><F118/><W5/><G5/><T133/><D133/><U65/><E65/><V87/><F51/><W23/><G23/><T8/><AGARI ba="0,0" hai="0,6,8,52,53,78,81,84,132,134,135" m="37175" machi="8" ten="40,5200,0" yaku="20,1,52,1,54,1" doraHai="35" who="0" fromWho="0" sc="321,52,330,-13,144,-26,205,-13" /><INIT seed="7,0,0,5,5,128" ten="373,317,118,192" oya="3" hai0="26,112,3,111,133,13,120,73,33,52,80,54,14" hai1="24,42,129,108,56,53,64,86,68,104,69,131,127" hai2="114,50,94,125,118,45,99,117,7,1,107,84,35" hai3="106,71,40,32,4,41,55,98,92,89,62,28,36"/><W88/><G106/><T51/><D111/><U82/><E108/><V16/><F35/><W66/><G36/><T132/><D3/><U39/><E104/><V0/><F114/><W85/><G4/><T95/><D120/><U93/><E93/><V76/><F125/><W10/><G10/><T31/><D95/><U8/><E127/><V30/><F30/><W122/><G122/><T124/><D124/><U15/><E24/><V65/><F65/><W83/><REACH who="3" step="1"/><G55/><REACH who="3" ten="373,317,118,182" step="2"/><T77/><D52/><U102/><E53/><V60/><F107/><W2/><G2/><T70/><D112/><U27/><E8/><V101/><F0/><W119/><G119/><T78/><D54/><U63/><E39/><V57/><F1/><W130/><G130/><T67/><D67/><U58/><E64/><V46/><F7/><W19/><G19/><T110/><D110/><U34/><E129/><V29/><F117/><W103/><G103/><T25/><D31/><U123/><E102/><V87/><F118/><W61/><G61/><T37/><D37/><U22/><E63/><V105/><F29/><W5/><G5/><T38/><D38/><U59/><E131/><V75/><F105/><W91/><G91/><T135/><D133/><U100/><E100/><V48/><F16/><W9/><G9/><T47/><D135/><U43/><E123/><V134/><F134/><W109/><G109/><T23/><D132/><U18/><E18/><V20/><F48/><W72/><G72/><T115/><D73/><U17/><E17/><V116/><F116/><W74/><G74/><T81/><D51/><RYUUKYOKU ba="0,1" sc="373,-10,317,-10,118,-10,182,30" hai3="28,32,40,41,62,66,71,83,85,88,89,92,98" /><INIT seed="7,1,1,3,4,70" ten="363,307,108,212" oya="3" hai0="97,18,6,135,57,65,102,60,10,96,113,23,127" hai1="15,17,25,122,69,67,21,4,61,85,95,115,107" hai2="80,132,1,120,93,131,27,89,62,105,42,48,83" hai3="33,114,82,126,7,123,121,100,76,24,112,2,117"/><W90/><G90/><T118/><D118/><U56/><E107/><V101/><F131/><W37/><G100/><T75/><D75/><U47/><E115/><N who="3" m="44074" /><G117/><T14/><D113/><U29/><E122/><V103/><F1/><W3/><G126/><T91/><D135/><U134/><E134/><V31/><F132/><W45/><G24/><N who="0" m="14455" /><D127/><U46/><E69/><V87/><F120/><N who="3" m="46155" /><G33/><T104/><D104/><U55/><E67/><V53/><F42/><N who="3" m="22735" /><G7/><T59/><D102/><U16/><E4/><V98/><F62/><W35/><G35/><T28/><D28/><U64/><E64/><V71/><F71/><W40/><G40/><T22/><D91/><N who="1" m="53743" /><E17/><V108/><F103/><W50/><G50/><T124/><D22/><AGARI ba="1,1" hai="15,16,21,22,25,29,46,47,55,56,61" m="53743" machi="22" ten="30,2000,0" yaku="8,1,54,1" doraHai="70" who="1" fromWho="0" sc="363,-23,307,33,108,0,212,0" owari="340,44.0,340,14.0,108,-39.0,212,-19.0" /></mjloggm>