<mjloggm ver="2.3"><GO type="169" lobby="0"/><UN n0="%E4%BB%8A%E6%97%A5%E4%B8%80" n1="%E3%81%92%E3%82%93%E3%81%BE%E3%81%84" n2="%E7%B5%B5%E7%AD%86%E3%81%A8%E5%B8%8C%E6%9C%9B%E3%81%AE%E5%94%84" n3="%E6%86%A7%E7%91%9A" dan="16,16,16,17" rate="2092.20,2125.95,2055.05,2188.89" sx="F,M,F,M"/><TAIKYOKU oya="0"/><INIT seed="0,0,0,4,4,107" ten="250,250,250,250" oya="0" hai0="115,134,103,124,105,44,130,113,47,10,57,74,102" hai1="48,118,111,67,41,7,61,75,3,116,2,133,20" hai2="50,15,119,72,96,90,128,81,120,87,73,91,37" hai3="129,59,125,109,26,117,79,29,8,127,22,68,21"/><T135/><D124/><U34/><E34/><V98/><F37/><W92/><G68/><T82/><D10/><U76/><E20/><V123/><F50/><W97/><G117/><T104/><D57/><U49/><E49/><V0/><F15/><W83/><G109/><T77/><D47/><U80/><E48/><V99/><F0/><N who="1" m="41" /><E7/><V53/><F53/><W70/><G70/><T78/><D44/><U19/><E19/><V114/><F114/><N who="0" m="43530" /><D78/><U63/><E63/><V132/><F119/><W31/><G8/><T106/><D130/><U18/><E18/><V131/><F91/><W14/><G129/><N who="2" m="49737" /><F132/><AGARI ba="0,0" hai="74,77,82,102,103,104,105,106,132,134,135" m="43530" machi="132" ten="40,12000,1" yaku="20,1,34,2,52,1" doraHai="107" who="0" fromWho="2" sc="250,120,250,0,250,-120,250,0" /><INIT seed="0,1,0,1,0,36" ten="370,250,130,250" oya="0" hai0="45,6,69,54,60,75,134,85,126,68,88,8,44" hai1="47,46,20,35,92,59,114,95,10,78,13,108,132" hai2="70,67,93,65,15,113,22,12,4,66,58,72,99" hai3="83,0,63,89,1,97,43,125,109,117,105,52,26"/><T23/><D75/><U103/><E35/><V128/><F113/><W129/><G117/><T86/><D134/><U61/><E132/><V119/><F70/><W3/><G109/><T111/><D126/><U90/><E108/><V42/><F72/><W38/><G125/><T28/><D111/><U74/><E114/><V41/><F128/><W124/><G124/><T48/><D86/><U27/><E74/><V107/><F107/><W71/><G26/><T37/><D60/><U96/><E78/><V16/><F58/><W112/><G83/><T73/><D73/><U2/><E2/><V120/><F120/><W39/><G112/><T101/><D101/><U102/><E13/><V81/><F81/><W77/><G77/><T57/><D28/><N who="1" m="17511" /><E10/><N who="2" m="4167" /><F119/><W98/><G71/><T31/><D23/><U30/><E30/><V9/><F9/><W53/><G105/><T11/><D31/><U104/><E104/><V49/><F49/><W55/><G63/><T19/><D19/><U7/><E7/><V82/><F82/><W115/><G115/><T80/><D11/><U133/><E133/><V21/><F21/><W62/><G62/><T79/><D79/><U135/><E135/><V64/><N who="2" m="16384" /><DORA hai="76" /><V116/><F116/><W118/><G118/><T40/><REACH who="0" step="1"/><D57/><REACH who="0" ten="360,250,130,250" step="2"/><U123/><E61/><V29/><F29/><W106/><G129/><T91/><D91/><AGARI ba="1,1" hai="15,16,22,41,42,91,93,99" m="16384,4167" machi="91" ten="40,8000,1" yaku="8,1,52,2,54,1" doraHai="36,76" who="2" fromWho="0" sc="360,-83,250,0,130,93,250,0" /><INIT seed="1,0,0,5,3,129" ten="277,250,223,250" oya="1" hai0="17,111,115,41,62,76,7,9,75,69,51,44,123" hai1="36,71,67,12,38,99,121,122,131,66,8,78,79" hai2="97,65,60,106,28,39,116,102,46,47,113,93,42" hai3="0,94,31,112,18,101,114,98,63,43,132,4,85"/><U68/><E99/><V91/><F116/><W72/><G72/><T64/><D123/><U40/><E12/><V14/><F113/><W34/><G43/><T5/><D115/><U16/><E8/><V87/><F14/><W33/><G18/><T13/><D111/><U118/><E40/><V32/><F42/><W107/><G132/><T80/><AGARI ba="0,0" hai="5,7,9,13,17,41,44,51,62,64,69,75,76,80" machi="80" ten="30,1100,0" yaku="0,1" doraHai="129" who="0" fromWho="0" sc="277,11,250,-5,223,-3,250,-3" /><INIT seed="2,0,0,5,3,16" ten="288,245,220,247" oya="2" hai0="85,67,74,87,58,24,114,107,47,75,119,12,78" hai1="101,72,66,9,135,130,71,79,77,61,15,36,123" hai2="10,68,19,50,116,132,90,2,112,127,84,45,4" hai3="5,81,99,32,122,118,110,134,27,8,56,120,65"/><V28/><F112/><W33/><G118/><T46/><D114/><U109/><E109/><V51/><F116/><W129/><G110/><T102/><D119/><U39/><E135/><V106/><F132/><W105/><G134/><T89/><D12/><U3/><E130/><V11/><F127/><W0/><G129/><T117/><D117/><U108/><E108/><V91/><F68/><W23/><G81/><T115/><D115/><U26/><E123/><V86/><F106/><W6/><G6/><T7/><D7/><U42/><E101/><V38/><F38/><W55/><G65/><T62/><D85/><U133/><E133/><V49/><F28/><W111/><G111/><T20/><D102/><U53/><E53/><V25/><F2/><W13/><G0/><T70/><D70/><U40/><E26/><V94/><F4/><W69/><G69/><T30/><D107/><U113/><E113/><V29/><F45/><W92/><G105/><T88/><D89/><U64/><E64/><V100/><F19/><W63/><G122/><T31/><D31/><U103/><E103/><V104/><F100/><W35/><G120/><T131/><D131/><U82/><E79/><V95/><REACH who="2" step="1"/><F104/><REACH who="2" ten="288,245,210,247" step="2"/><W44/><G44/><T18/><D30/><U14/><E3/><V41/><F41/><W83/><G5/><T97/><D47/><U37/><E40/><V52/><F52/><W54/><G55/><T34/><D46/><U126/><E42/><V124/><F124/><W96/><G54/><T128/><D128/><U125/><E125/><V76/><F76/><W59/><G59/><RYUUKYOKU ba="0,1" sc="288,-10,245,-10,210,30,247,-10" hai2="10,11,25,29,49,50,51,84,86,90,91,94,95" /><INIT seed="2,1,1,3,2,76" ten="278,235,240,237" oya="2" hai0="131,11,82,38,58,47,71,90,29,14,34,87,52" hai1="65,24,20,50,21,53,96,43,92,89,17,116,19" hai2="64,109,55,111,18,54,80,2,129,32,85,68,115" hai3="10,84,70,12,86,117,123,105,60,135,77,128,97"/><V91/><F115/><W46/><G117/><T28/><D28/><U69/><E116/><V26/><F2/><W100/><G123/><T1/><D71/><U59/><E43/><V106/><F106/><W31/><G128/><T42/><D131/><U3/><E3/><V127/><F129/><W62/><G135/><T102/><D1/><U35/><E35/><V73/><F73/><W78/><G46/><T114/><D114/><U98/><E69/><V15/><F127/><W108/><G108/><N who="2" m="41545" /><F64/><W110/><G110/><T37/><D102/><U7/><E7/><V8/><F68/><W133/><G133/><T126/><D126/><U57/><E65/><V45/><F45/><W72/><G70/><T125/><D125/><U48/><E96/><V79/><F79/><W44/><G44/><T6/><D29/><AGARI ba="1,1" hai="8,15,18,26,29,32,54,55,80,85,91" m="41545" machi="29" ten="30,5800,0" yaku="14,1,10,1,52,1" doraHai="76" who="2" fromWho="0" sc="278,-61,235,0,240,71,237,0" /><INIT seed="2,2,0,2,4,59" ten="217,235,311,237" oya="2" hai0="20,57,68,110,60,133,50,71,134,101,17,58,112" hai1="82,63,8,93,105,104,75,103,98,107,1,116,126" hai2="124,56,62,66,111,35,36,37,91,87,27,7,23" hai3="18,89,109,55,106,48,118,121,90,74,32,43,42"/><V30/><F124/><W97/><G32/><T51/><D101/><U44/><E116/><V83/><F111/><W14/><G109/><T81/><D81/><U31/><E126/><V4/><REACH who="2" step="1"/><F35/><REACH who="2" ten="217,235,301,237" step="2"/><W64/><G118/><T92/><D110/><U113/><E113/><V29/><F29/><W70/><G121/><T76/><D112/><U40/><E31/><V122/><F122/><W49/><G106/><T19/><D133/><U2/><E107/><V99/><F99/><W3/><G97/><T13/><D134/><U114/><E105/><V72/><F72/><W78/><G74/><T22/><D76/><U86/><E114/><V52/><F52/><W128/><G55/><T9/><D71/><U45/><E75/><V39/><AGARI ba="2,1" hai="4,7,23,27,30,36,37,39,56,62,66,83,87,91" machi="39" ten="30,6000,0" yaku="1,1,0,1,52,1,53,0" doraHai="59" doraHaiUra="34" who="2" fromWho="2" sc="217,-22,235,-22,301,76,237,-22" /><INIT seed="2,3,0,4,0,3" ten="195,213,377,215" oya="2" hai0="132,42,118,2,94,99,89,43,123,71,134,122,107" hai1="16,64,44,92,52,17,33,75,31,54,101,82,128" hai2="29,50,79,6,130,51,62,65,116,73,9,131,60" hai3="110,1,117,112,85,27,97,121,74,21,14,63,72"/><V88/><F116/><W48/><G1/><T24/><D71/><U93/><E128/><N who="2" m="49195" /><F29/><W81/><G117/><T46/><D118/><U12/><E64/><V127/><F79/><W126/><G121/><T32/><D2/><U45/><E75/><V20/><F73/><W124/><G110/><T70/><D70/><U115/><E115/><V133/><F127/><W114/><G97/><T13/><D107/><U56/><E33/><V61/><F65/><W87/><G63/><T19/><D24/><U77/><E31/><V39/><F39/><W30/><G48/><T25/><D25/><U66/><E66/><V36/><F36/><W120/><G120/><T103/><D32/><U76/><E101/><V22/><F88/><W100/><G100/><T78/><D78/><U90/><E90/><V113/><F113/><N who="3" m="43627" /><G72/><T95/><D122/><U7/><E82/><V106/><F106/><W41/><G74/><T8/><D123/><U105/><E105/><V102/><F102/><W108/><G108/><T4/><D103/><U111/><E111/><V91/><F91/><W58/><G81/><T11/><D95/><U119/><E119/><V129/><F129/><W34/><G87/><T38/><D43/><U67/><E67/><V18/><F133/><W96/><G96/><T68/><D68/><U55/><E93/><V125/><F125/><N who="3" m="48235" /><G85/><T59/><D134/><U35/><E92/><V15/><F51/><W10/><G34/><T57/><D132/><U84/><E35/><V98/><F98/><W86/><G86/><T80/><D80/><U40/><E84/><V53/><F50/><RYUUKYOKU ba="3,0" sc="195,30,213,-10,377,-10,215,-10" hai0="4,8,11,13,19,38,42,46,57,59,89,94,99" /><INIT seed="3,4,0,1,0,84" ten="225,203,367,205" oya="3" hai0="48,70,101,22,55,13,50,111,24,6,36,86,20" hai1="17,8,75,89,59,34,73,104,106,122,43,76,131" hai2="9,40,115,87,118,82,5,71,3,44,94,41,61" hai3="127,79,23,92,133,26,128,56,2,32,30,49,123"/><W35/><G123/><T77/><D36/><U74/><E34/><V10/><F115/><W67/><G128/><T116/><D111/><U113/><E122/><V134/><F118/><W58/><G127/><T42/><D70/><U72/><E113/><V37/><F134/><W83/><G133/><T130/><D130/><U117/><E131/><V15/><F94/><W64/><G2/><T1/><D1/><U47/><E117/><V135/><F135/><W29/><G92/><T66/><D116/><U80/><E59/><V81/><F41/><W28/><G58/><T124/><D124/><U110/><E110/><V88/><F61/><W33/><G49/><T54/><D66/><U108/><E108/><V45/><F45/><W120/><G120/><T95/><D42/><U121/><E121/><V27/><F27/><W132/><G132/><T51/><D77/><U90/><E17/><V91/><F71/><W38/><G38/><T0/><D0/><U105/><REACH who="1" step="1"/><E8/><REACH who="1" ten="225,193,367,205" step="2"/><V16/><F82/><W63/><REACH who="3" step="1"/><G64/><REACH who="3" ten="225,193,367,195" step="2"/><T25/><D54/><U85/><E85/><AGARI ba="4,2" hai="23,26,28,29,30,32,33,35,56,63,67,79,83,85" machi="85" ten="40,3900,0" yaku="1,1,2,1,53,0" doraHai="84" doraHaiUra="119" who="3" fromWho="1" sc="225,0,193,-51,367,0,195,71" /><INIT seed="3,5,0,3,0,54" ten="225,142,367,266" oya="3" hai0="37,15,14,119,5,129,50,33,123,8,126,43,6" hai1="18,72,111,95,40,45,52,26,109,32,39,55,98" hai2="82,133,4,20,42,131,29,113,88,67,106,125,31" hai3="53,60,16,66,84,23,63,94,97,58,104,91,77"/><W71/><G104/><T35/><D37/><U135/><E72/><V41/><F113/><W70/><G77/><T1/><D43/><U56/><E135/><V107/><F133/><W121/><G121/><T13/><D50/><U0/><E0/><V69/><F4/><W124/><G124/><T10/><D123/><U59/><E18/><V103/><F131/><W25/><G84/><T81/><D81/><U34/><E26/><V93/><F82/><W64/><G64/><T12/><D126/><U86/><E86/><V116/><F116/><W49/><G49/><T48/><D48/><U11/><E11/><V46/><F42/><W100/><G100/><T115/><D119/><U21/><E21/><V76/><F76/><W44/><G44/><T90/><D90/><N who="1" m="55671" /><E32/><N who="0" m="12361" /><D129/><U17/><E17/><V130/><F130/><W92/><G92/><T61/><D61/><U83/><E83/><V122/><F122/><W128/><G128/><T112/><AGARI ba="5,0" hai="1,5,6,8,10,12,13,14,15,112,115" m="12361" machi="112" ten="40,2700,0" yaku="34,2" doraHai="54" who="0" fromWho="0" sc="225,42,142,-12,367,-12,266,-18" /><INIT seed="4,0,0,1,0,10" ten="267,130,355,248" oya="0" hai0="124,41,119,37,30,105,64,99,28,88,82,77,118" hai1="32,81,121,11,107,46,14,18,59,48,73,122,3" hai2="83,23,24,12,78,117,25,112,135,114,94,108,60" hai3="21,79,69,102,39,43,123,40,0,61,113,36,66"/><T89/><D124/><U44/><E107/><V85/><F108/><W6/><G113/><N who="2" m="43625" /><F135/><W27/><G123/><T95/><D64/><U13/><E32/><V5/><F117/><W1/><G102/><T120/><D120/><U63/><E3/><V75/><F60/><W62/><G79/><T127/><D127/><U76/><E46/><V50/><F50/><W55/><G6/><T70/><D70/><U65/><REACH who="1" step="1"/><E14/><REACH who="1" ten="267,120,355,248" step="2"/><V42/><F12/><W34/><G34/><T86/><D118/><U128/><E128/><V51/><F25/><W92/><G0/><T57/><D119/><U17/><E17/><V20/><F24/><W49/><G1/><T4/><D105/><U71/><E71/><V47/><F5/><W115/><G115/><T54/><D4/><U103/><E103/><V110/><F110/><W87/><G39/><T52/><D28/><U84/><E84/><V116/><F116/><W33/><G36/><T45/><D30/><U111/><E111/><V129/><F129/><W56/><G33/><T74/><REACH who="0" step="1"/><D57/><REACH who="0" ten="257,120,355,248" step="2"/><U130/><E130/><V91/><AGARI ba="0,2" hai="20,23,42,47,51,75,78,83,85,91,94" m="43625" machi="91" ten="30,1100,0" yaku="15,1" doraHai="10" who="2" fromWho="2" sc="257,-5,120,-3,355,31,248,-3" /><INIT seed="5,0,0,5,5,50" ten="252,117,386,245" oya="1" hai0="64,31,2,99,11,44,39,125,97,55,65,35,10" hai1="124,54,19,52,119,5,84,108,21,96,81,30,114" hai2="17,87,133,45,24,86,36,73,51,23,127,134,88" hai3="130,7,98,135,16,89,100,111,129,78,59,46,13"/><U92/><E119/><V63/><F73/><W91/><G111/><T56/><D125/><U117/><E117/><V123/><F123/><W72/><G7/><T25/><D65/><U40/><E108/><V12/><F36/><W8/><G135/><N who="2" m="51721" /><F127/><W79/><G46/><T0/><D64/><U93/><E124/><V120/><F120/><W43/><G43/><T3/><D11/><U110/><E110/><V62/><F24/><W126/><G126/><T85/><D85/><N who="2" m="32266" /><F88/><N who="3" m="33867" /><G59/><T49/><REACH who="0" step="1"/><D10/><REACH who="0" ten="242,117,386,245" step="2"/><U14/><E114/><V112/><F112/><W132/><G72/><T18/><D18/><U27/><E5/><V122/><F122/><W47/><G132/><T90/><D90/><N who="1" m="51471" /><E40/><AGARI ba="0,1" hai="12,17,23,40,45,51,62,63" m="32266,51721" machi="40" ten="30,1000,0" yaku="20,1" doraHai="50" who="2" fromWho="1" sc="242,0,117,-10,386,20,245,0" /><AGARI ba="0,0" hai="0,2,3,25,31,35,39,40,44,49,55,56,97,99" machi="40" ten="40,5200,0" yaku="1,1,52,1,53,1" doraHai="50" doraHaiUra="41" who="0" fromWho="1" sc="242,52,107,-52,406,0,245,0" /><INIT seed="6,0,0,1,0,61" ten="294,55,406,245" oya="2" hai0="62,1,87,118,72,11,113,111,96,2,3,119,20" hai1="0,17,91,34,63,7,45,56,69,29,14,6,18" hai2="48,52,98,99,82,23,110,74,13,27,123,129,73" hai3="44,127,43,38,83,31,135,120,80,36,133,22,130"/><V76/><F123/><W15/><G120/><T65/><D72/><U42/><E69/><V128/><F74/><W122/><G122/><T134/><D111/><U121/><E121/><V19/><F110/><W4/><G36/><T95/><D113/><U24/><E91/><V97/><REACH who="2" step="1"/><F27/><REACH who="2" ten="294,55,396,245" step="2"/><N who="3" m="16887" /><G130/><T53/><D119/><U28/><E28/><V21/><F21/><W10/><G127/><T25/><D118/><U109/><E109/><V131/><F131/><W90/><G90/><T5/><D20/><U37/><E24/><V41/><F41/><W66/><G66/><T107/><D25/><U105/><E29/><V116/><F116/><W64/><G64/><T86/><D65/><U81/><E34/><V50/><F50/><W35/><G35/><T47/><D62/><U79/><E63/><V132/><F132/><AGARI ba="0,1" hai="4,10,15,38,43,44,80,83,132,133,135" m="16887" machi="132" ten="30,1000,0" yaku="20,1" doraHai="61" who="3" fromWho="2" sc="294,0,55,0,396,-10,245,20" /><INIT seed="7,0,0,0,1,74" ten="294,55,386,265" oya="3" hai0="55,127,102,65,78,92,107,29,1,10,122,67,31" hai1="4,21,119,56,16,128,132,36,52,100,103,54,5" hai2="126,20,88,22,130,17,94,85,51,59,133,106,77" hai3="34,69,41,125,93,83,70,120,35,30,68,97,12"/><W58/><G120/><T72/><D122/><U73/><E36/><V123/><F106/><W108/><G125/><T39/><D107/><U50/><E132/><V90/><F77/><W117/><G117/><T32/><D39/><U18/><E119/><V84/><F123/><W45/><G108/><T81/><D127/><U64/><E73/><V6/><F126/><W42/><G30/><T105/><D105/><U101/><E128/><V112/><F6/><W13/><G58/><T38/><D38/><U135/><E135/><V75/><F75/><W15/><G83/><T23/><D32/><U116/><E116/><V66/><F133/><W71/><G45/><T104/><D104/><U19/><E21/><V129/><F112/><W43/><N who="3" m="17408" /><DORA hai="124" /><W40/><N who="3" m="10240" /><DORA hai="131" /><W7/><REACH who="3" step="1"/><G7/><REACH who="3" ten="294,55,386,255" step="2"/><T111/><D81/><U0/><E0/><V28/><F28/><W79/><G79/><T62/><D31/><U47/><REACH who="1" step="1"/><E64/><REACH who="1" ten="294,45,386,255" step="2"/><V95/><F66/><W87/><G87/><T44/><D67/><U121/><E121/><V80/><F130/><W27/><G27/><T9/><D65/><U96/><E96/><V99/><F129/><W110/><G110/><T3/><D1/><U98/><E98/><V109/><F109/><W14/><N who="3" m="3072" /><DORA hai="25" /><W61/><G61/><AGARI ba="0,2" hai="4,5,16,18,19,47,50,52,54,56,61,100,101,103" machi="61" ten="40,16000,3" yaku="1,1,8,1,54,2,53,4" doraHai="74,124,131,25" doraHaiUra="2,76,48,63" who="1" fromWho="3" sc="294,0,45,180,386,0,255,-160" owari="294,9.0,225,-17.0,386,48.0,95,-40.0" /></mjloggm>