<mjloggm ver="2.3"><GO type="185" lobby="0"/><UN n0="%E5%A4%A7%E5%92%8C%E6%A1%9C" n1="%59%61%6E%67%6E%75%6D" n2="%50%42%33%2D%50" n3="" dan="18,16,17,0" rate="2344.58,2236.86,2252.97,1500.00" sx="F,M,M,C"/><TAIKYOKU oya="0"/><INIT seed="0,0,0,4,4,62" ten="350,350,350,0" oya="0" hai0="80,91,132,49,133,117,93,123,52,107,41,34,70" hai1="103,82,89,92,60,77,115,112,83,129,58,126,36" hai2="37,84,109,42,98,94,90,111,122,105,71,67,118" hai3=""/><T120/><N who="0" m="30752" /><T56/><N who="0" m="31520" /><T114/><D114/><N who="1" m="43563" /><E129/><V2/><N who="2" m="31264" /><V113/><F113/><T131/><D117/><U99/><E36/><V97/><F118/><T73/><D34/><U102/><E126/><V74/><F74/><T39/><D107/><U76/><E83/><V106/><F42/><T104/><D104/><N who="2" m="40042" /><F37/><T59/><D70/><U55/><E77/><V108/><F2/><T75/><D131/><U61/><E61/><AGARI ba="0,0" hai="61,67,71,84,90,94,97,98,108,109,111" m="40042,31264" machi="61" ten="40,5200,0" yaku="14,1,52,2" doraHai="62" who="2" fromWho="1" sc="350,0,350,-52,350,52,0,0" /><INIT seed="1,0,0,0,2,36" ten="350,298,402,0" oya="1" hai0="89,127,121,62,67,33,92,69,38,91,108,53,61" hai1="104,79,107,51,110,35,130,84,50,55,63,75,124" hai2="3,43,32,97,111,115,135,68,132,134,88,59,133" hai3=""/><U39/><E35/><V90/><F134/><T105/><N who="0" m="31008" /><T83/><D33/><U81/><E39/><V72/><F32/><T54/><D105/><U129/><E124/><V46/><F68/><T126/><D38/><U44/><E110/><V116/><F111/><T101/><D108/><U77/><E63/><V125/><F125/><N who="0" m="47626" /><D101/><U73/><E51/><V113/><F72/><N who="1" m="27721" /><E79/><V118/><F59/><T99/><D62/><U37/><E37/><V34/><F34/><T86/><AGARI ba="0,0" hai="53,54,61,67,69,83,86,89,91,92,99" m="47626,31008" machi="86" ten="30,1500,0" yaku="18,1,52,1" doraHai="36" who="0" fromWho="0" sc="350,15,298,-10,402,-5,0,0" /><INIT seed="2,0,0,0,2,122" ten="365,288,397,0" oya="2" hai0="105,49,73,37,110,45,42,55,101,61,80,70,106" hai1="58,39,103,52,117,75,121,35,44,82,128,62,77" hai2="100,48,108,34,125,78,50,46,60,89,124,133,67" hai3=""/><V131/><F34/><T129/><D129/><U74/><N who="1" m="31008" /><U119/><E35/><V86/><F131/><T3/><D3/><U41/><E128/><V66/><F78/><T95/><D110/><U38/><E38/><V68/><F100/><T109/><D109/><U63/><E74/><V32/><F32/><T93/><D80/><U123/><N who="1" m="31520" /><U130/><E130/><V72/><F72/><T113/><D113/><U87/><E103/><V118/><F118/><N who="1" m="45065" /><E75/><V116/><F116/><T84/><D73/><U96/><E96/><V111/><F86/><T43/><D43/><U2/><E63/><V47/><F60/><T97/><D84/><U40/><E40/><V99/><F99/><T76/><D76/><U1/><AGARI ba="0,0" hai="1,2,39,41,44,52,58,62,77,82,87" m="45065,31520,31008" machi="1" ten="30,5900,0" yaku="12,1,52,2,54,1" doraHai="122" who="1" fromWho="1" sc="365,-20,288,59,397,-39,0,0" /><INIT seed="4,0,0,4,4,78" ten="345,347,358,0" oya="0" hai0="86,120,91,52,88,79,47,99,3,70,107,63,113" hai1="118,73,94,131,125,92,50,95,80,37,41,121,90" hai2="77,39,68,48,119,54,57,116,85,46,71,128,0" hai3=""/><T112/><N who="0" m="30752" /><T55/><D3/><U72/><N who="1" m="31008" /><U65/><E118/><N who="2" m="45099" /><F0/><T75/><D75/><U105/><E37/><V49/><F85/><T43/><D79/><U126/><E105/><V133/><F77/><T45/><D70/><N who="2" m="26666" /><F133/><T135/><D135/><U32/><E32/><V1/><F1/><T100/><D91/><U34/><E34/><V123/><N who="2" m="31520" /><V81/><F81/><T83/><D47/><U96/><E96/><V67/><F128/><T124/><D124/><U104/><E131/><V53/><F67/><T129/><D129/><U40/><E65/><V69/><F69/><T98/><D99/><U106/><E90/><V102/><F102/><T130/><D130/><U110/><E125/><V33/><F33/><T84/><D84/><U122/><E126/><V35/><F35/><T108/><D88/><U74/><E74/><V97/><F97/><T82/><D86/><U93/><E80/><V62/><F49/><T51/><D83/><U64/><E50/><V44/><F44/><T109/><D82/><U134/><E64/><V38/><AGARI ba="0,0" hai="38,39,46,48,53,54,57,62" m="31520,26666,45099" machi="38" ten="40,6000,1" yaku="12,1,34,2,52,1" doraHai="78" who="2" fromWho="2" sc="345,-40,347,-20,358,60,0,0" /><INIT seed="5,0,0,0,5,65" ten="305,327,418,0" oya="1" hai0="73,36,37,59,111,42,44,100,2,62,86,99,131" hai1="60,35,49,110,67,0,109,70,103,114,43,102,55" hai2="92,104,95,71,77,82,123,90,108,129,56,134,115" hai3=""/><U34/><E0/><V107/><N who="2" m="31520" /><V113/><F71/><T32/><D111/><N who="1" m="42507" /><E43/><V124/><F108/><T45/><D73/><U63/><E63/><V116/><F116/><T96/><D131/><U97/><E114/><N who="2" m="43531" /><F129/><T81/><D32/><N who="1" m="12331" /><E97/><V85/><F134/><T48/><D2/><U79/><E79/><V3/><F3/><T66/><D45/><AGARI ba="0,0" hai="45,49,55,60,67,70,102,103" m="12331,42507" machi="45" ten="30,2900,0" yaku="10,1,52,1" doraHai="65" who="1" fromWho="0" sc="305,-29,327,29,418,0,0,0" /><INIT seed="5,1,0,3,2,32" ten="276,356,418,0" oya="1" hai0="125,124,64,77,58,3,59,42,44,45,40,65,99" hai1="119,68,118,0,36,102,86,109,115,88,110,79,80" hai2="52,60,92,97,66,98,108,78,134,41,56,72,105" hai3=""/><U55/><E68/><V133/><F108/><N who="1" m="41577" /><E36/><V130/><F130/><T132/><D99/><N who="2" m="37898" /><F92/><T112/><D77/><U76/><E102/><V111/><F111/><T127/><D3/><U48/><E115/><V93/><F93/><T103/><D103/><U95/><E0/><V104/><F41/><N who="0" m="15978" /><D132/><N who="2" m="50794" /><F66/><N who="0" m="25706" /><D112/><U74/><E79/><V107/><F78/><T85/><D85/><U51/><E51/><V122/><F72/><T135/><D135/><U81/><E95/><V38/><F38/><T116/><D116/><U43/><E43/><V100/><F100/><T2/><D2/><U71/><E71/><V121/><AGARI ba="1,0" hai="52,56,60,104,105,107,121,122" m="50794,37898" machi="121" ten="40,2000,0" yaku="20,1,54,1" doraHai="32" who="2" fromWho="2" sc="276,-8,356,-14,418,22,0,0" /><INIT seed="6,0,0,5,5,56" ten="268,342,440,0" oya="2" hai0="122,108,81,103,78,48,105,98,113,124,93,99,88" hai1="107,100,32,1,37,89,131,102,34,35,92,134,121" hai2="2,91,58,38,83,73,67,52,46,116,129,97,86" hai3=""/><V117/><F2/><T68/><N who="0" m="31264" /><T132/><D68/><U112/><N who="1" m="31008" /><U69/><E1/><V115/><F115/><T135/><D108/><U40/><E112/><V114/><F114/><T104/><D113/><U106/><E69/><V72/><F67/><T71/><D71/><U79/><E79/><V42/><F97/><T85/><D48/><U87/><E131/><V80/><F73/><T111/><D111/><U133/><E40/><V3/><F3/><T123/><N who="0" m="31520" /><T125/><D104/><N who="1" m="39979" /><E37/><V109/><F109/><T59/><D59/><U43/><E43/><V41/><F41/><T118/><D118/><U47/><E47/><V70/><F70/><T65/><D65/><U84/><E84/><V94/><F129/><T119/><D119/><U90/><E90/><V130/><F130/><T50/><D50/><U101/><E101/><V127/><F116/><T96/><D96/><U77/><E77/><V110/><F117/><T60/><D60/><U33/><E33/><V61/><F110/><T55/><D55/><U36/><E36/><V76/><F38/><T39/><D39/><U95/><E32/><V75/><F42/><T0/><D0/><U63/><E34/><V53/><F61/><T74/><D98/><RYUUKYOKU ba="0,0" sc="268,20,342,-10,440,-10,0,0" hai0="74,78,81,85,88,93,99,103,105,124,125,132,135" owari="288,-31.0,332,-7.0,430,38.0,0,0.0" /></mjloggm>