<mjloggm ver="2.3"><GO type="185" lobby="0"/><UN n0="%4D%4A%E3%81%AE%E3%82%B5%E3%82%BD" n1="%74%6F%6D%69%31%30%32%39" n2="%E5%A4%A9%E3%83%B6%E7%80%AC%E5%A5%88%E6%9C%88" n3="" dan="18,16,16,0" rate="2331.94,2111.76,2246.98,1500.00" sx="M,M,F,C"/><TAIKYOKU oya="0"/><INIT seed="0,0,0,1,1,62" ten="350,350,350,0" oya="0" hai0="0,120,91,60,44,73,67,104,65,98,110,3,100" hai1="95,122,128,114,97,42,38,50,78,1,56,127,84" hai2="53,126,72,76,87,48,115,121,129,77,66,79,133" hai3=""/><T131/><N who="0" m="30752" /><T89/><D73/><U96/><N who="1" m="31264" /><U34/><E127/><V106/><N who="2" m="31008" /><V130/><F115/><T80/><D131/><N who="2" m="50186" /><F126/><T54/><D110/><U101/><E1/><V58/><F133/><T113/><D113/><U119/><E34/><V43/><F72/><T37/><D67/><U32/><E38/><V33/><F33/><T109/><D109/><U36/><E36/><V47/><F106/><T45/><D44/><U35/><E114/><V52/><F87/><T75/><D0/><U132/><E132/><V125/><F125/><T40/><D54/><U74/><E74/><V116/><F116/><T107/><D107/><U63/><E119/><V57/><F57/><T71/><REACH who="0" step="1"/><D3/><REACH who="0" ten="340,350,350,0" step="2"/><U99/><E128/><V85/><F85/><T88/><D88/><U68/><E32/><V92/><F66/><T49/><D49/><U86/><E35/><V41/><F53/><T102/><D102/><U111/><E111/><V124/><F124/><T64/><D64/><U46/><E101/><V82/><F47/><T59/><D59/><U123/><N who="1" m="31520" /><U112/><E112/><V134/><F58/><T135/><D135/><U108/><E108/><V90/><F134/><T55/><D55/><U105/><E105/><RYUUKYOKU ba="0,1" sc="340,20,350,-10,350,-10,0,0" hai0="37,40,45,60,65,71,75,80,89,91,98,100,104" /><INIT seed="0,1,1,1,3,121" ten="360,340,340,0" oya="0" hai0="32,129,56,33,108,75,103,44,135,111,63,54,81" hai1="99,58,101,43,124,113,40,60,37,59,72,90,88" hai2="82,51,86,94,35,47,69,132,123,85,98,105,122" hai3=""/><T112/><D112/><U134/><E124/><V2/><N who="2" m="31264" /><V76/><N who="2" m="31520" /><V89/><F132/><T36/><D135/><U74/><E113/><V42/><F2/><T62/><D103/><U0/><E0/><V114/><F114/><T117/><D117/><U109/><E37/><V66/><F35/><T110/><D129/><U87/><E99/><V77/><F105/><T131/><D131/><U48/><E48/><V49/><F49/><T119/><D119/><U102/><E87/><V79/><REACH who="2" step="1"/><F82/><REACH who="2" ten="360,340,330,0" step="2"/><T133/><D133/><U127/><E134/><V130/><F130/><T78/><D63/><AGARI ba="1,2" hai="42,47,51,63,66,69,76,77,79,85,86,89,94,98" m="31520,31264" machi="63" ten="40,12000,2" yaku="1,1,52,2,53,3" doraHai="121" doraHaiUra="73" who="2" fromWho="0" sc="360,-122,340,0,330,142,0,0" /><INIT seed="1,0,0,3,4,111" ten="238,340,472,0" oya="1" hai0="127,68,55,83,54,40,48,37,52,67,34,96,123" hai1="1,80,91,49,122,39,133,77,62,90,73,58,66" hai2="120,99,128,84,104,57,119,53,82,106,131,50,46" hai3=""/><U81/><N who="1" m="31264" /><U89/><E39/><V97/><N who="2" m="30752" /><V45/><F119/><T60/><N who="0" m="31520" /><T129/><D34/><U79/><E1/><V110/><F110/><T114/><D83/><U85/><E133/><V121/><N who="2" m="31008" /><V102/><F104/><T86/><D86/><U64/><E64/><V93/><F131/><T134/><D96/><U61/><E61/><V38/><F38/><T130/><D134/><U44/><REACH who="1" step="1"/><E79/><REACH who="1" ten="238,330,472,0" step="2"/><V92/><F128/><N who="0" m="49258" /><D127/><U65/><E65/><V112/><F112/><T71/><D114/><U132/><E132/><V88/><REACH who="2" step="1"/><F106/><REACH who="2" ten="238,330,462,0" step="2"/><T116/><D116/><U69/><E69/><V41/><F41/><AGARI ba="0,2" hai="41,44,49,58,62,66,73,77,80,81,85,89,90,91" m="31264" machi="41" ten="30,11600,0" yaku="1,1,7,1,52,1,53,1" doraHai="111" doraHaiUra="72" who="1" fromWho="2" sc="238,0,330,136,462,-116,0,0" /><INIT seed="1,1,0,0,1,103" ten="238,466,346,0" oya="1" hai0="69,70,32,105,54,117,47,55,51,120,56,64,66" hai1="46,58,82,40,79,81,127,112,91,131,90,80,48" hai2="88,135,61,67,113,96,121,125,62,85,122,59,45" hai3=""/><U95/><E112/><V108/><N who="2" m="31008" /><V49/><N who="2" m="31264" /><V126/><F113/><T100/><N who="0" m="30752" /><T2/><D32/><U124/><E131/><V111/><F135/><T33/><D33/><U76/><E58/><V43/><F96/><T109/><D2/><U86/><REACH who="1" step="1"/><E91/><REACH who="1" ten="238,456,346,0" step="2"/><V106/><F62/><T72/><D69/><U71/><E71/><V119/><F119/><T110/><D70/><U99/><E99/><V83/><REACH who="2" step="1"/><F106/><REACH who="2" ten="238,456,336,0" step="2"/><T94/><D117/><U104/><E104/><V114/><F114/><T115/><D115/><U35/><E35/><V92/><F92/><T37/><D94/><U50/><E50/><V3/><F3/><T128/><D105/><U68/><E68/><V77/><F77/><AGARI ba="1,2" hai="40,46,48,76,77,79,80,81,82,86,90,95,124,127" machi="77" ten="40,12000,1" yaku="1,1,53,3" doraHai="103" doraHaiUra="75" who="1" fromWho="2" sc="238,0,456,142,336,-122,0,0" /><INIT seed="1,2,0,4,5,109" ten="238,598,214,0" oya="1" hai0="34,108,101,69,84,0,89,50,3,94,128,125,75" hai1="88,57,92,1,54,130,93,72,39,65,122,107,113" hai2="55,86,115,41,51,45,79,118,81,61,66,63,119" hai3=""/><U44/><N who="1" m="31264" /><U96/><E113/><V98/><F115/><T117/><D34/><U42/><E72/><V123/><N who="2" m="31520" /><V47/><F98/><T106/><D69/><U78/><E78/><V129/><F129/><T76/><D108/><U112/><E112/><V43/><F55/><T87/><D87/><U48/><E130/><V49/><REACH who="2" step="1"/><F63/><REACH who="2" ten="238,598,204,0" step="2"/><T37/><D128/><U36/><E1/><V46/><F46/><T95/><D0/><U99/><E107/><V114/><F114/><T132/><D3/><U70/><E70/><AGARI ba="2,1" hai="41,43,45,47,49,51,61,66,70,79,81,86,118,119" m="31520" machi="70" ten="30,7700,0" yaku="1,1,7,1,9,1,52,1,53,0" doraHai="109" doraHaiUra="131" who="2" fromWho="1" sc="238,0,598,-81,204,91,0,0" /><INIT seed="2,0,0,5,3,32" ten="238,517,295,0" oya="2" hai0="65,131,98,126,123,71,73,64,83,135,108,101,34" hai1="132,45,97,124,84,78,103,57,85,89,92,61,111" hai2="41,113,122,59,109,67,56,105,50,69,128,39,134" hai3=""/><V106/><N who="2" m="31264" /><V60/><F113/><T87/><N who="0" m="31520" /><T127/><D34/><U55/><E124/><V91/><F134/><T120/><N who="0" m="30752" /><T1/><D73/><U100/><E111/><V38/><F91/><T76/><D108/><U99/><E132/><V63/><F109/><T94/><D135/><U107/><E45/><V58/><F128/><T37/><D37/><N who="2" m="13834" /><F105/><T80/><D131/><U36/><E36/><V62/><F106/><T54/><D54/><U114/><E114/><V49/><F49/><T118/><D118/><U133/><E133/><V129/><F129/><T125/><D71/><U88/><E78/><V82/><F82/><T43/><D43/><U119/><E119/><V44/><AGARI ba="0,0" hai="41,44,50,56,58,59,60,62,63,67,69" m="13834,31264" machi="44" ten="40,12000,2" yaku="35,5,52,1" doraHai="32" who="2" fromWho="2" sc="238,-60,517,-60,295,120,0,0" /><INIT seed="2,1,0,5,5,126" ten="178,457,415,0" oya="2" hai0="97,36,73,78,72,95,64,81,130,55,50,68,93" hai1="46,42,117,108,43,127,51,94,53,37,57,100,132" hai2="3,44,128,124,0,118,32,59,110,84,65,98,1" hai3=""/><V133/><F32/><T40/><D73/><U105/><E105/><V60/><F118/><T48/><D48/><U41/><E127/><V52/><F124/><T92/><D40/><U111/><E132/><V129/><F133/><T69/><D36/><U45/><E117/><V113/><F113/><T66/><D97/><U79/><E79/><V33/><F33/><T106/><D106/><U107/><E107/><V47/><F110/><N who="1" m="42025" /><E100/><V89/><F98/><T96/><D96/><U67/><E94/><V87/><F65/><T34/><D64/><U134/><E134/><V102/><F102/><T85/><D72/><U104/><E104/><V71/><F71/><T99/><D99/><U49/><E37/><V82/><REACH who="2" step="1"/><F87/><REACH who="2" ten="178,457,405,0" step="2"/><T80/><D34/><U38/><E38/><V115/><F115/><T120/><D85/><U70/><E70/><V121/><N who="2" m="31008" /><V83/><F83/><T114/><D81/><U75/><E75/><V131/><AGARI ba="1,1" hai="0,1,3,44,47,52,59,60,82,84,89,128,129,131" m="31008" machi="131" ten="40,24000,4" yaku="1,1,0,1,19,1,52,4,54,1,53,3" doraHai="126" doraHaiUra="35" who="2" fromWho="2" sc="178,-121,457,-121,405,252,0,0" /><INIT seed="2,2,0,2,1,68" ten="57,336,657,0" oya="2" hai0="72,129,42,122,130,135,111,2,71,125,44,1,79" hai1="70,85,39,83,65,118,105,55,58,50,114,56,101" hai2="110,94,60,41,117,124,47,51,87,106,84,45,73" hai3=""/><V32/><F32/><T62/><N who="0" m="31264" /><T76/><D111/><U36/><E105/><V123/><N who="2" m="31520" /><V57/><F117/><T126/><D79/><U74/><E101/><V82/><F106/><T43/><D76/><U52/><E85/><V103/><F110/><T92/><D92/><U107/><E83/><V69/><F124/><N who="0" m="47722" /><D72/><U134/><E74/><V78/><F69/><T34/><D34/><U96/><E96/><V112/><F112/><T66/><D43/><U102/><E102/><V40/><F94/><T0/><D135/><U33/><E33/><V54/><REACH who="2" step="1"/><F103/><REACH who="2" ten="57,336,647,0" step="2"/><T109/><D109/><U77/><E107/><V128/><F128/><N who="0" m="49258" /><D2/><U37/><E134/><V38/><AGARI ba="2,1" hai="38,40,41,45,47,51,54,57,60,73,78,82,84,87" m="31520" machi="38" ten="20,12000,2" yaku="1,1,0,1,7,1,52,2,53,1" doraHai="68" doraHaiUra="116" who="2" fromWho="2" sc="57,-62,336,-62,647,134,0,0" owari="-5,-61.0,274,-13.0,781,74.0,0,0.0" /></mjloggm>