<mjloggm ver="2.3"><GO type="169" lobby="0"/><UN n0="%E5%A6%99%E6%89%8D" n1="%E3%83%9E%E3%83%83%E3%82%AF%30%34" n2="%E3%81%8D%E3%82%83%E3%83%BC%E3%82%8D%E3%82%93" n3="%E5%9B%BA%E3%82%86%E3%81%A7%E5%8D%B5" dan="16,16,16,16" rate="2057.12,2134.99,2131.63,2131.67" sx="M,M,M,M"/><TAIKYOKU oya="0"/><INIT seed="0,0,0,2,0,134" ten="250,250,250,250" oya="0" hai0="75,46,83,39,59,20,115,41,24,21,116,10,62" hai1="25,44,7,1,16,52,40,68,84,17,120,4,8" hai2="95,34,81,107,55,26,58,106,78,65,14,3,99" hai3="57,60,85,31,71,50,36,32,109,90,53,35,73"/><T103/><D116/><U66/><E120/><V82/><F3/><W51/><G73/><T91/><D115/><U133/><E133/><V121/><F121/><W12/><G109/><T0/><D103/><U92/><E7/><V127/><F65/><W113/><G113/><T64/><D91/><U56/><E25/><V11/><F82/><W28/><G36/><T72/><D21/><U49/><E84/><V118/><F118/><W135/><G135/><T45/><D46/><U2/><E2/><V43/><F43/><W19/><G32/><T30/><REACH who="0" step="1"/><D83/><REACH who="0" ten="240,250,250,250" step="2"/><U79/><E79/><V42/><F81/><W70/><G35/><T132/><D132/><U23/><E23/><V29/><F78/><W48/><G70/><T61/><D61/><N who="1" m="40015" /><E92/><V93/><F93/><N who="3" m="54479" /><G71/><T114/><D114/><U76/><E76/><V87/><F95/><W15/><G15/><T47/><D47/><U5/><E44/><V6/><F14/><W63/><G60/><T101/><D101/><U104/><E1/><V86/><F34/><W97/><G97/><T89/><D89/><U98/><E104/><V69/><F99/><W105/><G105/><T9/><D9/><AGARI ba="0,1" hai="9,12,19,28,31,48,50,51,53,57,63" m="54479" machi="9" ten="30,1000,0" yaku="8,1" doraHai="134" who="3" fromWho="0" sc="240,-10,250,0,250,0,250,20" /><INIT seed="1,0,0,5,3,81" ten="230,250,250,270" oya="1" hai0="34,74,122,3,54,26,36,4,45,63,112,40,98" hai1="99,22,87,7,68,91,28,118,131,30,71,10,123" hai2="51,47,38,106,46,1,57,48,55,130,61,111,44" hai3="96,121,31,110,49,77,113,75,0,107,27,11,60"/><U25/><E118/><V13/><F106/><W95/><G121/><T93/><D122/><U24/><E123/><V120/><F1/><W41/><G113/><T108/><D108/><U53/><E99/><V83/><F120/><W14/><G110/><T86/><D74/><U115/><E131/><V88/><F130/><W82/><G107/><T124/><D124/><U62/><E53/><V64/><F111/><W33/><G0/><T66/><D112/><U17/><E115/><V50/><F13/><W58/><G49/><T69/><D4/><U89/><E89/><V21/><F21/><W56/><G41/><T126/><D3/><U15/><E62/><V119/><F119/><W97/><G60/><T78/><D26/><U70/><REACH who="1" step="1"/><E25/><REACH who="1" ten="230,240,250,270" step="2"/><V92/><F38/><W65/><G97/><T59/><D98/><U43/><E43/><V2/><F2/><W134/><G65/><T42/><D40/><U35/><E35/><V101/><F64/><W114/><G114/><T12/><D34/><U5/><E5/><V8/><F101/><W102/><G134/><T105/><D42/><U37/><E37/><V109/><F109/><W117/><G117/><T9/><D36/><U100/><E100/><V32/><F32/><W76/><G77/><T132/><D78/><U39/><E39/><V90/><F90/><W135/><G135/><T84/><D132/><U16/><E16/><AGARI ba="0,1" hai="11,14,16,27,31,33,56,58,75,76,82,95,96,102" machi="16" ten="30,2000,0" yaku="7,1,54,1" doraHai="81" who="3" fromWho="1" sc="230,0,240,-20,250,0,270,30" /><INIT seed="2,0,0,1,5,21" ten="230,220,250,300" oya="2" hai0="42,2,73,81,126,118,31,52,65,39,35,129,10" hai1="9,97,37,6,123,43,99,25,38,135,8,56,87" hai2="116,20,132,107,112,121,115,101,23,26,91,100,32" hai3="105,51,46,122,34,62,14,55,13,102,94,48,3"/><V104/><F121/><W36/><G122/><T86/><D65/><U106/><E123/><V113/><F116/><W28/><G3/><T117/><D73/><U96/><E135/><V30/><F132/><W124/><G124/><T58/><D126/><U90/><E106/><V17/><F91/><W131/><G131/><T71/><D71/><U49/><E9/><V109/><F109/><W108/><G108/><T103/><D103/><U70/><E70/><V98/><REACH who="2" step="1"/><F17/><REACH who="2" ten="230,220,240,300" step="2"/><W133/><G133/><T78/><D118/><U53/><E43/><V83/><F83/><W1/><G102/><T40/><D40/><U60/><E38/><V66/><F66/><W16/><G36/><T44/><D117/><U110/><E37/><V92/><F92/><W24/><G94/><T80/><D81/><U33/><E110/><V88/><F88/><W134/><G134/><T29/><D129/><U128/><E128/><V63/><F63/><W64/><G62/><T61/><D35/><U27/><E60/><V11/><F11/><W19/><G64/><T15/><REACH who="0" step="1"/><D2/><REACH who="0" ten="220,220,240,300" step="2"/><U41/><E41/><V45/><F45/><W72/><G1/><T84/><D84/><U95/><REACH who="1" step="1"/><E33/><REACH who="1" ten="220,210,240,300" step="2"/><V0/><F0/><AGARI ba="0,3" hai="0,6,8,25,27,49,53,56,87,90,95,96,97,99" machi="0" ten="40,12000,2" yaku="1,1,2,1,52,2,53,3" doraHai="21" doraHaiUra="93" who="1" fromWho="2" sc="220,0,210,150,240,-120,300,0" /><INIT seed="3,0,0,4,5,37" ten="220,360,120,300" oya="3" hai0="16,100,34,51,23,5,9,127,113,32,12,67,124" hai1="28,126,117,80,114,10,7,123,104,87,63,119,82" hai2="1,101,2,49,69,97,42,58,65,71,102,41,25" hai3="4,78,38,79,98,55,56,20,30,133,57,33,134"/><W131/><G33/><N who="0" m="12907" /><D67/><U3/><E123/><V107/><F25/><W122/><G122/><T24/><D51/><U116/><E114/><V128/><F128/><W40/><G131/><T74/><D100/><N who="2" m="38506" /><F97/><W13/><G98/><T31/><D74/><U75/><E126/><N who="0" m="48169" /><D113/><U50/><E104/><V17/><F107/><W83/><G78/><T94/><D94/><U121/><E121/><V111/><F17/><AGARI ba="0,0" hai="5,9,12,16,17,23,24,31" m="48169,12907" machi="17" ten="30,7700,0" yaku="18,1,34,2,54,1" doraHai="37" who="0" fromWho="2" sc="220,77,360,0,120,-77,300,0" /><INIT seed="4,0,0,4,0,58" ten="297,360,43,300" oya="0" hai0="97,104,24,112,113,117,123,77,92,132,45,44,33" hai1="27,42,78,127,91,18,69,29,79,118,72,56,47" hai2="23,9,100,109,39,19,15,125,70,105,76,134,126" hai3="7,20,52,129,16,74,59,4,25,40,121,12,48"/><T87/><D87/><U55/><E69/><V131/><F100/><W31/><G74/><T84/><D132/><U115/><E118/><V120/><F76/><W66/><G129/><T130/><D117/><U114/><E18/><V122/><F19/><W8/><G121/><T86/><D123/><U68/><E68/><V65/><F23/><W30/><G30/><N who="0" m="19655" /><D130/><U53/><E91/><V106/><F15/><W111/><G111/><T101/><D86/><U103/><E103/><V43/><F9/><W21/><G21/><T62/><D62/><N who="1" m="36111" /><E55/><V124/><F109/><W71/><REACH who="3" step="1"/><G40/><REACH who="3" ten="297,360,43,290" step="2"/><T83/><D104/><N who="2" m="40042" /><F131/><W54/><G54/><T88/><D77/><U22/><E72/><V90/><F134/><W102/><G102/><T135/><D135/><U5/><E79/><V85/><F43/><W67/><G67/><T75/><D75/><U81/><E78/><V80/><F39/><W98/><G98/><T128/><D128/><U95/><E42/><V41/><F41/><W107/><G107/><T2/><D2/><U89/><E29/><V119/><F119/><W38/><G38/><T28/><D28/><U26/><E22/><V35/><F35/><W57/><G57/><T36/><D36/><U49/><E47/><V61/><AGARI ba="0,1" hai="61,65,70,80,85,90,120,122,124,125,126" m="40042" machi="61" ten="40,2700,0" yaku="18,1,52,1" doraHai="58" who="2" fromWho="2" sc="297,-13,360,-7,43,37,290,-7" /><INIT seed="5,0,0,0,3,115" ten="284,353,80,283" oya="1" hai0="49,97,39,79,132,32,27,134,75,123,84,53,67" hai1="17,55,82,95,43,77,33,108,111,118,78,85,86" hai2="94,64,26,52,66,83,37,133,93,46,41,80,59" hai3="45,14,31,54,30,57,4,0,122,20,100,23,125"/><U91/><E33/><V18/><F133/><N who="0" m="51306" /><D39/><U10/><E43/><V28/><F18/><W102/><G122/><T25/><D67/><U90/><E55/><V60/><F66/><W7/><G0/><T44/><D75/><U74/><E17/><V24/><F24/><N who="0" m="9290" /><D97/><N who="1" m="57591" /><E10/><V65/><F65/><W40/><G125/><T96/><D96/><U69/><E69/><V117/><F64/><W5/><G45/><T109/><D109/><N who="1" m="42059" /><E118/><V128/><F117/><W88/><G40/><T76/><D123/><U61/><BYE who="3" /><E61/><V114/><F114/><W73/><G73/><T12/><D32/><U13/><E13/><V124/><F124/><W1/><G1/><T130/><D12/><U29/><E29/><V56/><F56/><UN n3="%E5%9B%BA%E3%82%86%E3%81%A7%E5%8D%B5" /><W131/><G31/><T50/><D49/><U68/><E68/><V89/><F128/><W126/><G131/><T105/><D130/><U107/><E107/><V70/><F70/><W35/><G126/><T21/><D105/><U62/><E62/><V120/><F120/><W51/><G35/><T36/><D21/><N who="3" m="8265" /><G30/><T127/><D127/><U15/><E15/><V11/><F11/><W101/><G14/><T71/><D71/><U121/><E121/><V48/><F37/><W81/><G5/><T34/><D34/><U116/><E116/><V16/><F28/><W9/><G9/><T135/><D135/><U98/><E78/><N who="0" m="29737" /><D36/><U47/><E47/><V103/><F46/><W87/><AGARI ba="0,0" hai="4,7,51,54,57,81,87,88,100,101,102" m="8265" machi="87" ten="30,2000,0" yaku="8,1,54,1" doraHai="115" who="3" fromWho="3" sc="284,-5,353,-10,80,-5,283,20" /><INIT seed="6,0,0,5,3,103" ten="279,343,75,303" oya="2" hai0="11,65,122,9,57,124,107,73,113,30,8,91,87" hai1="7,40,47,125,83,38,112,5,12,105,120,80,64" hai2="66,18,123,49,130,74,37,118,4,126,95,127,45" hai3="6,131,54,21,98,96,67,111,1,61,101,109,110"/><V115/><F74/><W23/><G131/><T31/><D122/><U51/><E105/><V102/><F123/><W34/><G34/><T135/><D107/><U14/><E120/><V33/><F33/><W69/><G54/><T75/><D113/><U48/><E125/><N who="2" m="47627" /><F118/><W128/><G128/><T68/><D135/><U39/><E64/><V94/><F130/><W25/><G25/><T29/><D68/><U15/><E112/><V78/><F78/><W132/><G132/><T129/><D129/><U104/><E104/><V26/><F37/><W24/><G24/><T71/><D71/><U116/><E116/><V99/><F115/><W106/><G98/><T44/><D44/><U35/><E35/><V20/><F4/><W22/><G21/><T17/><D75/><U108/><E108/><V76/><F76/><W119/><G119/><T77/><D73/><U43/><E15/><V62/><F95/><W16/><G16/><T100/><D77/><U50/><E50/><V82/><F82/><W59/><G69/><T60/><D124/><U19/><E19/><V42/><F62/><W3/><G3/><T10/><N who="0" m="2048" /><DORA hai="53" /><T114/><D114/><U117/><E117/><V97/><F97/><W88/><G6/><T13/><D17/><U58/><E47/><V90/><F66/><W92/><G1/><T27/><D13/><U86/><E86/><V36/><F36/><W70/><G70/><T133/><D133/><U2/><E2/><V134/><F134/><W93/><G92/><N who="0" m="54399" /><D27/><U72/><E72/><V56/><F102/><AGARI ba="0,0" hai="29,30,31,57,60,65,100,102" m="54399,2048" machi="102" ten="50,3200,0" yaku="8,1,52,1" doraHai="103,53" who="0" fromWho="2" sc="279,32,343,0,75,-32,303,0" /><INIT seed="7,0,0,5,3,86" ten="311,343,43,303" oya="3" hai0="69,64,35,37,34,24,41,58,106,103,98,29,100" hai1="49,77,39,124,56,97,11,10,2,6,42,46,31" hai2="101,54,32,5,74,21,110,111,60,87,118,0,79" hai3="95,126,48,81,53,45,14,80,128,52,44,33,47"/><W76/><G126/><T89/><D58/><U62/><E124/><V40/><F118/><W57/><G128/><T131/><D131/><U88/><E77/><V127/><F32/><W72/><G33/><T125/><D125/><U129/><E31/><V9/><F54/><W27/><G27/><T22/><D41/><U63/><E11/><V75/><F60/><W105/><G105/><T18/><D37/><U96/><E129/><V38/><F87/><W55/><G81/><T119/><D119/><U7/><E7/><V115/><F21/><W71/><G71/><T135/><D135/><U25/><E25/><V92/><F92/><W3/><G3/><T50/><D50/><U73/><E73/><V82/><F127/><W121/><G121/><T112/><D100/><U78/><E78/><V116/><F116/><W68/><G68/><T19/><D112/><U99/><E39/><V28/><F75/><W17/><REACH who="3" step="1"/><G95/><REACH who="3" ten="311,343,43,293" step="2"/><N who="0" m="56687" /><D34/><U122/><E122/><V26/><F115/><W85/><G85/><T43/><D22/><AGARI ba="0,1" hai="14,17,22,44,45,47,48,52,53,55,57,72,76,80" machi="22" ten="40,7700,0" yaku="1,1,54,1,53,1" doraHai="86" doraHaiUra="13" who="3" fromWho="0" sc="311,-77,343,0,43,0,293,87" owari="234,-17.0,343,14.0,43,-46.0,380,49.0" /></mjloggm>