<mjloggm ver="2.3"><GO type="225" lobby="0"/><UN n0="%70%68%65%6E%6F%6D%65" n1="%E3%82%B8%E3%83%A3%E3%83%9E%E3%83%BC%E3%83%AB%E3%83%9E%E3%83%AC%E3%83%BC" n2="%E5%85%88%E7%89%A9%E3%81%AF%74%72%61%73%68" n3="%73%61%6E%64%69%72%69%73" dan="17,17,17,17" rate="2204.30,2181.93,2221.03,2129.29" sx="M,M,M,M"/><TAIKYOKU oya="0"/><INIT seed="0,0,0,1,4,23" ten="250,250,250,250" oya="0" hai0="101,100,55,3,121,36,4,99,37,130,10,65,52" hai1="35,122,79,126,108,1,59,133,123,118,114,85,63" hai2="72,119,76,104,20,103,91,64,29,12,6,53,14" hai3="129,56,98,41,28,87,47,88,107,127,40,46,128"/><T83/><D121/><U62/><E1/><V7/><F64/><W19/><G127/><T80/><D130/><N who="3" m="50281" /><G28/><T22/><D65/><U25/><E108/><V0/><F0/><W50/><G56/><T68/><D68/><U120/><E118/><V75/><F76/><W48/><G19/><T112/><D112/><U77/><E126/><V32/><F32/><W2/><G2/><T96/><D22/><U93/><E133/><V66/><F66/><W90/><G87/><T38/><D80/><U124/><E124/><V71/><F29/><W24/><G24/><T21/><D83/><U82/><E114/><V69/><F20/><W131/><N who="3" m="50289" /><W115/><DORA hai="106" /><G115/><T111/><D21/><U9/><E59/><V74/><F119/><W97/><G107/><T110/><D111/><U67/><E67/><V30/><F30/><W26/><G26/><T27/><D27/><U81/><E25/><V134/><F134/><W70/><G70/><T8/><D110/><U105/><E105/><V109/><F109/><W135/><G135/><T51/><D8/><U42/><E35/><V89/><F104/><W116/><G116/><T117/><D117/><U43/><E9/><V95/><F72/><W18/><G18/><T34/><D34/><U60/><REACH who="1" step="1"/><E93/><REACH who="1" ten="250,240,250,250" step="2"/><V5/><F95/><W39/><G39/><T45/><D37/><U84/><AGARI ba="0,1" hai="42,43,60,62,63,77,79,81,82,84,85,120,122,123" machi="84" ten="40,16000,3" yaku="1,1,2,1,0,1,9,1,53,6" doraHai="23,106" doraHaiUra="57,58" who="1" fromWho="1" sc="250,-80,240,170,250,-40,250,-40" /><INIT seed="1,0,0,2,1,38" ten="170,410,210,210" oya="1" hai0="64,77,115,112,120,28,114,101,106,75,126,69,80" hai1="27,18,20,94,24,67,50,116,68,87,99,6,71" hai2="8,48,117,118,23,70,3,127,102,55,42,93,65" hai3="104,96,122,43,103,57,61,97,125,76,16,51,85"/><U45/><E116/><V78/><F127/><W4/><G122/><T95/><D126/><U73/><E73/><V98/><F78/><W21/><G125/><T82/><D28/><U86/><E6/><V7/><F23/><W107/><G4/><T92/><D64/><U111/><E111/><V53/><F53/><W89/><G76/><T26/><D26/><U109/><E109/><V74/><F74/><W54/><G104/><T46/><D69/><U110/><E110/><V128/><F128/><W33/><G33/><T25/><D25/><U44/><E44/><V22/><F22/><W52/><G103/><T15/><D15/><U31/><E67/><V5/><F7/><W66/><G107/><T40/><D120/><U84/><E27/><V108/><F108/><W49/><G49/><T135/><D82/><U113/><E113/><V88/><F102/><W13/><G54/><T60/><D60/><U123/><E31/><V0/><F0/><W131/><G131/><T119/><D135/><U56/><E56/><V12/><F3/><W81/><G43/><T90/><D90/><U2/><E2/><V105/><F105/><W9/><G21/><T30/><D30/><U14/><E24/><V133/><F42/><W37/><G37/><N who="0" m="21775" /><D119/><U132/><E132/><V17/><F5/><W72/><G72/><T32/><D32/><U39/><E39/><V62/><REACH who="2" step="1"/><F133/><REACH who="2" ten="170,410,200,210" step="2"/><W11/><G11/><T79/><D77/><U34/><E20/><V63/><F63/><W1/><G1/><T129/><D129/><U41/><E41/><V124/><F124/><W91/><G91/><RYUUKYOKU ba="0,1" sc="170,10,410,-30,200,10,210,10" hai0="75,79,80,92,95,101,106,112,114,115" hai2="8,12,17,48,55,62,65,70,88,93,98,117,118" hai3="9,13,16,51,52,57,61,66,81,85,89,96,97" /><INIT seed="2,1,1,3,4,110" ten="180,380,210,220" oya="2" hai0="93,117,83,49,0,84,134,20,95,22,21,11,5" hai1="68,101,107,89,18,54,35,80,124,2,112,47,58" hai2="12,114,73,86,44,132,31,26,19,85,27,130,40" hai3="1,6,120,72,99,39,25,30,119,121,75,91,43"/><V16/><F73/><W17/><G119/><T103/><D117/><U45/><E112/><V69/><F69/><W32/><G91/><T82/><D134/><U131/><E68/><V77/><F132/><W53/><G53/><T76/><D103/><U51/><E2/><V59/><F130/><W41/><G41/><T50/><REACH who="0" step="1"/><D82/><REACH who="0" ten="170,380,210,220" step="2"/><U37/><E80/><V98/><F77/><W129/><G129/><T116/><D116/><U7/><E101/><V13/><F114/><W88/><G120/><T33/><D33/><U78/><E35/><V104/><F104/><W66/><G32/><T105/><D105/><U48/><E107/><V123/><F123/><W61/><G121/><T42/><D42/><U34/><E34/><V79/><F79/><W64/><G43/><T3/><D3/><U55/><E78/><V102/><F40/><W29/><G1/><T9/><D9/><U94/><E89/><V81/><F81/><W106/><G88/><T65/><D65/><U126/><E131/><V36/><F102/><W74/><G66/><T122/><D122/><U111/><E126/><V60/><F98/><W62/><G99/><T118/><D118/><U71/><E124/><V10/><F10/><W97/><G97/><T108/><D108/><U57/><E111/><V100/><F100/><W127/><G127/><T115/><D115/><U87/><E55/><V52/><F52/><W56/><G64/><T125/><D125/><U23/><E54/><V96/><F96/><W63/><G106/><T113/><D113/><U90/><E90/><V128/><F128/><W67/><G67/><RYUUKYOKU ba="1,2" sc="170,30,380,-10,210,-10,220,-10" hai0="0,5,11,20,21,22,49,50,76,83,84,93,95" /><INIT seed="3,2,2,1,5,38" ten="200,370,200,210" oya="3" hai0="100,93,35,6,116,56,65,109,99,60,63,44,82" hai1="5,92,87,41,19,129,50,125,106,135,48,74,47" hai2="59,119,57,120,28,114,76,96,86,83,9,18,77" hai3="32,1,7,124,8,34,122,22,27,64,26,84,11"/><W103/><G103/><T79/><D116/><U45/><E74/><V39/><F119/><W133/><G84/><N who="0" m="48223" /><D35/><N who="3" m="13353" /><G64/><T81/><D109/><U25/><E106/><V69/><F114/><W72/><G72/><T121/><D121/><U29/><E5/><V108/><F108/><W37/><G37/><T78/><D6/><U55/><E135/><V3/><F69/><W71/><G71/><T73/><D73/><U12/><E129/><V66/><F120/><W61/><G61/><N who="0" m="38055" /><D78/><N who="2" m="30314" /><F39/><W13/><G122/><T85/><D44/><U21/><E125/><V58/><F3/><N who="3" m="127" /><G124/><T107/><D107/><U75/><E75/><V90/><F28/><N who="3" m="17495" /><G133/><T15/><D81/><U53/><E53/><V51/><F96/><W10/><G1/><T62/><D85/><U67/><E67/><V40/><F66/><W70/><G70/><T134/><D134/><U24/><E29/><V16/><F9/><N who="3" m="3083" /><G27/><T94/><D94/><U111/><E111/><V88/><F90/><AGARI ba="2,2" hai="12,19,21,24,25,41,45,47,48,50,55,87,90,92" machi="90" ten="40,2600,0" yaku="8,1,52,1" doraHai="38" who="1" fromWho="2" sc="200,0,370,52,200,-32,210,0" owari="200,-20.0,422,52.0,168,-33.0,210,1.0" /></mjloggm>