<mjloggm ver="2.3"><GO type="169" lobby="0"/><UN n0="%E9%9B%A3%E6%94%BB%E4%B8%8D%E8%90%BD%E3%81%AE%E9%89%84%E9%A8%8E%E5%85%B5" n1="%67%2D%65%6E%6B%69" n2="%28%E9%83%A8%E9%95%B7%29" n3="%E8%B1%9A%E3%81%AE%E7%8E%8B" dan="16,17,16,16" rate="2109.46,2205.44,2165.75,2157.23" sx="M,M,M,M"/><TAIKYOKU oya="0"/><INIT seed="0,0,0,1,1,21" ten="250,250,250,250" oya="0" hai0="34,89,100,57,49,99,11,4,112,30,29,8,79" hai1="28,42,69,36,9,121,18,129,53,26,66,46,103" hai2="96,123,122,14,92,3,101,109,128,82,87,68,33" hai3="31,58,62,107,77,6,74,114,16,63,23,71,72"/><T70/><D70/><U75/><E129/><V47/><F3/><W131/><G114/><T124/><D112/><U12/><E121/><V127/><F68/><W90/><G107/><T59/><D124/><U13/><E75/><V110/><F33/><W60/><G71/><T51/><D79/><U98/><E53/><V108/><F127/><W44/><G31/><T116/><D116/><U0/><E0/><V115/><F115/><W134/><G134/><T113/><D89/><U25/><E28/><V88/><F128/><W85/><G6/><T32/><D113/><U20/><E66/><V17/><REACH who="2" step="1"/><F47/><REACH who="2" ten="250,250,240,250" step="2"/><W118/><G131/><T94/><D32/><U67/><E69/><V48/><F48/><N who="0" m="18506" /><D34/><U120/><E120/><V91/><F91/><W65/><G118/><T119/><D119/><U40/><E40/><V105/><F105/><W104/><G104/><T83/><D57/><U56/><E56/><V52/><F52/><W86/><G44/><T41/><D59/><U130/><E130/><V10/><AGARI ba="0,1" hai="10,14,17,82,87,88,92,96,101,108,109,110,122,123" machi="10" ten="30,7900,0" yaku="1,1,0,1,14,1,54,1,53,0" doraHai="21" doraHaiUra="35" who="2" fromWho="2" sc="250,-39,250,-20,240,89,250,-20" /><INIT seed="1,0,0,3,5,27" ten="211,230,329,230" oya="1" hai0="122,51,128,101,133,109,30,42,76,50,84,22,6" hai1="64,19,11,91,31,0,121,18,21,92,86,41,40" hai2="123,70,135,52,3,80,57,61,73,20,75,113,118" hai3="79,88,82,54,38,1,36,47,81,8,43,59,49"/><U4/><E121/><V104/><F118/><W48/><G81/><T102/><D109/><U28/><E64/><V127/><F104/><W55/><G88/><T125/><D122/><U89/><E19/><V13/><F3/><W45/><G8/><T96/><D125/><U77/><E77/><V132/><F70/><W111/><G1/><T26/><D128/><U130/><E130/><V85/><F113/><W16/><G16/><T115/><D133/><N who="2" m="51274" /><F127/><W110/><REACH who="3" step="1"/><G38/><REACH who="3" ten="211,230,329,220" step="2"/><T74/><D6/><U95/><E40/><V39/><F39/><W62/><G62/><T100/><D42/><U35/><E41/><V14/><F123/><W108/><G108/><T126/><D126/><U114/><E114/><V23/><F13/><W7/><G7/><T98/><D115/><U93/><E35/><V119/><F14/><W65/><G65/><T10/><D10/><U25/><REACH who="1" step="1"/><E92/><REACH who="1" ten="211,220,329,220" step="2"/><V117/><F117/><W46/><G46/><T9/><D76/><U116/><E116/><V134/><F119/><W124/><G124/><T24/><D74/><AGARI ba="0,2" hai="36,43,45,47,48,49,54,55,59,74,79,82,110,111" machi="74" ten="40,1300,0" yaku="1,1,53,0" doraHai="27" doraHaiUra="63" who="3" fromWho="0" sc="211,-13,220,0,329,0,220,33" /><INIT seed="2,0,0,1,4,67" ten="198,220,329,253" oya="2" hai0="26,85,0,131,87,15,86,64,108,93,129,89,118" hai1="63,100,39,14,116,33,134,95,55,13,17,8,52" hai2="47,97,69,77,102,90,88,24,72,31,103,40,45" hai3="42,68,30,11,75,7,61,76,94,18,96,120,34"/><V79/><F72/><W48/><G120/><T121/><D121/><U99/><E39/><V119/><F119/><W106/><G18/><T110/><D0/><U124/><E33/><V57/><F69/><W80/><G48/><T12/><D26/><U82/><E116/><V6/><F6/><W113/><G42/><T32/><D32/><U104/><E124/><V37/><F45/><W21/><G21/><T105/><D64/><U128/><E128/><N who="0" m="49225" /><D15/><U83/><E134/><V122/><F122/><W71/><G94/><T16/><D118/><U70/><E104/><V135/><F135/><W66/><G113/><T133/><D105/><U91/><E70/><N who="3" m="26666" /><G61/><T22/><D133/><U132/><E132/><V62/><F77/><W53/><G53/><T112/><D112/><U56/><E55/><V19/><F79/><W114/><G66/><T130/><N who="0" m="49233" /><T101/><DORA hai="23" /><D101/><U3/><E3/><V29/><F19/><W125/><G114/><T35/><D35/><U10/><E100/><V117/><F117/><W73/><G125/><T78/><D78/><U46/><REACH who="1" step="1"/><E46/><REACH who="1" ten="198,210,329,253" step="2"/><V115/><F103/><W27/><G106/><T36/><D36/><U74/><E74/><V49/><F37/><W28/><G75/><T44/><D44/><U41/><E41/><V84/><F115/><W109/><G73/><T4/><D4/><AGARI ba="0,1" hai="4,8,10,13,14,17,52,56,63,82,83,91,95,99" machi="4" ten="30,7700,0" yaku="1,1,7,1,8,1,54,1,53,0" doraHai="67,23" doraHaiUra="123,38" who="1" fromWho="0" sc="198,-77,210,87,329,0,253,0" /><INIT seed="3,0,0,5,1,93" ten="121,297,329,253" oya="3" hai0="1,29,120,28,42,92,94,128,59,5,3,130,69" hai1="35,86,66,6,97,30,116,24,95,9,73,17,49" hai2="103,132,33,50,54,76,63,85,57,11,32,110,51" hai3="71,21,34,89,98,131,99,111,87,36,83,60,108"/><W67/><G34/><T16/><D69/><U121/><E73/><V124/><F110/><N who="3" m="42027" /><G36/><T14/><D42/><U109/><E121/><V53/><F124/><W84/><G131/><N who="0" m="50219" /><D120/><U44/><E109/><V114/><F114/><W106/><G106/><T81/><D81/><U125/><E125/><V64/><F132/><W75/><G75/><T74/><D74/><U118/><E66/><V107/><F76/><N who="3" m="46183" /><G21/><N who="0" m="11415" /><D59/><U40/><E17/><V78/><F78/><W37/><G37/><T12/><D94/><AGARI ba="0,0" hai="60,67,71,87,89,94,98,99" m="46183,42027" machi="94" ten="30,11600,0" yaku="14,1,10,1,52,2" doraHai="93" who="3" fromWho="0" sc="121,-116,297,0,329,0,253,116" /><INIT seed="3,1,0,4,0,102" ten="5,297,329,369" oya="3" hai0="78,90,94,51,85,97,66,95,2,63,114,80,24" hai1="31,74,20,7,101,53,79,131,43,10,122,76,0" hai2="86,89,93,56,34,8,60,119,123,124,112,115,23" hai3="81,29,126,39,52,54,5,58,6,45,46,22,87"/><W88/><G126/><T3/><D114/><U42/><E122/><V70/><F34/><W113/><G113/><T12/><D51/><U19/><E131/><V128/><F119/><W37/><G37/><T35/><D12/><U129/><E129/><V36/><F123/><W120/><G120/><T28/><D94/><U125/><E125/><V57/><F36/><W77/><G39/><T47/><D47/><N who="3" m="17929" /><G77/><T27/><D27/><U32/><E53/><N who="3" m="20586" /><G58/><AGARI ba="1,0" hai="2,3,24,28,35,58,63,66,78,80,85,90,95,97" machi="58" ten="30,1000,0" yaku="7,1" doraHai="102" who="0" fromWho="3" sc="5,13,297,0,329,0,369,-13" /><INIT seed="4,0,0,1,1,12" ten="18,297,329,356" oya="0" hai0="56,37,16,131,104,99,68,3,74,55,60,18,40" hai1="102,114,1,78,21,43,101,73,23,46,115,69,92" hai2="47,28,7,50,94,84,10,135,90,106,109,66,87" hai3="82,110,8,105,31,98,15,88,126,49,118,134,62"/><T103/><D131/><U128/><E69/><V124/><F109/><W123/><G110/><T57/><D74/><U112/><E1/><V67/><F124/><W54/><G118/><T45/><D3/><U122/><E122/><V61/><F135/><W2/><G126/><T91/><D68/><U111/><E111/><V77/><F106/><W59/><G134/><T6/><D6/><U75/><E128/><V65/><F28/><W9/><G123/><T64/><REACH who="0" step="1"/><D91/><REACH who="0" ten="8,297,329,356" step="2"/><U93/><E75/><V44/><F7/><W24/><G2/><T36/><D36/><U4/><E4/><V19/><F90/><W34/><G88/><T86/><D86/><U25/><E73/><V113/><F87/><W27/><G98/><T13/><D13/><U116/><E116/><V133/><F84/><W125/><G15/><T63/><AGARI ba="0,1" hai="16,18,37,40,45,55,56,57,60,63,64,99,103,104" machi="63" ten="20,18000,2" yaku="1,1,0,1,7,1,52,2,54,1,53,0" doraHai="12" doraHaiUra="20" who="0" fromWho="0" sc="8,190,297,-60,329,-60,356,-60" /><INIT seed="4,1,0,1,5,47" ten="198,237,269,296" oya="0" hai0="123,110,117,104,105,97,25,11,109,95,54,41,53" hai1="7,33,50,66,6,93,111,51,42,90,46,48,55" hai2="70,15,134,118,16,24,85,101,18,52,63,98,56" hai3="69,62,23,94,34,80,49,131,78,45,127,130,58"/><T65/><D117/><U107/><E111/><N who="0" m="42505" /><D123/><U57/><E33/><V19/><F134/><W39/><G34/><T128/><D128/><N who="3" m="49193" /><G127/><T76/><D65/><U79/><E107/><N who="0" m="41033" /><D76/><U14/><E66/><V0/><F0/><W81/><G69/><T86/><D86/><N who="1" m="52439" /><E79/><V83/><F70/><W38/><G23/><T119/><D119/><U60/><E6/><V20/><F118/><W91/><G58/><T75/><D75/><U30/><E30/><N who="2" m="17671" /><F98/><N who="3" m="57695" /><G62/><T71/><D71/><U115/><E115/><V32/><F101/><W82/><G78/><T3/><D41/><AGARI ba="1,0" hai="38,39,41,45,49,80,81,82" m="57695,49193" machi="41" ten="30,2000,0" yaku="19,1,52,1" doraHai="47" who="3" fromWho="0" sc="198,-23,237,0,269,0,296,23" /><INIT seed="5,0,0,2,1,47" ten="175,237,269,319" oya="1" hai0="78,124,37,114,112,56,110,34,58,123,24,119,130" hai1="131,127,53,121,133,65,49,126,86,67,106,3,74" hai2="82,132,76,101,98,0,84,43,96,85,13,122,113" hai3="83,45,17,39,7,23,21,54,26,92,22,129,128"/><U80/><E74/><V90/><F0/><W5/><G92/><T33/><D110/><U87/><E106/><V25/><F122/><W20/><G83/><T66/><D37/><U46/><E3/><V125/><F125/><N who="1" m="47625" /><E121/><V102/><F43/><N who="3" m="22783" /><G54/><T14/><D124/><U32/><E32/><N who="0" m="12393" /><D123/><U73/><E73/><N who="2" m="43279" /><F13/><W95/><G95/><T68/><D14/><U2/><E2/><V12/><F12/><W27/><G27/><T62/><D119/><U104/><E104/><N who="2" m="63527" /><F25/><W105/><G105/><T99/><D99/><U71/><E133/><V15/><F15/><W55/><G55/><N who="0" m="34079" /><D24/><U117/><E117/><V135/><F113/><N who="0" m="43626" /><D78/><N who="1" m="46359" /><E71/><V41/><F41/><W115/><G115/><T100/><D68/><U29/><E29/><V108/><F108/><W40/><G40/><T75/><D75/><U50/><E131/><AGARI ba="0,0" hai="5,7,17,20,21,22,23,26,128,129,131" m="22783" machi="131" ten="30,1000,0" yaku="19,1" doraHai="47" who="3" fromWho="1" sc="175,0,237,-10,269,0,319,10" /><INIT seed="6,0,0,1,3,87" ten="175,227,269,329" oya="2" hai0="29,56,34,27,64,90,132,84,69,60,35,107,41" hai1="19,115,82,131,42,23,46,135,8,24,30,105,121" hai2="38,28,134,93,68,32,49,5,51,48,45,3,55" hai3="122,86,111,123,33,70,57,130,128,26,113,94,112"/><V106/><F106/><W20/><G70/><T127/><D132/><U133/><E115/><N who="3" m="44106" /><G111/><T54/><D127/><U103/><E131/><N who="3" m="50218" /><G33/><T39/><D107/><U78/><E121/><N who="3" m="46090" /><G57/><T63/><D35/><U95/><E105/><V43/><F134/><W11/><G11/><T14/><D14/><U16/><E95/><V117/><F68/><W67/><G67/><T18/><D18/><U9/><E103/><V85/><F32/><W1/><G1/><T98/><D98/><U89/><E78/><V59/><F28/><W72/><G72/><T77/><D77/><U53/><E42/><V100/><F3/><W52/><G52/><T31/><D31/><U126/><E8/><V104/><F5/><W120/><G120/><T74/><D74/><U75/><E75/><V102/><F59/><W22/><G26/><T88/><REACH who="0" step="1"/><D84/><REACH who="0" ten="165,227,269,329" step="2"/><U73/><E135/><V108/><F85/><W7/><G7/><T97/><D97/><U36/><E133/><V17/><F17/><W76/><G76/><T118/><D118/><U114/><E73/><V10/><F117/><W80/><G86/><T40/><D40/><U79/><E79/><V2/><F43/><W37/><G37/><T124/><D124/><U116/><E126/><V12/><F38/><W109/><G109/><T91/><D91/><U13/><E114/><V101/><F108/><W83/><G83/><T15/><D15/><U96/><E36/><V0/><F0/><W62/><G80/><T6/><D6/><N who="1" m="3255" /><E82/><V61/><F2/><W99/><G99/><T47/><AGARI ba="0,1" hai="27,29,34,39,41,47,54,56,60,63,64,69,88,90" machi="47" ten="30,8000,1" yaku="1,1,0,1,52,2,54,1,53,0" doraHai="87" doraHaiUra="44" who="0" fromWho="0" sc="165,90,227,-20,269,-40,329,-20" /><INIT seed="7,0,0,4,3,16" ten="255,207,229,309" oya="3" hai0="54,69,91,98,110,5,45,73,60,57,44,15,105" hai1="40,36,48,37,29,65,80,87,122,72,76,115,13" hai2="18,11,100,102,46,111,97,134,107,20,85,28,66" hai3="121,116,23,61,84,104,43,92,93,89,52,101,4"/><W78/><G121/><T1/><D1/><U34/><E122/><V8/><F111/><W113/><G116/><T131/><D73/><U82/><E115/><V127/><F134/><W6/><G104/><T51/><D131/><U123/><E123/><V124/><F100/><W90/><G101/><T50/><D69/><U27/><E65/><V68/><F28/><W130/><G130/><T31/><D31/><U58/><E13/><V75/><F75/><W119/><G119/><T30/><D30/><U39/><E58/><V71/><F85/><N who="3" m="52271" /><G113/><T63/><D105/><U47/><REACH who="1" step="1"/><E39/><REACH who="1" ten="255,197,229,309" step="2"/><V112/><F112/><W59/><G59/><T12/><D57/><U103/><E103/><V86/><F46/><W0/><G0/><T99/><D110/><U32/><E32/><V108/><F108/><W2/><G2/><T132/><D132/><U10/><E10/><N who="2" m="3627" /><F66/><W9/><G9/><T53/><D5/><U117/><E117/><V106/><F106/><W114/><G6/><T70/><D70/><U118/><E118/><V56/><F56/><W62/><G4/><T19/><D45/><U38/><E38/><V125/><F86/><W42/><G84/><T41/><D44/><U88/><AGARI ba="0,1" hai="27,29,34,36,37,40,47,48,72,76,80,82,87,88" machi="88" ten="20,5200,0" yaku="1,1,0,1,7,1,54,1,53,0" doraHai="16" doraHaiUra="109" who="1" fromWho="1" sc="255,-13,197,62,229,-13,309,-26" /><INIT seed="8,0,0,0,4,7" ten="242,259,216,283" oya="0" hai0="6,65,56,122,109,68,99,34,12,77,98,90,3" hai1="13,48,71,59,121,74,130,16,37,64,26,47,60" hai2="0,14,39,129,21,88,70,108,23,123,2,5,11" hai3="54,134,45,96,61,124,112,43,73,46,75,58,92"/><T83/><D109/><U126/><E74/><V91/><F108/><W20/><G112/><T100/><D122/><U31/><E121/><V78/><F123/><W105/><G134/><T29/><D3/><U30/><E126/><V8/><F39/><W102/><G124/><T22/><D68/><U63/><E130/><V24/><F70/><W49/><G105/><T35/><D90/><U25/><E37/><V18/><F129/><W50/><REACH who="3" step="1"/><G20/><REACH who="3" ten="242,259,216,273" step="2"/><T117/><D35/><U40/><E31/><V87/><F21/><W133/><G133/><T1/><D34/><U42/><E30/><V9/><F0/><W103/><G103/><T72/><D1/><U86/><E42/><AGARI ba="0,1" hai="42,43,45,46,49,50,54,58,61,73,75,92,96,102" machi="42" ten="30,3900,0" yaku="1,1,7,1,9,1,53,0" doraHai="7" doraHaiUra="120" who="3" fromWho="1" sc="242,0,259,-39,216,0,273,49" owari="242,4.0,220,-18.0,216,-28.0,322,42.0" /></mjloggm>