<mjloggm ver="2.3"><GO type="185" lobby="0"/><UN n0="%E3%81%8A%E7%9F%A5%E3%82%89%E3%81%9B" n1="%E5%A4%A7%E5%92%8C%E6%A1%9C" n2="%4B%6F%4B%4B%4F" n3="" dan="18,17,16,0" rate="2384.75,2329.12,2210.16,1500.00" sx="M,F,M,C"/><TAIKYOKU oya="0"/><INIT seed="0,0,0,3,1,101" ten="350,350,350,0" oya="0" hai0="94,127,69,89,48,125,53,3,65,120,43,112,38" hai1="46,36,128,76,115,123,70,60,79,133,49,78,126" hai2="62,119,92,52,109,68,80,50,75,90,129,77,118" hai3=""/><T51/><N who="0" m="30752" /><T54/><D3/><U91/><N who="1" m="31520" /><U95/><E133/><V84/><F109/><T59/><D112/><U130/><E36/><V34/><F34/><T82/><D82/><U116/><E115/><V100/><F129/><N who="1" m="49769" /><E116/><V107/><F68/><T0/><D0/><U2/><E2/><V102/><F62/><T103/><D103/><U1/><E1/><V106/><F106/><T114/><D114/><U64/><E126/><N who="0" m="48137" /><D94/><U67/><E67/><V71/><F71/><T117/><D89/><U37/><E37/><V81/><F81/><T105/><D105/><U55/><E78/><V132/><F132/><T113/><D113/><U108/><E108/><V74/><F74/><T63/><D117/><N who="2" m="44554" /><F107/><T57/><D38/><U85/><AGARI ba="0,0" hai="46,49,55,60,64,70,76,79,85,91,95" m="49769,31520" machi="85" ten="30,1500,0" yaku="19,1,52,1" doraHai="101" who="1" fromWho="1" sc="350,-10,350,15,350,-5,0,0" /><INIT seed="1,0,0,4,0,62" ten="340,365,345,0" oya="1" hai0="114,46,89,33,95,119,127,109,80,105,76,91,97" hai1="107,73,72,40,58,83,101,104,106,121,84,39,116" hai2="96,36,32,124,92,64,118,37,108,94,111,50,100" hai3=""/><U125/><N who="1" m="31008" /><U52/><E116/><V133/><F32/><T56/><D33/><U63/><E101/><V69/><F118/><T71/><D71/><U99/><E99/><V1/><F1/><T79/><D119/><U43/><E125/><V48/><F133/><T117/><D117/><U112/><E112/><V75/><F75/><T128/><D114/><U53/><E53/><V61/><F124/><T47/><D109/><N who="2" m="42058" /><F92/><T60/><D128/><U102/><E102/><V126/><F126/><T120/><N who="0" m="30752" /><T131/><D105/><U45/><REACH who="1" step="1"/><E43/><REACH who="1" ten="340,355,345,0" step="2"/><V90/><F100/><T66/><D127/><U88/><AGARI ba="0,1" hai="39,40,45,52,58,63,72,73,83,84,88,104,106,107" m="31008" machi="88" ten="30,12000,2" yaku="1,1,2,1,0,1,52,1,54,2,53,0" doraHai="62" doraHaiUra="129" who="1" fromWho="1" sc="340,-60,355,130,345,-60,0,0" /><INIT seed="1,1,0,4,0,39" ten="280,485,285,0" oya="1" hai0="135,74,106,102,42,92,108,60,33,2,63,121,128" hai1="109,96,56,130,69,83,78,91,45,54,53,119,37" hai2="120,70,88,49,57,113,62,87,52,47,43,65,81" hai3=""/><U134/><E119/><V111/><N who="2" m="30752" /><V124/><F111/><T76/><N who="0" m="31008" /><T3/><D33/><U126/><E69/><V73/><F124/><T66/><D108/><U46/><E109/><V93/><F113/><T32/><D32/><U112/><E112/><V117/><F117/><T104/><D128/><U36/><E130/><V101/><F101/><T61/><D66/><U107/><E134/><V85/><F73/><T72/><D135/><U90/><E126/><V95/><REACH who="2" step="1"/><F85/><REACH who="2" ten="280,485,275,0" step="2"/><T125/><D125/><U71/><E96/><V110/><F110/><T77/><D72/><U133/><E133/><V55/><F55/><T67/><D74/><U123/><E53/><V129/><F129/><T41/><D67/><U116/><E54/><V38/><AGARI ba="1,1" hai="38,43,47,49,52,57,62,65,70,81,87,88,93,95" m="30752" machi="38" ten="20,12000,3" yaku="1,1,0,1,7,1,24,2,52,2,54,2,53,1" doraHai="39" doraHaiUra="48" who="2" fromWho="2" sc="280,-41,485,-81,275,132,0,0" /><INIT seed="2,0,0,3,3,96" ten="239,404,407,0" oya="2" hai0="0,64,49,85,50,69,99,100,118,66,97,42,65" hai1="87,74,122,128,113,105,126,59,77,98,133,63,71" hai2="92,46,80,111,73,124,52,58,61,56,53,67,37" hai3=""/><V36/><F124/><T131/><D118/><U130/><N who="1" m="31264" /><U81/><E113/><V135/><F135/><T48/><D0/><U88/><E71/><V108/><F92/><T34/><D34/><U60/><E133/><V90/><F90/><T57/><D69/><U115/><E115/><V101/><F101/><T79/><D131/><N who="1" m="50219" /><E126/><V44/><F80/><T38/><D38/><N who="2" m="14954" /><F73/><T54/><D42/><U132/><E132/><V75/><F75/><T72/><D72/><U121/><N who="1" m="31008" /><U94/><E59/><V106/><F106/><T32/><D32/><U95/><E105/><V68/><F68/><T117/><D117/><U89/><AGARI ba="0,0" hai="60,63,74,77,81,87,88,89,94,95,98" m="31008,50219,31264" machi="89" ten="30,5900,0" yaku="19,1,52,2,54,1" doraHai="96" who="1" fromWho="1" sc="239,-20,404,59,407,-39,0,0" /><INIT seed="4,0,0,5,1,107" ten="219,463,368,0" oya="0" hai0="44,102,2,1,62,133,114,99,127,35,40,34,65" hai1="121,60,81,128,125,64,57,39,76,115,90,134,91" hai2="73,120,93,95,45,54,48,108,132,96,122,36,41" hai3=""/><T100/><D114/><U105/><N who="1" m="31008" /><U67/><E115/><V130/><N who="2" m="30752" /><V43/><N who="2" m="31264" /><V84/><F108/><T74/><D133/><U3/><E3/><V110/><F110/><T118/><D127/><U109/><E109/><V117/><F73/><T53/><D53/><U82/><E105/><V78/><F117/><T66/><D118/><U135/><E39/><V80/><F130/><T72/><D44/><U106/><E106/><V129/><F129/><T92/><D92/><U50/><E128/><V49/><F132/><T119/><D119/><U32/><E32/><V79/><F41/><T87/><D87/><U112/><E125/><V59/><F79/><T61/><REACH who="0" step="1"/><D99/><REACH who="0" ten="209,463,368,0" step="2"/><U47/><E112/><V33/><F33/><T116/><D116/><U71/><E135/><V52/><F96/><T98/><D98/><U63/><E134/><V89/><F78/><T94/><D94/><U97/><E97/><V56/><AGARI ba="0,1" hai="36,43,45,48,49,52,54,56,59,80,84,89,93,95" m="31264,30752" machi="56" ten="20,9000,2" yaku="0,1,7,1,9,1,52,2,54,1" doraHai="107" who="2" fromWho="2" sc="209,-60,463,-30,368,100,0,0" /><INIT seed="5,0,0,0,4,109" ten="149,433,468,0" oya="1" hai0="68,82,105,101,35,91,123,107,65,51,89,70,90" hai1="39,121,85,110,118,135,117,84,67,124,111,57,0" hai2="49,42,81,41,102,52,94,77,100,126,36,93,34" hai3=""/><U50/><N who="1" m="31008" /><U69/><E0/><V2/><F34/><T38/><N who="0" m="31520" /><T37/><D35/><U97/><E39/><V112/><F2/><T53/><D82/><U60/><E135/><V78/><F126/><T108/><D108/><N who="1" m="41515" /><E124/><V132/><F132/><T54/><D51/><U40/><E97/><V127/><F127/><T130/><D65/><U55/><E40/><V71/><F71/><T133/><D133/><U43/><E43/><V58/><F36/><T131/><REACH who="0" step="1"/><D90/><REACH who="0" ten="139,433,468,0" step="2"/><U114/><E114/><V88/><F112/><T1/><D1/><U134/><E134/><V115/><F115/><T92/><D92/><U74/><E74/><V79/><F81/><T62/><D62/><U47/><E69/><V104/><F104/><T86/><D86/><AGARI ba="0,1" hai="47,50,55,57,60,67,84,85,86,117,118" m="41515,31008" machi="86" ten="30,2900,0" yaku="10,1,52,1" doraHai="109" who="1" fromWho="0" sc="139,-29,433,39,468,0,0,0" /><INIT seed="5,1,0,5,4,110" ten="110,472,468,0" oya="1" hai0="127,53,102,44,134,119,124,49,64,95,128,46,96" hai1="99,67,51,79,36,42,88,43,98,48,0,41,135" hai2="94,120,107,73,2,68,33,59,55,32,81,105,3" hai3=""/><U70/><E0/><V121/><N who="2" m="30752" /><V45/><N who="2" m="31008" /><V69/><F45/><T86/><D86/><U130/><E36/><V84/><F73/><T87/><D87/><U116/><E116/><V90/><F2/><T38/><D95/><U85/><E135/><V72/><F3/><T66/><D96/><U109/><E109/><V62/><F68/><T122/><N who="0" m="31264" /><T133/><D102/><U58/><E130/><V91/><F69/><T125/><D119/><U74/><E70/><V114/><F114/><T77/><D77/><U97/><E79/><V57/><F72/><T117/><D117/><U113/><E113/><V1/><F1/><T89/><D89/><U103/><E103/><V100/><F100/><T132/><D128/><U123/><N who="1" m="31520" /><U104/><E104/><V39/><F39/><T60/><D60/><U126/><E126/><V52/><F107/><T108/><D108/><U82/><E74/><V61/><F105/><T111/><D111/><U37/><E37/><V34/><F34/><T112/><D112/><U83/><E83/><V115/><F115/><T101/><D101/><U80/><E82/><V54/><F54/><T50/><D38/><U93/><E80/><V78/><F78/><T35/><D35/><RYUUKYOKU ba="1,0" sc="110,0,472,0,468,0,0,0" hai0="44,46,49,50,53,64,66,124,125,127,132,133,134" hai1="41,42,43,48,51,58,67,85,88,93,97,98,99" hai2="32,33,52,55,57,59,61,62,81,84,90,91,94" /><INIT seed="5,2,0,4,5,37" ten="110,472,468,0" oya="1" hai0="1,54,42,95,132,114,44,85,81,62,66,101,60" hai1="121,124,135,125,46,47,65,99,118,109,111,93,87" hai2="108,94,71,76,103,115,35,34,133,33,120,77,92" hai3=""/><U119/><N who="1" m="31008" /><U122/><N who="1" m="31264" /><U36/><E65/><V127/><N who="2" m="30752" /><V102/><F108/><N who="1" m="41545" /><E87/><V79/><F71/><T68/><D95/><N who="2" m="36394" /><F133/><T131/><D101/><N who="2" m="38410" /><F127/><N who="1" m="48713" /><E135/><V43/><F43/><T0/><D0/><U130/><E130/><V49/><F49/><T57/><D1/><U45/><E36/><V51/><F51/><T39/><D132/><U48/><E48/><V123/><N who="2" m="31520" /><V113/><AGARI ba="2,0" hai="33,34,35,76,77,79,113,115" m="31520,38410,36394,30752" machi="113" ten="50,6000,1" yaku="4,1,28,2,52,2" doraHai="37" who="2" fromWho="2" sc="110,-22,472,-42,468,64,0,0" /><INIT seed="6,0,0,2,5,94" ten="88,430,532,0" oya="2" hai0="48,99,133,73,118,111,132,33,87,55,131,42,119" hai1="47,1,82,76,83,113,105,120,96,56,114,93,125" hai2="75,60,58,91,89,129,117,61,106,67,101,109,50" hai3=""/><V130/><F75/><T65/><D87/><U53/><N who="1" m="30752" /><U123/><N who="1" m="31520" /><U51/><E1/><V81/><F117/><T59/><D99/><U63/><E105/><V45/><F101/><T107/><D65/><U102/><E125/><V32/><F32/><T2/><D59/><U100/><E100/><V46/><F106/><T110/><D55/><U121/><N who="1" m="31008" /><U64/><REACH who="1" step="1"/><E83/><REACH who="1" ten="88,420,532,0" step="2"/><V126/><F126/><T36/><D48/><U35/><E35/><V77/><F81/><T0/><D42/><U112/><E112/><V88/><F109/><T3/><D33/><U86/><AGARI ba="0,1" hai="47,51,53,56,63,64,76,82,86,93,96,102,113,114" m="31008,31520,30752" machi="86" ten="30,12000,3" yaku="1,1,0,1,52,4,53,2" doraHai="94" doraHaiUra="108" who="1" fromWho="1" sc="88,-40,420,130,532,-80,0,0" owari="48,-55.0,550,50.0,452,5.0,0,0.0" /></mjloggm>