<mjloggm ver="2.3"><GO type="169" lobby="0"/><UN n0="%E3%81%9F%E3%81%84%E3%81%9B" n1="%E3%83%8A%E3%82%AB%E3%81%AB%E3%81%97" n2="%74%6F%72%69%30%36%31%32" n3="%E3%82%89%E3%81%84%E3%81%82%30%32%30%36" dan="17,17,17,16" rate="2210.98,2176.33,2207.21,2184.31" sx="F,M,M,F"/><TAIKYOKU oya="0"/><INIT seed="0,0,0,3,0,13" ten="250,250,250,250" oya="0" hai0="63,125,135,45,5,109,78,66,120,8,107,54,114" hai1="32,68,26,46,40,84,101,86,3,36,103,108,16" hai2="41,28,11,21,60,44,24,62,104,33,89,112,20" hai3="131,95,47,115,29,80,132,4,18,50,1,118,2"/><T133/><D107/><U10/><E68/><V99/><F112/><W37/><G115/><T76/><D114/><U85/><E108/><V22/><F11/><W77/><G118/><T56/><D120/><U23/><REACH who="1" step="1"/><E32/><REACH who="1" ten="250,240,250,250" step="2"/><V7/><F33/><W121/><G121/><T98/><D109/><U96/><E96/><V130/><F130/><W27/><G131/><T72/><D98/><U0/><E0/><V30/><F104/><W34/><G1/><T117/><D117/><U119/><E119/><V42/><F30/><W73/><G2/><T31/><D31/><U91/><E91/><V87/><F99/><W69/><G69/><T97/><D97/><U65/><E65/><V102/><F102/><W55/><G34/><T81/><D76/><U53/><E53/><V59/><F28/><W57/><G55/><T90/><D90/><U105/><E105/><V71/><F71/><W25/><G77/><T124/><D54/><U134/><E134/><N who="0" m="51209" /><D45/><U48/><E48/><V79/><F79/><W38/><G47/><T39/><D39/><U82/><E82/><V19/><F44/><W116/><G38/><T52/><D66/><U15/><E15/><AGARI ba="0,1" hai="5,8,15,52,56,63,72,78,81,124,125" m="51209" machi="15" ten="30,2900,0" yaku="20,1,54,1" doraHai="13" who="0" fromWho="1" sc="250,39,240,-29,250,0,250,0" /><INIT seed="0,1,0,3,5,77" ten="289,211,250,250" oya="0" hai0="35,15,57,124,119,27,40,118,133,6,73,42,76" hai1="47,97,127,64,62,31,120,58,107,29,18,9,28" hai2="25,116,50,104,123,117,94,98,51,13,79,14,66" hai3="34,46,65,61,83,43,4,23,101,22,100,132,114"/><T41/><D124/><U68/><E120/><V67/><F104/><W2/><G114/><T60/><D133/><U71/><E127/><V82/><F25/><W115/><G115/><T63/><D6/><U88/><E47/><V53/><F51/><W55/><G55/><T86/><D73/><U17/><E107/><V38/><F38/><W11/><G34/><T75/><D75/><U24/><E9/><V96/><F96/><W111/><G111/><T105/><D105/><U130/><E130/><V3/><F3/><W80/><G132/><T30/><D15/><U95/><REACH who="1" step="1"/><E24/><REACH who="1" ten="289,201,250,250" step="2"/><V72/><F123/><W7/><G11/><T37/><D37/><U12/><E12/><V93/><F13/><W128/><G46/><T85/><D119/><U122/><E122/><V20/><F117/><W131/><G2/><T81/><D118/><U70/><AGARI ba="1,1" hai="17,18,28,29,31,58,62,64,68,70,71,88,95,97" machi="70" ten="40,8000,1" yaku="1,1,0,1,54,1,53,1" doraHai="77" doraHaiUra="56" who="1" fromWho="1" sc="289,-41,201,93,250,-21,250,-21" /><INIT seed="1,0,0,4,1,85" ten="248,294,229,229" oya="1" hai0="79,6,90,13,69,57,14,44,48,130,84,16,62" hai1="49,0,23,83,68,10,59,29,12,28,103,32,105" hai2="33,86,75,92,7,101,17,15,107,47,76,111,109" hai3="41,38,53,94,30,55,43,1,31,67,132,56,133"/><U116/><E116/><V39/><F33/><W120/><G1/><T122/><D69/><U88/><E68/><V50/><F39/><W20/><G120/><T21/><D122/><U25/><E105/><V9/><F75/><W115/><G115/><T61/><D79/><U96/><E0/><V74/><F74/><W4/><G4/><T70/><D70/><U119/><E119/><V127/><F127/><W80/><G80/><T124/><D124/><U73/><E73/><V113/><F113/><W129/><G129/><T71/><D71/><U60/><E49/><V26/><F107/><W78/><G78/><T89/><D130/><U58/><E103/><V112/><F112/><W106/><G106/><T93/><D57/><U66/><E58/><V110/><F26/><W40/><G38/><T114/><D114/><U42/><E42/><V3/><F101/><W5/><G5/><T128/><D128/><U19/><E32/><V134/><F134/><N who="3" m="51819" /><G94/><N who="0" m="54567" /><D13/><U63/><E63/><V131/><F131/><W72/><G72/><T82/><D82/><U95/><E83/><V8/><F76/><W34/><G34/><T126/><D6/><AGARI ba="0,0" hai="6,10,12,19,23,25,28,29,59,60,66,88,95,96" machi="6" ten="30,11600,0" yaku="7,1,8,1,52,1,54,1" doraHai="85" who="1" fromWho="0" sc="248,-116,294,116,229,0,229,0" /><INIT seed="1,1,0,0,3,32" ten="132,410,229,229" oya="1" hai0="1,95,21,107,7,113,96,79,102,90,70,64,118" hai1="34,37,116,59,9,20,83,112,63,65,62,53,101" hai2="49,22,55,92,26,82,93,122,61,103,24,106,72" hai3="2,12,99,17,97,121,119,115,16,94,109,52,40"/><U25/><E112/><V74/><F106/><W5/><G115/><T23/><D113/><U45/><E116/><V44/><F122/><W108/><G121/><T76/><D118/><U47/><E34/><V100/><F26/><W77/><G119/><T43/><D43/><U104/><E37/><V58/><F82/><W71/><G71/><T67/><D76/><U50/><E83/><V111/><F111/><N who="3" m="42571" /><G40/><T8/><D79/><U42/><E47/><V10/><F10/><N who="3" m="2359" /><G77/><T29/><D70/><U60/><E9/><V19/><F74/><W124/><G124/><T11/><D8/><U46/><E104/><V125/><F72/><W129/><G129/><T30/><D21/><U54/><E101/><N who="2" m="38987" /><F125/><W33/><G33/><T4/><D4/><U128/><E128/><V123/><F123/><W110/><N who="3" m="42579" /><W133/><DORA hai="91" /><G133/><T0/><D0/><U3/><E3/><V86/><F86/><W75/><G75/><T78/><D78/><U98/><E98/><N who="3" m="37386" /><G12/><T114/><D114/><U131/><E131/><V14/><F14/><W48/><G94/><T41/><D41/><AGARI ba="1,0" hai="19,22,24,41,44,49,55,58,61,92,93" m="38987" machi="41" ten="30,3900,0" yaku="8,1,52,2" doraHai="32,91" who="2" fromWho="0" sc="132,-42,410,0,229,42,229,0" /><INIT seed="2,0,0,2,1,41" ten="90,410,271,229" oya="2" hai0="91,45,81,23,70,24,21,1,25,34,46,58,47" hai1="35,98,27,56,67,83,115,15,107,19,86,73,6" hai2="79,123,82,102,120,112,39,103,7,77,50,114,49" hai3="59,90,44,38,97,101,12,80,16,124,30,106,11"/><V32/><F32/><W116/><G116/><T36/><D70/><U22/><E73/><V75/><F7/><W10/><G124/><T37/><D1/><U71/><E71/><V43/><F43/><W31/><G59/><T18/><D34/><U109/><E109/><V64/><F64/><W84/><G38/><T133/><D133/><U104/><E115/><V26/><F26/><W29/><REACH who="3" step="1"/><G10/><REACH who="3" ten="90,410,271,219" step="2"/><T89/><D58/><U28/><E56/><V69/><F69/><W121/><G121/><T57/><D57/><U126/><E126/><V2/><F39/><W66/><G66/><T132/><D132/><U135/><E67/><V54/><F123/><W62/><G62/><T8/><D36/><U108/><E135/><V0/><F120/><W128/><G128/><T61/><D37/><U96/><E108/><V88/><F114/><W129/><G129/><T117/><D117/><U125/><E125/><V130/><F112/><W65/><G65/><T78/><D61/><U55/><E104/><V122/><F122/><W4/><G4/><T74/><REACH who="0" step="1"/><D8/><REACH who="0" ten="80,410,271,219" step="2"/><U110/><E110/><V76/><F130/><W53/><G53/><T95/><D95/><U51/><E107/><V113/><F113/><W68/><G68/><T52/><D52/><U85/><E55/><V105/><F105/><W99/><G99/><T63/><D63/><U134/><E134/><V72/><F54/><W92/><G92/><T40/><D40/><U3/><E98/><V131/><F131/><W5/><G5/><T100/><D100/><U17/><E96/><V20/><F103/><W118/><G118/><RYUUKYOKU ba="0,2" sc="80,15,410,-15,271,-15,219,15" hai0="18,21,23,24,25,45,46,47,74,78,81,89,91" hai3="11,12,16,29,30,31,44,80,84,90,97,101,106" /><INIT seed="3,1,2,3,5,118" ten="95,395,256,234" oya="3" hai0="64,2,78,72,90,110,99,105,21,10,133,92,101" hai1="35,27,122,53,62,126,49,125,30,129,82,47,114" hai2="87,134,80,131,43,40,23,24,16,73,28,9,17" hai3="34,8,96,102,41,88,26,77,120,112,106,69,18"/><W56/><G112/><T14/><D110/><U79/><E114/><V50/><F73/><W5/><G69/><T44/><D133/><U65/><E129/><V104/><F104/><W61/><G77/><T51/><D64/><U6/><E6/><V100/><F100/><W3/><G41/><T107/><D2/><U7/><E7/><V94/><F94/><W119/><G119/><T113/><D113/><U32/><E32/><V130/><F134/><W70/><G88/><T123/><D123/><U84/><REACH who="1" step="1"/><E122/><REACH who="1" ten="95,385,256,234" step="2"/><V71/><F131/><W117/><G120/><T89/><D105/><U25/><E25/><V68/><F130/><W76/><G34/><T57/><D107/><U12/><E12/><N who="2" m="7183" /><F68/><AGARI ba="1,3" hai="27,30,35,47,49,53,62,65,68,79,82,84,125,126" machi="68" ten="40,2600,0" yaku="1,1,53,1" doraHai="118" doraHaiUra="58" who="1" fromWho="2" sc="95,0,385,59,256,-29,234,0" /><INIT seed="4,0,0,1,5,1" ten="95,444,227,234" oya="0" hai0="96,69,75,64,38,32,121,41,42,29,61,53,107" hai1="98,103,81,128,114,43,105,97,84,74,63,94,7" hai2="26,45,49,8,70,77,124,22,76,68,88,79,125" hai3="57,20,28,54,9,33,51,135,132,92,122,78,71"/><T35/><D121/><U12/><E128/><V23/><F8/><W111/><G111/><T117/><D117/><U44/><E74/><V52/><F23/><W133/><G122/><T116/><D116/><U115/><E63/><V25/><F26/><N who="3" m="18583" /><G71/><T39/><D53/><U80/><E12/><V93/><F70/><W50/><G78/><T55/><D55/><U82/><E7/><V62/><F68/><W2/><G92/><T66/><D75/><U27/><E27/><V24/><F62/><N who="3" m="36151" /><G20/><T130/><D130/><U99/><E44/><V6/><F6/><AGARI ba="0,0" hai="2,6,9,50,51,132,133,135" m="36151,18583" machi="6" ten="30,2000,0" yaku="20,1,52,1" doraHai="1" who="3" fromWho="2" sc="95,0,444,0,227,-20,234,20" /><INIT seed="5,0,0,3,4,42" ten="95,444,207,254" oya="1" hai0="102,76,121,104,60,92,103,8,79,30,61,7,93" hai1="28,97,57,44,48,62,39,18,123,75,77,65,12" hai2="70,119,46,74,128,58,13,98,40,19,11,82,20" hai3="64,85,96,101,43,38,21,59,116,100,86,34,134"/><U51/><E123/><V25/><F70/><W131/><G34/><T27/><D121/><U9/><E75/><V50/><F119/><W31/><G116/><T129/><D129/><U94/><E77/><V106/><F128/><W49/><G131/><T32/><D104/><U130/><E130/><V124/><F124/><W22/><G134/><T35/><D8/><U133/><E133/><V117/><F117/><W132/><G38/><T111/><D7/><U135/><E135/><V47/><F58/><W26/><G22/><T125/><D27/><U89/><E39/><V45/><F82/><W81/><G132/><T54/><D54/><U68/><E68/><V69/><F69/><W29/><G29/><T2/><D30/><U113/><E113/><V53/><F74/><W105/><G105/><T15/><D15/><U56/><E28/><V88/><F40/><W91/><G96/><T114/><D2/><U80/><E57/><V63/><F63/><N who="3" m="38015" /><G86/><T10/><D10/><U37/><E80/><V66/><F66/><W83/><G83/><T112/><REACH who="0" step="1"/><D125/><REACH who="0" ten="85,444,207,254" step="2"/><U14/><E14/><V33/><F106/><W107/><G107/><T24/><D24/><U17/><E17/><N who="2" m="8383" /><F33/><W115/><G31/><T118/><D118/><U6/><E6/><V55/><F55/><W67/><G26/><T87/><D87/><U3/><E3/><V73/><F73/><W1/><G1/><T4/><D4/><U71/><E12/><V110/><F110/><AGARI ba="0,1" hai="32,35,60,61,76,79,92,93,102,103,110,111,112,114" machi="110" ten="25,3200,0" yaku="1,1,22,2,53,0" doraHai="42" doraHaiUra="84" who="0" fromWho="2" sc="85,42,444,0,207,-32,254,0" /><INIT seed="6,0,0,5,1,108" ten="127,444,175,254" oya="2" hai0="19,115,122,50,106,20,4,32,47,58,76,83,79" hai1="57,5,16,103,22,11,49,73,53,9,40,21,72" hai2="41,98,67,86,61,14,116,105,121,62,26,78,36" hai3="51,34,15,131,107,63,77,96,110,69,97,124,113"/><V54/><F121/><W27/><G110/><T59/><D32/><U70/><E70/><V133/><F116/><W80/><G15/><T81/><D106/><U65/><E103/><V42/><F133/><W94/><G51/><T92/><D122/><U30/><E65/><V60/><F67/><W87/><G124/><T23/><D4/><U82/><E73/><V43/><F26/><W55/><G131/><T91/><D81/><U126/><E72/><V135/><F135/><W95/><G55/><T130/><D130/><U75/><E75/><V125/><F36/><W13/><G13/><T100/><D100/><U24/><E126/><V90/><F98/><W0/><G0/><T71/><D71/><U44/><E82/><N who="2" m="49495" /><F78/><N who="0" m="29738" /><D83/><U84/><E5/><V25/><F25/><W118/><G27/><N who="0" m="14751" /><D23/><U119/><E119/><V17/><F105/><W52/><G96/><T3/><D3/><U88/><E22/><N who="2" m="11575" /><F125/><W93/><G97/><T104/><D104/><U18/><E30/><V120/><F120/><W89/><G107/><T37/><D37/><U7/><E7/><V85/><F85/><W48/><G118/><T111/><D111/><U68/><E68/><V132/><F132/><W128/><G128/><T46/><D92/><N who="1" m="54279" /><E18/><V99/><F99/><W2/><G69/><T39/><D39/><U38/><E38/><V35/><F35/><W1/><G34/><T102/><D102/><U74/><E74/><V101/><F101/><W117/><G117/><T114/><D91/><U66/><E66/><V134/><F134/><W6/><G77/><T29/><D29/><U31/><E31/><RYUUKYOKU ba="0,0" sc="127,-15,444,15,175,15,254,-15" hai1="9,11,16,21,24,40,44,49,53,57" hai2="41,42,43,54,60,61,62" /><INIT seed="6,1,0,0,2,58" ten="112,459,190,239" oya="2" hai0="114,64,109,47,128,41,97,5,108,37,69,11,70" hai1="7,117,3,40,65,120,89,122,52,13,34,45,85" hai2="116,113,68,4,15,27,112,28,6,124,43,96,50" hai3="8,17,99,39,93,95,18,21,135,79,126,55,110"/><V59/><F68/><W73/><G110/><T35/><D35/><U130/><E117/><V98/><F116/><W16/><G39/><T22/><D114/><N who="2" m="44138" /><F124/><W12/><G126/><T19/><D128/><U72/><E72/><V119/><F119/><W127/><G127/><T78/><D97/><N who="2" m="37482" /><F15/><W92/><G135/><T107/><D107/><U67/><E13/><V81/><F81/><W104/><G104/><T90/><D90/><U32/><E130/><V115/><F115/><W74/><G73/><T20/><D78/><U106/><E106/><V38/><F38/><W77/><G74/><T80/><D80/><U84/><E3/><V94/><F94/><N who="3" m="36459" /><G55/><T36/><D37/><U87/><E52/><N who="2" m="32151" /><F43/><W53/><G53/><T49/><D36/><N who="1" m="21639" /><E32/><AGARI ba="1,0" hai="4,6,27,28,32" m="32151,37482,44138" machi="32" ten="30,2900,0" yaku="15,1,54,1" doraHai="58" who="2" fromWho="1" sc="112,0,459,-32,190,32,239,0" /><INIT seed="6,2,0,4,3,82" ten="112,427,222,239" oya="2" hai0="2,99,0,86,15,43,39,65,121,126,131,109,72" hai1="122,129,134,22,103,13,62,110,61,59,27,5,29" hai2="47,24,45,7,10,114,84,124,68,79,58,36,8" hai3="30,132,91,118,102,21,35,41,111,76,37,107,49"/><V119/><F68/><W108/><G118/><T117/><D65/><U1/><E110/><V46/><F119/><W60/><G37/><T106/><D15/><U48/><E1/><V89/><F124/><W51/><G35/><T69/><D86/><U101/><E134/><V56/><F114/><W116/><G116/><T20/><D20/><U133/><E133/><V55/><F79/><W125/><G76/><T135/><D99/><U100/><E129/><V52/><F24/><W94/><G132/><T120/><D43/><U74/><E74/><V87/><F89/><W73/><G73/><T130/><D2/><U54/><E122/><V88/><F36/><W78/><G78/><T25/><D25/><U93/><E93/><N who="2" m="54407" /><F87/><W113/><G113/><T28/><D28/><U17/><REACH who="1" step="1"/><E5/><REACH who="1" ten="112,417,222,239" step="2"/><V75/><F75/><W97/><G111/><T128/><D128/><U32/><AGARI ba="2,1" hai="13,17,22,27,29,32,48,54,59,61,62,100,101,103" machi="32" ten="30,7900,0" yaku="1,1,2,1,0,1,53,1" doraHai="82" doraHaiUra="31" who="1" fromWho="1" sc="112,-22,417,95,222,-41,239,-22" /><INIT seed="7,0,0,0,4,21" ten="90,512,181,217" oya="3" hai0="99,27,16,121,91,17,77,106,129,29,53,44,35" hai1="135,54,55,38,46,22,131,102,118,49,61,72,94" hai2="36,117,1,67,12,70,66,62,68,56,84,100,128" hai3="78,120,130,79,88,47,90,76,101,132,43,41,42"/><W133/><G120/><T40/><D129/><U60/><E72/><V11/><F1/><W51/><G130/><T80/><D121/><U3/><E3/><V59/><F36/><W24/><G101/><T63/><D53/><U125/><E38/><V116/><F100/><W4/><G4/><T26/><D63/><U50/><E125/><V58/><F84/><W23/><G51/><N who="0" m="27015" /><D35/><U98/><E135/><N who="3" m="51786" /><G47/><T83/><D106/><U69/><E69/><N who="2" m="26731" /><F12/><W32/><G32/><T19/><D29/><AGARI ba="0,0" hai="23,24,29,41,42,43,76,78,79,88,90" m="51786" machi="29" ten="40,7700,0" yaku="20,1,52,1,54,1" doraHai="21" who="3" fromWho="0" sc="90,-77,512,0,181,0,217,77" /><INIT seed="7,1,0,1,5,30" ten="13,512,181,294" oya="3" hai0="90,4,124,112,79,12,28,39,26,48,81,106,54" hai1="77,17,123,127,55,85,62,32,84,70,34,93,87" hai2="44,29,76,115,92,2,50,11,122,120,130,97,83" hai3="43,8,133,113,40,21,103,35,5,20,19,15,88"/><W23/><G103/><T119/><D39/><U57/><E123/><V74/><F115/><W82/><G113/><T37/><D112/><U78/><E127/><V110/><F130/><W61/><G133/><T109/><D37/><U65/><E93/><V108/><F11/><W114/><G114/><T36/><D36/><U117/><E117/><V134/><F2/><W9/><G61/><T64/><D119/><U69/><E69/><V101/><F29/><W7/><G88/><T38/><D38/><U104/><E104/><V68/><F68/><W46/><G82/><T41/><D106/><U53/><E53/><V99/><F50/><W102/><G102/><T86/><D109/><U105/><E105/><V129/><F44/><W59/><G59/><T6/><D124/><U91/><E91/><V60/><F60/><W116/><G46/><T18/><D64/><U96/><E96/><V49/><F49/><W118/><G21/><T131/><D41/><U107/><E107/><V75/><F129/><W10/><G10/><N who="0" m="6423" /><D79/><U128/><E128/><V3/><F134/><W72/><G15/><T24/><D131/><U22/><E77/><V100/><F3/><W98/><G19/><T0/><D0/><U125/><E78/><V89/><F89/><W80/><G80/><T14/><D14/><N who="1" m="9527" /><E125/><V31/><F31/><W71/><G72/><T51/><D51/><U126/><E126/><V13/><F13/><W63/><G63/><T66/><D66/><U67/><E65/><V1/><F1/><W45/><G71/><T135/><D135/><U42/><E42/><V95/><F75/><RYUUKYOKU ba="1,0" sc="13,-15,512,15,181,15,294,-15" hai1="32,34,55,57,62,67,70,84,85,87" hai2="74,76,83,92,95,97,99,100,101,108,110,120,122" owari="-2,-50.0,527,62.0,196,-20.0,279,8.0" /></mjloggm>