<mjloggm ver="2.3"><GO type="169" lobby="0"/><UN n0="%E9%AB%AD%E9%AF%A8" n1="%4B%6F%74%61%38%31%36" n2="%E3%82%B9%E3%83%9E%E3%83%9B%E7%94%A8%E3%81%AE%E3%82%84%E3%81%A4" n3="%E3%83%AC%E3%82%AA%E3%83%B3%E3%83%8F%E3%83%AB%E3%83%88" dan="16,16,16,16" rate="2117.04,2164.23,2121.64,2041.99" sx="M,M,M,M"/><TAIKYOKU oya="0"/><INIT seed="0,0,0,0,5,132" ten="250,250,250,250" oya="0" hai0="4,12,69,81,131,29,23,134,15,112,48,78,13" hai1="46,119,6,20,133,44,36,19,38,90,52,94,67" hai2="39,75,26,55,2,79,118,56,8,0,47,71,60" hai3="66,113,116,32,72,95,130,105,14,125,10,108,62"/><T30/><D69/><U68/><E133/><V33/><F118/><W17/><G105/><T100/><D134/><U53/><E6/><V84/><F71/><W51/><G113/><T97/><D112/><U128/><E128/><V88/><F79/><W49/><G116/><T135/><D131/><U22/><E68/><V107/><F75/><W122/><G32/><T41/><D4/><U123/><E119/><V104/><F8/><W109/><G72/><T43/><D43/><U121/><E94/><V114/><F114/><W1/><G1/><T101/><D101/><U50/><E19/><V89/><F89/><W77/><G77/><T58/><D23/><U87/><E50/><V64/><F2/><W27/><G27/><T92/><D135/><U111/><E90/><V63/><F0/><W40/><G95/><T42/><D42/><U28/><E28/><V73/><F73/><W34/><G34/><T24/><D24/><U117/><E117/><V70/><F47/><W85/><G122/><T80/><D80/><U74/><E74/><V61/><F61/><W18/><G130/><T82/><D82/><U3/><E3/><V35/><F39/><W76/><G40/><T98/><D98/><U126/><E87/><V96/><F26/><W115/><G85/><N who="0" m="48311" /><D41/><U120/><E120/><V9/><F9/><W106/><G115/><T16/><D16/><U86/><E86/><V37/><F37/><W93/><G18/><T129/><D129/><U103/><E38/><V57/><F70/><W5/><G17/><T7/><D7/><U124/><E36/><V102/><F107/><RYUUKYOKU ba="0,0" sc="250,15,250,-15,250,15,250,-15" hai0="12,13,15,29,30,48,58,92,97,100" hai2="33,35,55,56,57,60,63,64,84,88,96,102,104" /><INIT seed="0,1,0,5,3,118" ten="265,235,265,235" oya="0" hai0="42,60,132,49,98,87,90,61,135,73,109,21,66" hai1="23,3,85,35,15,110,94,129,5,103,81,131,71" hai2="6,116,45,41,34,17,12,38,48,44,126,16,120" hai3="24,11,33,106,92,75,96,7,72,69,128,18,36"/><T28/><D73/><U82/><E35/><V70/><F116/><W58/><G69/><T0/><D0/><U62/><E110/><V57/><F126/><W37/><G106/><T125/><D98/><U32/><E32/><V88/><F70/><W112/><G112/><T14/><D125/><U79/><E3/><V64/><F34/><W76/><G128/><T117/><D117/><U86/><E103/><V13/><F120/><W51/><G37/><T130/><D130/><U8/><E94/><V104/><F104/><W59/><G36/><T99/><D99/><U93/><E93/><V52/><F88/><W39/><G39/><T101/><D101/><U121/><E23/><V100/><F100/><W84/><G51/><T19/><D28/><U108/><E108/><V50/><F64/><W95/><G95/><T1/><D1/><U27/><E27/><V31/><F31/><W40/><G40/><T127/><D127/><U43/><E43/><V80/><F80/><N who="3" m="47111" /><G33/><T65/><D49/><U46/><E121/><V113/><F113/><W9/><G75/><T91/><D42/><U115/><E115/><V83/><F83/><W119/><G72/><T10/><D109/><U30/><E30/><V22/><F6/><W124/><G119/><T47/><D47/><U111/><E46/><N who="2" m="25679" /><F38/><W114/><G114/><T74/><D74/><U67/><REACH who="1" step="1"/><E111/><REACH who="1" ten="265,225,265,235" step="2"/><V134/><F134/><W77/><G92/><N who="0" m="54367" /><D135/><U4/><E4/><V133/><F133/><W2/><G124/><T78/><D132/><U53/><E53/><V20/><AGARI ba="1,1" hai="12,13,16,17,20,22,44,45,50,52,57" m="25679" machi="20" ten="30,4000,0" yaku="8,1,54,2" doraHai="118" who="2" fromWho="2" sc="265,-21,225,-11,265,53,235,-11" /><INIT seed="1,0,0,1,0,33" ten="244,214,318,224" oya="1" hai0="25,28,42,59,17,126,102,44,22,54,77,14,18" hai1="74,27,109,80,85,65,41,36,23,91,19,87,34" hai2="71,104,24,55,13,96,75,107,113,100,132,5,62" hai3="69,97,110,76,0,45,21,81,127,88,73,112,63"/><U12/><E109/><V58/><F132/><W93/><G112/><T134/><D126/><U90/><E74/><V8/><F113/><W114/><G114/><T35/><D134/><U108/><E108/><V60/><F75/><W37/><G127/><T117/><D117/><U15/><E65/><V130/><F130/><W26/><G110/><T52/><D77/><U61/><E61/><V120/><F120/><W118/><G118/><T78/><D78/><U4/><E34/><V16/><F71/><W1/><G63/><T99/><D59/><U82/><REACH who="1" step="1"/><E4/><REACH who="1" ten="244,204,318,224" step="2"/><V43/><F62/><W3/><G69/><T86/><D35/><U121/><E121/><V51/><F5/><W29/><REACH who="3" step="1"/><G0/><REACH who="3" ten="244,204,318,214" step="2"/><T133/><D133/><U89/><E89/><V101/><F60/><W20/><G20/><T32/><D22/><U70/><E70/><V53/><F101/><W64/><G64/><T57/><D102/><U49/><E49/><V98/><F51/><W128/><G128/><T10/><D32/><U131/><E131/><V84/><F100/><W38/><G38/><T123/><D123/><U48/><E48/><V72/><F55/><W2/><G2/><T68/><D54/><U31/><E31/><V67/><F53/><W122/><G122/><T9/><D52/><U115/><E115/><V6/><F67/><W83/><G83/><T66/><D66/><U119/><E119/><V79/><F79/><W56/><G56/><T11/><D57/><U94/><E94/><V92/><F92/><W50/><G50/><T47/><D68/><U111/><E111/><V125/><F58/><RYUUKYOKU ba="0,2" sc="244,-15,204,15,318,-15,214,15" hai1="12,15,19,23,27,36,41,80,82,85,87,90,91" hai3="1,3,21,26,29,37,45,73,76,81,88,93,97" /><INIT seed="1,1,2,0,4,130" ten="229,219,303,229" oya="1" hai0="66,35,68,64,88,101,105,125,78,103,102,18,83" hai1="95,72,131,116,135,71,85,110,127,123,73,129,33" hai2="24,98,17,65,6,12,128,80,84,96,63,111,54" hai3="124,115,38,11,9,62,67,90,53,42,97,57,14"/><U8/><RYUUKYOKU type="yao9" ba="1,2" sc="229,0,219,0,303,0,229,0" hai1="8,33,71,72,73,85,95,110,116,123,127,129,131,135" /><INIT seed="1,2,2,1,4,114" ten="229,219,303,229" oya="1" hai0="98,35,26,10,33,27,59,97,90,50,105,93,131" hai1="19,102,20,5,71,110,112,123,109,130,106,58,104" hai2="91,39,100,37,64,76,120,31,78,75,9,66,0" hai3="67,4,99,47,30,113,57,125,15,62,103,101,48"/><U95/><E71/><V14/><F120/><W129/><G113/><T51/><D131/><U79/><E112/><V63/><F0/><W21/><G129/><T13/><D35/><U40/><E130/><V119/><F100/><W18/><G125/><T117/><D117/><U34/><E34/><V42/><F31/><W122/><G122/><T69/><D69/><U61/><E123/><V115/><F115/><W92/><G30/><T107/><D107/><U135/><E40/><V96/><F66/><W74/><G74/><T128/><D128/><U28/><E79/><V7/><F119/><W116/><G4/><T86/><D33/><U32/><E5/><V17/><F17/><W23/><G116/><T25/><D105/><U72/><E72/><V65/><F65/><W54/><REACH who="3" step="1"/><G101/><REACH who="3" ten="229,219,303,219" step="2"/><T127/><D127/><U134/><E28/><V6/><F7/><W49/><G49/><T55/><D50/><U88/><E102/><V84/><F75/><W68/><G68/><T45/><D45/><U56/><E32/><V118/><F118/><W126/><G126/><T53/><D53/><N who="1" m="33935" /><E58/><V94/><F39/><W132/><G132/><N who="1" m="50730" /><E110/><V87/><F37/><W22/><AGARI ba="2,3" hai="15,18,21,22,23,47,48,54,57,62,67,92,99,103" machi="22" ten="20,8000,1" yaku="1,1,0,1,7,1,8,1,53,1" doraHai="114" doraHaiUra="11" who="3" fromWho="3" sc="229,-22,219,-42,303,-22,219,116" /><INIT seed="2,0,0,0,0,9" ten="207,177,281,335" oya="2" hai0="115,24,109,8,53,25,10,5,51,97,50,110,52" hai1="95,60,94,1,127,19,86,67,101,130,119,105,47" hai2="61,96,70,68,117,0,122,49,89,62,57,17,58" hai3="22,114,20,126,72,55,30,82,65,73,104,99,103"/><V40/><F0/><W48/><G126/><T81/><D97/><U11/><E119/><V43/><F96/><W121/><G121/><T84/><D84/><U132/><E105/><V108/><F89/><W35/><G65/><T91/><D91/><U38/><E38/><V21/><F122/><W37/><G37/><T66/><D66/><U93/><E132/><V7/><F7/><W111/><G111/><T112/><REACH who="0" step="1"/><D5/><REACH who="0" ten="197,177,281,335" step="2"/><U124/><E86/><V13/><F117/><W120/><G99/><T42/><D42/><N who="2" m="15914" /><F108/><W71/><G120/><T31/><D31/><U113/><E124/><V76/><F76/><W18/><G30/><T29/><D29/><U133/><E127/><V44/><F70/><W107/><G71/><T64/><D64/><U59/><E67/><V69/><F68/><W63/><G72/><T2/><D2/><U80/><E1/><V54/><F69/><W36/><G73/><T16/><D16/><U33/><E19/><V15/><F15/><W102/><G18/><T45/><D45/><U77/><E47/><V129/><F129/><W27/><G103/><T100/><D100/><U41/><E101/><V87/><F87/><W88/><G102/><T128/><D128/><U26/><E130/><V116/><F116/><W78/><G78/><T32/><D32/><U125/><E33/><V98/><F98/><W118/><G118/><T34/><D34/><U56/><E77/><V12/><F13/><W92/><G35/><T135/><D135/><U4/><E133/><V74/><F74/><W134/><G134/><T46/><D46/><U23/><E125/><RYUUKYOKU ba="0,1" sc="197,15,177,-15,281,15,335,-15" hai0="8,10,24,25,50,51,52,53,81,109,110,112,115" hai2="12,17,21,44,49,54,57,58,61,62" /><INIT seed="2,1,1,4,5,97" ten="212,162,296,320" oya="2" hai0="87,80,52,129,72,18,26,134,114,112,14,128,19" hai1="7,22,32,1,82,133,45,33,93,65,102,23,61" hai2="135,43,110,76,37,64,67,4,11,77,86,103,20" hai3="111,74,123,25,57,118,62,31,5,117,29,50,8"/><V88/><F135/><W78/><G123/><T68/><D72/><U85/><E133/><V60/><F110/><W44/><G111/><T94/><D68/><U73/><E73/><V98/><F20/><W100/><G78/><T46/><D134/><U125/><E125/><V130/><F130/><N who="0" m="50282" /><D94/><U17/><E7/><V51/><F37/><W69/><G74/><T83/><D26/><U132/><E1/><V55/><F43/><W127/><G69/><T53/><D46/><U84/><E23/><V89/><F60/><W81/><G81/><N who="0" m="31307" /><D87/><U66/><E45/><N who="2" m="28143" /><F86/><W59/><G31/><T47/><D47/><U120/><E85/><V106/><F106/><W34/><G57/><T39/><D39/><U70/><E120/><V10/><F77/><W6/><G59/><T122/><D122/><U9/><E132/><V35/><F76/><W27/><G44/><T119/><D119/><U71/><E71/><V15/><F35/><W42/><G34/><T58/><D58/><U113/><E33/><V13/><F67/><W56/><G117/><T124/><D124/><U38/><E65/><V2/><F64/><W12/><G127/><T63/><D63/><U121/><E32/><V40/><F40/><W79/><G62/><T24/><D24/><N who="1" m="14415" /><E38/><V101/><F98/><W126/><G27/><T104/><D104/><U90/><E121/><V116/><F116/><W109/><G126/><T28/><D28/><U95/><E82/><V108/><F108/><W41/><G118/><T0/><D0/><U75/><E75/><V99/><F2/><N who="3" m="55" /><G109/><T92/><D14/><U54/><E70/><RYUUKYOKU ba="1,1" sc="212,0,162,0,296,0,320,0" /><INIT seed="3,2,1,4,0,76" ten="212,162,296,320" oya="3" hai0="116,114,110,18,31,52,12,100,125,65,55,56,20" hai1="7,23,44,86,41,78,91,53,84,104,13,69,134" hai2="123,87,37,59,124,130,34,111,132,80,108,96,36" hai3="5,8,42,89,35,113,74,48,72,0,115,24,107"/><W4/><G107/><T30/><D116/><U71/><E104/><V39/><F34/><W120/><G120/><T25/><D110/><N who="2" m="42026" /><F123/><W79/><G5/><T101/><D125/><U127/><E134/><V66/><F132/><W26/><G72/><T32/><D31/><U28/><E53/><V95/><F130/><W3/><G3/><T121/><D121/><U57/><E57/><V83/><F87/><W75/><G75/><T105/><D114/><U112/><E127/><V77/><F77/><W61/><G89/><T46/><D65/><U99/><E84/><V21/><F21/><W54/><G61/><T103/><D46/><U6/><E99/><V50/><F124/><W122/><G42/><T98/><REACH who="0" step="1"/><D55/><REACH who="0" ten="202,162,296,320" step="2"/><U33/><E44/><V135/><F135/><W68/><G122/><T60/><AGARI ba="2,2" hai="12,18,20,25,30,32,52,56,60,98,100,101,103,105" machi="60" ten="20,12000,2" yaku="1,1,2,1,0,1,7,1,54,1,53,1" doraHai="76" doraHaiUra="22" who="0" fromWho="0" sc="202,146,162,-32,296,-32,320,-62" /><INIT seed="4,0,0,5,2,102" ten="348,130,264,258" oya="0" hai0="110,68,33,23,6,107,30,20,101,126,11,115,118" hai1="130,3,5,85,48,61,96,109,97,0,44,43,71" hai2="75,52,73,10,105,26,134,120,87,53,8,114,2" hai3="40,34,28,51,16,108,72,99,62,133,76,117,37"/><T24/><D118/><U80/><E109/><V74/><F114/><W88/><G108/><T78/><D78/><U9/><E130/><V122/><F134/><W92/><G117/><T54/><D126/><U116/><E0/><V91/><F26/><W56/><G133/><T67/><D54/><U47/><E116/><V128/><F128/><W57/><G37/><T21/><D115/><U103/><E47/><V83/><F105/><W135/><G28/><T38/><D38/><U79/><E103/><V89/><F2/><W98/><G34/><T124/><D124/><U131/><E131/><V55/><REACH who="2" step="1"/><F91/><REACH who="2" ten="348,130,254,258" step="2"/><W70/><G88/><T125/><D125/><U27/><E27/><V64/><F64/><W81/><G135/><T90/><D90/><U63/><E3/><V19/><F19/><W29/><G16/><T65/><D110/><U41/><E5/><V77/><F77/><W132/><G29/><T69/><D67/><U95/><E79/><V1/><F1/><W46/><G132/><T123/><D65/><U60/><E71/><V106/><F106/><W7/><G7/><T49/><D69/><U119/><E119/><V86/><F86/><W36/><G70/><T17/><D68/><U58/><E85/><V13/><F13/><W50/><G76/><T45/><D17/><U31/><E96/><V104/><F104/><W94/><G99/><N who="0" m="61887" /><D6/><U4/><E4/><V39/><F39/><W121/><G98/><T129/><D129/><U93/><E97/><V100/><F100/><W112/><G36/><T113/><D113/><U14/><E14/><V22/><F22/><RYUUKYOKU ba="0,1" sc="348,-10,130,-10,254,30,258,-10" hai2="8,10,52,53,55,73,74,75,83,87,89,120,122" /><INIT seed="5,1,1,0,4,60" ten="338,120,284,248" oya="1" hai0="62,40,41,63,67,113,80,47,33,9,10,97,91" hai1="128,70,124,19,94,27,42,46,123,1,14,11,5" hai2="103,102,43,121,65,75,110,117,127,24,69,25,28" hai3="61,49,71,120,22,64,35,23,66,105,21,133,101"/><U112/><E123/><V44/><F110/><W104/><G120/><T118/><D33/><U125/><E112/><V107/><F121/><W74/><G74/><T95/><D118/><U45/><E128/><V38/><F117/><W7/><G35/><T82/><D113/><U57/><E70/><V129/><F129/><W8/><G66/><T78/><D63/><U88/><E57/><V4/><F127/><N who="1" m="48713" /><E27/><V106/><F4/><W77/><G77/><T29/><D29/><U54/><E54/><V109/><F109/><W76/><G76/><T56/><D80/><U50/><E45/><V98/><F75/><W84/><G133/><T18/><D18/><U99/><E1/><V85/><F85/><W68/><G68/><T3/><D3/><U31/><E31/><V89/><F89/><W17/><G84/><N who="0" m="48215" /><D47/><U134/><E134/><V52/><F28/><W30/><G49/><T58/><D58/><U36/><E19/><V0/><F0/><W13/><G101/><T115/><D115/><U32/><E32/><V93/><F103/><W132/><G132/><T131/><D131/><U90/><E90/><V59/><F25/><W86/><G86/><T92/><D92/><U126/><N who="1" m="48721" /><U2/><DORA hai="15" /><E2/><V48/><F24/><W111/><G111/><T26/><D26/><U116/><E116/><V6/><F6/><W87/><G87/><T16/><D16/><U55/><E36/><V108/><F108/><W79/><G79/><T53/><D53/><U72/><E55/><V37/><F38/><W39/><G39/><T96/><D96/><U114/><E114/><RYUUKYOKU ba="1,1" sc="338,10,120,10,284,10,248,-30" hai0="9,10,40,41,56,62,67,91,95,97" hai1="5,11,14,42,46,50,72,88,94,99" hai2="37,43,44,48,52,59,65,69,93,98,102,106,107" /><INIT seed="5,2,1,0,1,0" ten="348,130,294,218" oya="1" hai0="3,60,131,48,21,38,57,134,75,6,98,47,77" hai1="35,54,128,56,64,4,83,101,122,63,72,91,97" hai2="42,43,2,34,8,130,26,30,40,94,129,82,27" hai3="132,85,112,102,96,25,93,88,41,78,92,59,65"/><U16/><E122/><V24/><F94/><W121/><G121/><T37/><D134/><U104/><E35/><V115/><F82/><W126/><G132/><T120/><D131/><N who="2" m="50186" /><F115/><W69/><G112/><T135/><D135/><U61/><E128/><V106/><F106/><W23/><G126/><T49/><D21/><U9/><E72/><V113/><F113/><W45/><G69/><T22/><D22/><U32/><E32/><V76/><F76/><W111/><G111/><T7/><D98/><U107/><E107/><V1/><F1/><W29/><G59/><T19/><D19/><U100/><E83/><V110/><F110/><W119/><G65/><T71/><D71/><U13/><E100/><V117/><F117/><W70/><G70/><T105/><D105/><U50/><E91/><V36/><F36/><W67/><G67/><T20/><D20/><U55/><E64/><V10/><F10/><W89/><G119/><T74/><D57/><U44/><REACH who="1" step="1"/><E63/><REACH who="1" ten="348,120,294,218" step="2"/><V80/><F80/><W51/><G78/><T99/><D60/><U90/><E90/><AGARI ba="2,2" hai="23,25,29,41,45,51,85,88,89,90,92,93,96,102" machi="90" ten="40,2600,0" yaku="8,1,54,1" doraHai="0" who="3" fromWho="1" sc="348,0,120,-32,294,0,218,52" /><INIT seed="6,0,0,1,1,54" ten="348,88,294,270" oya="2" hai0="93,95,73,117,99,113,19,109,10,104,131,129,28" hai1="98,47,102,82,125,124,42,128,24,65,26,72,1" hai2="18,135,74,29,5,33,2,37,123,116,115,27,15" hai3="62,52,30,78,84,4,49,56,121,70,7,111,130"/><V92/><F74/><W13/><G111/><T36/><D109/><U76/><E128/><V66/><F37/><W16/><G121/><T8/><D36/><U0/><E26/><V31/><F123/><W46/><G70/><T40/><D40/><U22/><E65/><V97/><F116/><W59/><G30/><T83/><D28/><U38/><E22/><V68/><F31/><W14/><G14/><T88/><D113/><U86/><E24/><V105/><F115/><W34/><G34/><T12/><D104/><U106/><REACH who="1" step="1"/><E86/><REACH who="1" ten="348,78,294,270" step="2"/><V101/><F66/><W58/><G130/><T23/><D131/><U9/><E9/><V21/><F135/><W118/><G118/><T100/><D117/><U108/><E108/><V134/><F134/><W43/><G84/><T45/><D129/><U122/><E122/><V35/><F33/><W132/><G132/><T112/><D10/><U119/><E119/><V126/><F35/><W120/><G120/><T17/><D8/><U71/><E71/><V80/><F68/><W11/><G78/><T110/><D23/><U55/><E55/><V39/><F27/><W85/><G85/><T69/><D69/><U44/><E44/><V107/><F21/><W127/><G127/><AGARI ba="0,1" hai="0,1,38,42,47,72,76,82,98,102,106,124,125,127" machi="127" ten="40,8000,1" yaku="1,1,18,1,23,2,53,0" doraHai="54" doraHaiUra="81" who="1" fromWho="3" sc="348,0,78,90,294,0,270,-80" /><INIT seed="7,0,0,5,4,96" ten="348,168,294,190" oya="3" hai0="19,40,46,115,124,32,1,47,119,36,95,78,67" hai1="128,50,45,76,126,133,8,73,51,90,62,33,26" hai2="84,49,80,116,52,81,127,16,129,64,91,110,121" hai3="22,28,31,34,21,107,53,82,14,68,99,4,44"/><W0/><G68/><T41/><D119/><U43/><E133/><V30/><F110/><W112/><G112/><T24/><D1/><U10/><E128/><V94/><F116/><W23/><G82/><T29/><D115/><U27/><E126/><V20/><F127/><W3/><G44/><T74/><D124/><U39/><E27/><V11/><F129/><W72/><G72/><T101/><D67/><U102/><E90/><V56/><F121/><W13/><G53/><T105/><D78/><U89/><E89/><V114/><F114/><W92/><G107/><T37/><D74/><U117/><E117/><V113/><F113/><W60/><G60/><T5/><D5/><U118/><E118/><V135/><F135/><W131/><G131/><T85/><D19/><U86/><E86/><V108/><F108/><W103/><G34/><T125/><D125/><U57/><E102/><V70/><F30/><W63/><G63/><T88/><D101/><U58/><E58/><V122/><F122/><W83/><G83/><T100/><D100/><U71/><E71/><V6/><F64/><W109/><G109/><T38/><D38/><U17/><E76/><V69/><F69/><W98/><G98/><T132/><D132/><U65/><E73/><V42/><F42/><W25/><G4/><T134/><D134/><U66/><E66/><V35/><F35/><N who="3" m="20879" /><G31/><T54/><D54/><U87/><E87/><V15/><F70/><W55/><G55/><T48/><D48/><N who="1" m="18475" /><E33/><V93/><F93/><W123/><G123/><T7/><D7/><U77/><E77/><V106/><F106/><AGARI ba="0,0" hai="24,29,32,36,37,40,41,46,47,85,88,95,105,106" machi="106" ten="40,5200,0" yaku="6,1,9,1,54,1" doraHai="96" who="0" fromWho="2" sc="348,52,168,0,294,-52,190,0" owari="400,50.0,168,-33.0,242,4.0,190,-21.0" /></mjloggm>