<mjloggm ver="2.3"><GO type="225" lobby="0"/><UN n0="%E5%B2%B8%E6%98%8E%E6%97%A5%E9%A6%99" n1="%E5%85%94%E6%96%AF%E5%9F%BA" n2="%4B%61%74%65" n3="%E3%83%A9%E3%83%96%E3%83%AC%E3%83%BC" dan="17,17,17,17" rate="2136.14,2178.40,2210.65,2231.72" sx="M,M,M,M"/><TAIKYOKU oya="0"/><INIT seed="0,0,0,2,4,128" ten="250,250,250,250" oya="0" hai0="123,2,18,63,67,56,88,30,7,25,109,40,59" hai1="15,66,105,80,100,19,107,46,97,14,99,12,110" hai2="106,16,69,95,89,52,98,70,50,32,79,42,134" hai3="68,108,41,60,45,62,72,94,131,116,39,10,4"/><T104/><D123/><U75/><E110/><V73/><F32/><W28/><G108/><T9/><D109/><U27/><E66/><V37/><F134/><W65/><G131/><T54/><D104/><U22/><E46/><V44/><F106/><W13/><G116/><T101/><D101/><U130/><E130/><V90/><F90/><W55/><G28/><T8/><D40/><U20/><E99/><V115/><F115/><W21/><G21/><T118/><D118/><U125/><E107/><V26/><F26/><W33/><G33/><T114/><D114/><U91/><E125/><V11/><F79/><W124/><G72/><T78/><D78/><U84/><REACH who="1" step="1"/><E75/><REACH who="1" ten="250,240,250,250" step="2"/><V119/><F73/><W49/><G124/><T85/><D67/><U103/><E103/><V1/><F119/><W5/><G65/><T64/><D64/><U135/><E135/><V133/><F133/><W87/><G68/><T61/><D56/><U47/><E47/><V6/><F16/><AGARI ba="0,1" hai="12,14,15,16,19,20,22,27,80,84,91,97,100,105" machi="16" ten="30,3900,0" yaku="1,1,7,1,54,1,53,0" doraHai="128" doraHaiUra="24" who="1" fromWho="2" sc="250,0,240,49,250,-39,250,0" /><INIT seed="1,0,0,5,2,39" ten="250,289,211,250" oya="1" hai0="67,27,45,119,134,6,71,135,130,102,86,80,14" hai1="123,77,33,97,108,38,10,65,111,36,66,76,131" hai2="49,121,127,28,23,78,106,115,55,63,93,79,1" hai3="2,109,124,84,13,32,47,113,118,68,7,96,73"/><U52/><E33/><V15/><F121/><W29/><G113/><T24/><D119/><U92/><E123/><V59/><F106/><W129/><G68/><T5/><D130/><U26/><E131/><V74/><F1/><W125/><G73/><T94/><D45/><U132/><E26/><V64/><F127/><W91/><G2/><T104/><D104/><U18/><E132/><N who="0" m="50729" /><D67/><N who="1" m="25611" /><E36/><V25/><F115/><W101/><G32/><T90/><D71/><U30/><E30/><V110/><F110/><N who="1" m="42025" /><E38/><V88/><F15/><W54/><G118/><T114/><D114/><U51/><E18/><V120/><F74/><W11/><G125/><T99/><D14/><U126/><E10/><V116/><F120/><W100/><G129/><T3/><D6/><U75/><E75/><V41/><F41/><W48/><G29/><T16/><D16/><U22/><E22/><V12/><F12/><W0/><G0/><T42/><D42/><U122/><E122/><V31/><F31/><W70/><G124/><T44/><D5/><U19/><E19/><V128/><F116/><W107/><G109/><T21/><D21/><U98/><E126/><V72/><F72/><W95/><G70/><T117/><D3/><U8/><E8/><V105/><F105/><W82/><G107/><T9/><D9/><U4/><E4/><V89/><F128/><W34/><G34/><T58/><D117/><U87/><E87/><N who="2" m="52383" /><F89/><AGARI ba="0,0" hai="7,11,13,47,48,54,82,84,89,91,95,96,100,101" machi="89" ten="30,2000,0" yaku="7,1,8,1" doraHai="39" who="3" fromWho="2" sc="250,0,289,0,211,-20,250,20" /><INIT seed="2,0,0,3,2,114" ten="250,289,191,270" oya="2" hai0="127,36,61,108,74,56,43,102,45,25,1,50,54" hai1="125,3,100,40,53,78,62,81,47,97,135,96,28" hai2="110,44,103,14,26,116,82,60,66,27,64,117,134" hai3="63,112,126,84,70,39,48,7,99,89,21,19,67"/><V124/><F110/><W132/><G112/><T11/><D108/><U123/><E3/><V101/><F124/><W13/><G126/><T32/><D127/><U15/><E125/><V4/><F134/><W76/><G39/><T35/><D102/><U22/><E135/><V119/><F44/><W18/><G99/><T107/><D107/><U9/><E97/><V23/><F82/><W130/><G130/><T111/><D111/><U128/><E123/><V86/><F86/><W120/><G132/><T10/><D74/><U92/><E128/><V16/><F66/><W106/><G106/><T46/><D25/><U104/><E104/><V77/><F77/><W34/><G34/><T58/><D58/><U2/><E2/><V24/><REACH who="2" step="1"/><F4/><REACH who="2" ten="250,289,181,270" step="2"/><W85/><G7/><T55/><D46/><U6/><E78/><V94/><F94/><W59/><G76/><T33/><D45/><U65/><E81/><V75/><F75/><W73/><G73/><T118/><D118/><U95/><E95/><V42/><F42/><W49/><G120/><T98/><D43/><U87/><E87/><V30/><F30/><W71/><G85/><T38/><D38/><U41/><E65/><V133/><F133/><W37/><G37/><T79/><D79/><U57/><E47/><V52/><F52/><W90/><G84/><T83/><D36/><U5/><E5/><V72/><F72/><W131/><G131/><T20/><D83/><U91/><E40/><V105/><F105/><W80/><G80/><T29/><D54/><U122/><E41/><V129/><F129/><W115/><G67/><RYUUKYOKU ba="0,1" sc="250,-10,289,-10,181,30,270,-10" hai2="14,16,23,24,26,27,60,64,101,103,116,117,119" /><INIT seed="2,1,1,1,1,116" ten="240,279,211,260" oya="2" hai0="10,9,114,90,28,132,105,130,77,108,71,120,82" hai1="79,11,27,87,100,115,69,8,6,4,70,125,24" hai2="16,133,35,111,2,12,85,22,127,123,46,57,104" hai3="76,88,91,61,118,62,36,43,78,40,14,96,38"/><V101/><F123/><W109/><G96/><T124/><D28/><U23/><E115/><V102/><F127/><W51/><G14/><T122/><D114/><U94/><E125/><V56/><F133/><W86/><G86/><T41/><D124/><U54/><E54/><V20/><F35/><W98/><G98/><T37/><D132/><U129/><E100/><N who="2" m="38507" /><F2/><W103/><G103/><T119/><D119/><U73/><E73/><V52/><F104/><W63/><G51/><T13/><D90/><N who="3" m="34345" /><G109/><T72/><D72/><U67/><E87/><V0/><F0/><W93/><G93/><T92/><D92/><U60/><E94/><V26/><F85/><W45/><G45/><T53/><D37/><N who="3" m="14441" /><G118/><T68/><D108/><U33/><E33/><V44/><F111/><W58/><G58/><N who="2" m="22633" /><F52/><W32/><G32/><T106/><D53/><U29/><E70/><V83/><F83/><W74/><G74/><T3/><D3/><U66/><E69/><V121/><F121/><W42/><AGARI ba="1,1" hai="40,42,43,61,62,63,76,78" m="14441,34345" machi="42" ten="40,5200,0" yaku="28,2,54,1" doraHai="116" who="3" fromWho="3" sc="240,-14,279,-14,211,-27,260,65" /><INIT seed="3,0,0,0,0,85" ten="226,265,184,325" oya="3" hai0="76,33,100,96,84,124,10,72,73,1,24,98,66" hai1="119,118,101,58,35,88,87,15,16,125,52,79,47" hai2="53,40,31,108,95,126,12,36,61,80,75,6,18" hai3="122,54,64,121,109,81,8,91,56,13,135,29,94"/><W120/><G64/><T71/><D124/><U14/><E35/><V42/><F126/><W32/><G81/><T0/><D98/><U21/><E101/><V90/><F108/><W30/><G32/><T41/><D41/><U43/><E79/><V77/><F31/><W51/><G109/><T92/><D84/><U49/><E14/><V7/><F36/><W46/><G46/><T34/><D34/><U131/><E131/><V62/><F42/><W93/><G93/><T4/><D1/><U127/><E127/><V3/><F40/><W68/><G68/><T17/><D76/><U107/><E107/><V110/><F110/><W132/><G30/><T55/><D55/><U45/><E125/><V113/><F113/><W89/><G29/><T130/><D130/><U57/><E57/><V74/><F74/><W11/><G11/><T28/><D17/><U63/><E45/><V133/><F133/><N who="3" m="51275" /><G94/><T97/><D97/><U116/><E116/><V59/><F62/><W115/><G115/><T37/><D37/><U19/><E19/><AGARI ba="0,0" hai="8,13,19,51,54,56,89,91,120,121,122" m="51275" machi="19" ten="40,7700,0" yaku="20,1,52,2" doraHai="85" who="3" fromWho="1" sc="226,0,265,-77,184,0,325,77" owari="226,3.0,188,-21.0,184,-32.0,402,50.0" /></mjloggm>