<mjloggm ver="2.3"><GO type="169" lobby="0"/><UN n0="%E3%81%AE%E3%81%B3%E3%81%97%E3%82%8D%E2%99%82" n1="%E3%81%8B%E3%81%A5%E3%81%8D%EF%BC%B8%EF%BC%A9" n2="%62%61%6B%75%72%61%30%38" n3="%E7%AD%89%E3%80%85%E5%8A%9B%E5%8A%87%E5%A0%B4" dan="16,16,17,17" rate="2131.69,2105.01,2202.34,2159.58" sx="M,M,M,M"/><TAIKYOKU oya="0"/><INIT seed="0,0,0,1,4,55" ten="250,250,250,250" oya="0" hai0="79,61,91,26,5,100,23,69,3,9,116,0,114" hai1="65,1,117,82,41,2,134,49,111,76,107,125,62" hai2="128,51,123,98,102,27,28,34,36,63,80,127,35" hai3="87,113,74,64,24,86,99,93,105,18,103,58,10"/><T97/><D116/><U75/><E111/><V60/><F123/><W7/><G113/><T6/><D114/><U122/><E117/><V56/><F127/><W54/><G74/><T95/><D79/><U57/><E107/><V38/><F35/><W89/><G64/><T21/><D21/><U16/><E122/><V46/><F128/><W88/><G24/><T39/><D39/><U109/><E109/><V121/><F80/><W92/><G18/><T29/><D6/><U47/><E125/><V119/><F60/><W68/><G68/><T84/><D69/><U43/><E134/><V45/><F45/><W131/><G131/><T120/><D61/><U32/><E32/><V83/><F83/><W17/><G17/><T73/><D73/><U52/><REACH who="1" step="1"/><E16/><REACH who="1" ten="250,240,250,250" step="2"/><V132/><F132/><W33/><G33/><T59/><D120/><U112/><E112/><V44/><F119/><W133/><G133/><T104/><REACH who="0" step="1"/><D59/><REACH who="0" ten="240,240,250,250" step="2"/><U81/><E81/><V30/><F56/><W13/><G58/><T15/><AGARI ba="0,2" hai="0,3,5,9,15,23,26,29,84,91,95,97,100,104" machi="15" ten="20,7800,0" yaku="1,1,2,1,0,1,7,1,53,0" doraHai="55" doraHaiUra="40" who="0" fromWho="0" sc="240,98,240,-26,250,-26,250,-26" /><INIT seed="0,1,0,1,1,96" ten="338,214,224,224" oya="0" hai0="76,92,40,67,124,94,59,33,24,103,16,130,112" hai1="111,35,50,105,27,84,125,93,47,58,12,91,101" hai2="106,132,32,49,114,115,64,95,131,2,97,45,30" hai3="5,90,3,43,86,26,37,133,73,21,54,7,102"/><T55/><D130/><U128/><E111/><V122/><F2/><W11/><G73/><T39/><D124/><U17/><E125/><V123/><F64/><W19/><G133/><T98/><D112/><U116/><E116/><V36/><F36/><W72/><G72/><T31/><D67/><U56/><E128/><V87/><F30/><W104/><G7/><T14/><D76/><U126/><E126/><V109/><F32/><W120/><G120/><T71/><D71/><U88/><E91/><N who="2" m="53759" /><F49/><W48/><G43/><T10/><D40/><U23/><E35/><V1/><F45/><W0/><G37/><T100/><D39/><U99/><REACH who="1" step="1"/><E27/><REACH who="1" ten="338,204,224,224" step="2"/><V4/><F109/><W20/><G26/><T38/><D38/><U66/><E66/><V63/><F131/><W8/><G90/><T82/><D82/><U29/><E29/><V83/><F83/><W129/><G129/><T57/><D55/><AGARI ba="1,1" hai="12,17,23,47,50,55,56,58,84,88,93,99,101,105" machi="55" ten="30,7700,0" yaku="1,1,7,1,52,1,54,1,53,0" doraHai="96" doraHaiUra="75" who="1" fromWho="0" sc="338,-80,204,90,224,0,224,0" /><INIT seed="1,0,0,1,5,7" ten="258,294,224,224" oya="1" hai0="43,21,82,17,91,39,68,26,13,4,105,83,111" hai1="80,118,51,119,122,48,101,92,104,110,95,37,74" hai2="2,59,69,98,54,36,132,71,52,117,25,67,133" hai3="40,106,97,31,15,72,28,56,16,45,62,100,114"/><U129/><E37/><V35/><F2/><W123/><G72/><T61/><D111/><U79/><E122/><V33/><F25/><W20/><G114/><T73/><D105/><U127/><E48/><V89/><F89/><W24/><G123/><T65/><D73/><U107/><E51/><V108/><F98/><W128/><G128/><T0/><D0/><U60/><E60/><N who="2" m="38303" /><F35/><W50/><REACH who="3" step="1"/><G24/><REACH who="3" ten="258,294,224,214" step="2"/><T14/><D26/><U6/><E129/><V18/><F108/><W78/><G78/><T113/><D113/><U63/><E110/><V11/><F117/><W38/><G38/><T103/><D39/><U121/><E79/><V49/><F36/><W131/><G131/><T42/><D68/><U130/><E121/><V70/><F69/><W55/><AGARI ba="0,1" hai="15,16,20,28,31,40,45,50,55,56,62,97,100,106" machi="55" ten="20,8000,1" yaku="1,1,0,1,7,1,54,1,53,1" doraHai="7" doraHaiUra="94" who="3" fromWho="3" sc="258,-20,294,-40,224,-20,214,90" /><INIT seed="2,0,0,0,1,9" ten="238,254,204,304" oya="2" hai0="23,24,126,3,127,121,129,91,41,39,81,34,67" hai1="35,26,130,8,37,32,118,53,70,73,7,33,88" hai2="17,89,69,84,79,76,61,55,102,95,20,51,19" hai3="66,11,125,97,5,119,25,47,12,29,92,133,48"/><V113/><F113/><W68/><G133/><T72/><D129/><U1/><E73/><V90/><F102/><W104/><G125/><T36/><D121/><U4/><E37/><V15/><F90/><W132/><G132/><T110/><D110/><U59/><E70/><V83/><F83/><W46/><G119/><T108/><D108/><U122/><E118/><V112/><F112/><W131/><G131/><T116/><D116/><U31/><E122/><V64/><REACH who="2" step="1"/><F19/><REACH who="2" ten="238,254,194,304" step="2"/><W115/><G115/><T85/><D91/><U38/><E88/><V52/><F52/><W120/><G120/><T10/><D81/><U134/><E130/><V101/><F101/><W103/><G103/><T27/><D127/><U42/><E53/><V57/><AGARI ba="0,1" hai="15,17,20,51,55,57,61,64,69,76,79,84,89,95" machi="57" ten="20,18000,2" yaku="1,1,0,1,7,1,25,2,52,1,53,1" doraHai="9" doraHaiUra="80" who="2" fromWho="2" sc="238,-60,254,-60,194,190,304,-60" /><INIT seed="2,1,0,5,1,79" ten="178,194,384,244" oya="2" hai0="97,74,19,59,102,90,104,121,99,107,112,106,11" hai1="119,48,20,109,64,108,82,84,80,45,98,6,125" hai2="15,72,44,54,75,56,17,29,73,114,86,0,14" hai3="2,32,9,65,126,68,71,21,96,30,130,53,94"/><V43/><F114/><W115/><G32/><T46/><D121/><U132/><E119/><V63/><F0/><W58/><G130/><T77/><D112/><U26/><E132/><V24/><F86/><W16/><G115/><T25/><D46/><U113/><E125/><V39/><REACH who="2" step="1"/><F17/><REACH who="2" ten="178,194,374,244" step="2"/><W13/><G2/><T60/><D19/><U88/><E113/><V128/><F128/><W22/><G126/><T117/><D117/><U89/><E84/><V120/><F120/><W70/><G16/><T100/><D74/><U34/><E98/><V47/><F47/><W51/><G96/><T66/><D106/><U57/><E45/><V83/><F83/><W49/><G94/><T81/><D81/><U27/><E82/><V31/><F31/><W7/><G30/><T28/><D28/><U67/><E80/><V3/><F3/><W110/><G7/><T52/><D107/><U61/><E6/><V69/><F69/><W41/><G71/><T135/><D104/><U4/><E4/><V131/><F131/><W78/><G70/><T134/><D99/><U40/><E108/><V95/><F95/><W42/><G68/><T129/><D97/><U103/><E109/><V124/><F124/><W1/><G1/><T76/><D129/><U8/><E57/><V127/><F127/><W33/><G58/><T18/><D59/><U92/><E92/><V91/><F91/><W133/><G110/><T105/><D90/><U10/><E89/><V116/><F116/><W118/><G118/><T93/><D105/><U111/><E88/><V37/><F37/><W55/><G78/><RYUUKYOKU ba="1,1" sc="178,-10,194,-10,374,30,244,-10" hai2="14,15,24,29,39,43,44,54,56,63,72,73,75" /><INIT seed="2,2,1,1,0,0" ten="168,184,404,234" oya="2" hai0="31,73,78,117,79,21,49,107,9,87,52,1,124" hai1="57,134,75,12,109,6,125,17,101,68,110,111,29" hai2="71,32,80,88,56,93,8,114,123,69,95,122,34" hai3="2,44,38,113,53,84,26,47,42,119,25,13,63"/><V131/><F114/><W86/><G2/><T102/><D124/><U65/><E75/><V77/><F56/><W67/><G119/><T10/><D117/><U62/><E134/><V81/><F8/><W14/><G113/><T135/><D135/><U24/><E68/><V4/><F77/><W59/><G13/><T83/><D107/><U126/><E101/><V132/><F132/><W94/><G47/><T115/><D115/><U89/><E89/><V128/><REACH who="2" step="1"/><F88/><REACH who="2" ten="168,184,394,234" step="2"/><W22/><G59/><T36/><D10/><N who="1" m="4183" /><E17/><V27/><F27/><W18/><G26/><T112/><D112/><U90/><E90/><V15/><F15/><W39/><G14/><T118/><D118/><U23/><AGARI ba="2,2" hai="23,24,29,57,62,65,109,110,111,125,126" m="4183" machi="23" ten="40,2700,0" yaku="14,1,52,1" doraHai="0" who="1" fromWho="1" sc="168,-9,184,53,394,-15,234,-9" /><INIT seed="3,0,0,2,1,18" ten="159,237,379,225" oya="3" hai0="67,108,4,40,22,59,105,14,76,16,31,115,121" hai1="120,130,24,30,116,89,112,65,107,46,48,28,0" hai2="77,131,81,134,66,114,63,50,68,1,29,6,45" hai3="111,80,95,26,54,52,103,70,102,15,25,11,17"/><W93/><G70/><T35/><D108/><U119/><E107/><V106/><F114/><W110/><G80/><T86/><D115/><U99/><E0/><V5/><F106/><W23/><G26/><T32/><D105/><U98/><E112/><V20/><F131/><W83/><G83/><T79/><D121/><U78/><E78/><V53/><F134/><W37/><G37/><T73/><D73/><U113/><E113/><V27/><REACH who="2" step="1"/><F1/><REACH who="2" ten="159,237,369,225" step="2"/><W34/><G111/><T133/><D133/><U47/><E130/><V123/><F123/><W127/><G110/><T109/><D109/><U101/><E120/><V122/><F122/><W71/><G127/><T126/><D126/><U124/><E124/><V117/><F117/><W60/><G34/><T129/><D35/><U33/><E33/><V85/><AGARI ba="0,1" hai="5,6,20,27,29,45,50,53,63,66,68,77,81,85" machi="85" ten="20,5200,0" yaku="1,1,0,1,7,1,52,1,53,0" doraHai="18" doraHaiUra="118" who="2" fromWho="2" sc="159,-13,237,-13,369,62,225,-26" /><INIT seed="4,0,0,3,5,86" ten="146,224,431,199" oya="0" hai0="48,123,126,77,37,41,110,89,114,29,59,49,56" hai1="43,26,107,83,57,58,22,50,3,134,19,18,106" hai2="132,45,38,90,129,12,44,52,122,40,65,69,131" hai3="4,33,92,109,85,27,35,87,73,98,135,91,105"/><T53/><D114/><U68/><E68/><V51/><F122/><W2/><G109/><T20/><D126/><U79/><E3/><V100/><F100/><W6/><G73/><T108/><D123/><U31/><E134/><V124/><F132/><W111/><G135/><T9/><D77/><U96/><E107/><V93/><F124/><W34/><G111/><T10/><D37/><U7/><E7/><V11/><F65/><W46/><G27/><T14/><D89/><U81/><E81/><V24/><F24/><W97/><G46/><T133/><D133/><U101/><E58/><V36/><F69/><W84/><REACH who="3" step="1"/><G2/><REACH who="3" ten="146,224,431,189" step="2"/><T61/><D110/><U95/><E26/><V88/><F38/><W66/><G66/><N who="0" m="39207" /><D108/><U76/><E31/><V82/><F129/><W103/><AGARI ba="0,1" hai="4,6,33,34,35,84,85,87,91,92,97,98,103,105" machi="103" ten="40,5200,0" yaku="1,1,0,1,52,1,53,0" doraHai="86" doraHaiUra="62" who="3" fromWho="3" sc="146,-26,224,-13,431,-13,189,62" /><INIT seed="5,0,0,4,0,128" ten="120,211,418,251" oya="1" hai0="41,98,5,14,33,38,53,93,72,79,65,29,61" hai1="12,83,89,100,111,59,21,66,40,48,115,42,10" hai2="80,28,9,81,7,30,73,87,104,102,122,88,51" hai3="106,49,82,47,119,74,70,37,84,50,64,132,31"/><U22/><E115/><V75/><F122/><W25/><G106/><T34/><D29/><U124/><E124/><V68/><F68/><W6/><G74/><T26/><D26/><U52/><E111/><V95/><F51/><W121/><G121/><T67/><D67/><U77/><E100/><V90/><F104/><W16/><G119/><T69/><D53/><U113/><E89/><V96/><F73/><W36/><G6/><T86/><D86/><N who="1" m="48495" /><E66/><V91/><F75/><W120/><G120/><T135/><D135/><U101/><E101/><V110/><F110/><W32/><G50/><T78/><D78/><U71/><E113/><V11/><F81/><W123/><G123/><T3/><D14/><U109/><E71/><V63/><F63/><W43/><G132/><T114/><D114/><U1/><E1/><V112/><F112/><W134/><G134/><T76/><D76/><U35/><E35/><V17/><F17/><W2/><G2/><T24/><D24/><U18/><E109/><V126/><F126/><W94/><G94/><T57/><D57/><U130/><E130/><V99/><F99/><W55/><G64/><T39/><D98/><U125/><E125/><V85/><F80/><W58/><G70/><T127/><D93/><U13/><E22/><V129/><F129/><W4/><G37/><N who="0" m="13835" /><D127/><U44/><E59/><V60/><F102/><W56/><G58/><T23/><D23/><U133/><E133/><V27/><F91/><W0/><G56/><T107/><D107/><U131/><E131/><V92/><F92/><W105/><G105/><T54/><D69/><RYUUKYOKU ba="0,0" sc="120,-10,211,30,418,-10,251,-10" hai1="10,12,13,18,21,40,42,44,48,52" /><INIT seed="5,1,0,0,4,95" ten="110,241,408,241" oya="1" hai0="83,127,68,70,39,14,71,115,41,28,15,76,57" hai1="104,8,67,109,51,29,116,16,124,90,54,1,123" hai2="2,84,72,78,21,32,44,46,10,121,125,23,11" hai3="45,120,47,22,113,134,92,25,20,53,6,12,55"/><U19/><E104/><V5/><F72/><W98/><G120/><T0/><D115/><U7/><E116/><V69/><F69/><W122/><G122/><T62/><D127/><U110/><E123/><V74/><F74/><W126/><G134/><T128/><D128/><U82/><E124/><V105/><F105/><W93/><G126/><T37/><D0/><U96/><E67/><V50/><F32/><W75/><G75/><T49/><D49/><U133/><E82/><V3/><F125/><W79/><G79/><T58/><D28/><U129/><E29/><V26/><F44/><N who="3" m="16971" /><G113/><T34/><D34/><U81/><E81/><V35/><F35/><W131/><G131/><T48/><D48/><U130/><E133/><V64/><F64/><W111/><G111/><N who="1" m="42506" /><E130/><V118/><F118/><W31/><G93/><T43/><D83/><U132/><E132/><V99/><F3/><W59/><G59/><N who="0" m="22539" /><D76/><U9/><E9/><V117/><F117/><W27/><G22/><T97/><D62/><U17/><E129/><V108/><F21/><W103/><G27/><T60/><D60/><U135/><E135/><V61/><F11/><AGARI ba="1,0" hai="6,11,12,20,25,31,53,55,92,98,103" m="16971" machi="11" ten="30,2000,0" yaku="8,1,52,1" doraHai="95" who="3" fromWho="2" sc="110,0,241,0,408,-23,241,23" /><INIT seed="6,0,0,4,0,69" ten="110,241,385,264" oya="2" hai0="103,99,77,97,61,19,48,9,43,132,36,14,64" hai1="20,91,62,67,122,39,10,27,18,124,41,58,100" hai2="53,96,79,2,94,87,15,89,1,119,60,8,131" hai3="46,105,34,52,121,117,33,98,116,75,12,54,111"/><V102/><F119/><W90/><G111/><T47/><D132/><U25/><E124/><V106/><F131/><W63/><G121/><T23/><D77/><U101/><E122/><V4/><F60/><W0/><G0/><T57/><D103/><U118/><E118/><V108/><F108/><W73/><G12/><T93/><D93/><U30/><E91/><V16/><F53/><W37/><G63/><T127/><D127/><U113/><E113/><V3/><REACH who="2" step="1"/><F79/><REACH who="2" ten="110,241,375,264" step="2"/><W11/><G52/><T82/><D82/><U31/><E62/><V38/><F38/><W125/><G37/><T21/><REACH who="0" step="1"/><D36/><REACH who="0" ten="100,241,375,264" step="2"/><U6/><E39/><V66/><F66/><W7/><G117/><T42/><D42/><U76/><E41/><V129/><F129/><W51/><G116/><T78/><D78/><U88/><E76/><V70/><F70/><W135/><G125/><T28/><D28/><U107/><E67/><V115/><F115/><W123/><G123/><T128/><D128/><U114/><E31/><V17/><AGARI ba="0,2" hai="1,2,3,4,8,15,16,17,87,89,94,96,102,106" machi="17" ten="40,7800,0" yaku="1,1,0,1,54,1,53,0" doraHai="69" doraHaiUra="45" who="2" fromWho="2" sc="100,-26,241,-26,375,98,264,-26" /><INIT seed="6,1,0,1,0,78" ten="74,215,473,238" oya="2" hai0="30,58,81,100,7,66,63,40,79,104,16,13,60" hai1="57,12,11,17,124,25,72,90,70,115,102,56,109" hai2="61,96,119,97,26,135,50,55,83,88,47,126,53" hai3="73,10,110,89,113,123,45,75,99,35,15,9,34"/><V101/><F119/><W18/><G110/><T33/><D7/><U21/><E70/><V31/><F126/><W43/><G123/><T44/><D33/><U118/><E72/><V29/><F135/><W69/><G69/><T105/><D30/><N who="2" m="11274" /><F26/><W112/><G75/><T39/><D63/><U116/><E109/><V125/><F101/><W76/><G10/><T92/><D92/><U19/><E124/><V94/><F125/><W6/><G18/><T41/><D41/><U114/><E102/><V129/><F129/><W82/><G89/><T98/><D98/><U87/><E116/><V62/><F97/><W3/><G15/><T46/><D44/><U93/><E118/><V108/><F108/><W48/><REACH who="3" step="1"/><G99/><REACH who="3" ten="74,215,473,228" step="2"/><T23/><REACH who="0" step="1"/><D100/><REACH who="0" ten="64,215,473,228" step="2"/><U2/><E2/><V49/><F96/><W5/><G5/><T22/><D22/><U77/><E21/><V20/><F20/><W38/><G38/><T52/><D52/><U65/><E11/><V54/><F55/><W85/><G85/><AGARI ba="1,2" hai="13,16,23,39,40,46,58,60,66,79,81,85,104,105" machi="85" ten="30,7700,0" yaku="1,1,7,1,52,1,54,1,53,0" doraHai="78" doraHaiUra="134" who="0" fromWho="3" sc="64,100,215,0,473,0,228,-80" /><INIT seed="7,0,0,2,2,50" ten="164,215,473,148" oya="3" hai0="14,45,46,31,6,81,19,117,8,120,116,95,132" hai1="52,24,104,26,127,89,39,99,75,92,21,28,73" hai2="87,98,47,76,102,80,64,106,61,62,105,115,17" hai3="18,23,25,72,74,58,128,134,65,86,60,82,133"/><W70/><G128/><T7/><D120/><U38/><E104/><V135/><F106/><W59/><G70/><T77/><D132/><N who="3" m="50793" /><G59/><T43/><D46/><U36/><E127/><V122/><F122/><W12/><G25/><T84/><D31/><U131/><E131/><V121/><F121/><W69/><G69/><T15/><D95/><U30/><REACH who="1" step="1"/><E52/><REACH who="1" ten="164,205,473,148" step="2"/><V51/><F17/><W79/><AGARI ba="0,1" hai="12,18,23,58,60,65,72,74,79,82,86" m="50793" machi="79" ten="30,1500,0" yaku="20,1" doraHai="50" who="3" fromWho="3" sc="164,-5,205,-5,473,-5,148,25" /><INIT seed="7,1,0,2,3,37" ten="159,200,468,173" oya="3" hai0="3,105,95,41,17,114,124,24,129,89,31,45,66" hai1="133,74,102,111,108,22,63,100,26,44,65,81,121" hai2="13,130,10,104,127,106,28,91,36,43,33,128,50" hai3="131,122,73,78,70,107,118,101,52,85,61,109,90"/><W120/><G118/><T57/><D129/><N who="2" m="49770" /><F36/><W19/><G131/><T35/><D124/><U88/><E102/><V9/><F9/><W27/><G109/><T40/><D114/><U6/><E44/><N who="2" m="25887" /><F127/><W93/><G70/><T53/><D105/><U56/><E88/><V2/><F2/><W115/><G115/><T135/><D135/><U103/><E81/><V123/><F123/><W76/><G73/><T8/><D66/><U126/><E65/><V64/><F64/><W29/><G120/><T134/><D134/><U48/><E26/><N who="2" m="18583" /><F91/><W79/><G122/><T49/><D45/><U0/><E0/><V1/><F1/><W59/><G107/><T75/><D75/><U12/><E74/><V55/><F55/><W60/><G101/><T84/><REACH who="0" step="1"/><D17/><AGARI ba="1,0" hai="10,13,17,104,106" m="18583,25887,49770" machi="17" ten="30,2000,0" yaku="19,1,52,1" doraHai="37" who="2" fromWho="0" sc="159,-23,200,0,468,23,173,0" owari="136,-36.0,200,0.0,491,59.0,173,-23.0" /></mjloggm>