<mjloggm ver="2.3"><GO type="169" lobby="0"/><UN n0="%E3%81%8A%E3%81%84%E3%81%AA%E3%82%8A%E3%81%A1%E3%82%83%E3%82%93%E2%85%A1" n1="%E7%88%86%E7%89%8C%E3%82%A6%E3%82%B7%E3%82%B8%E3%83%9E%E3%81%8F%E3%82%93" n2="%E7%B4%AB%E3%81%AE%E9%8F%A1" n3="%E5%BF%83%E6%BB%85%E7%8D%A3%E8%BA%AB" dan="17,17,18,17" rate="2101.99,2179.99,2323.27,2185.22" sx="M,M,M,M"/><TAIKYOKU oya="0"/><INIT seed="0,0,0,5,3,90" ten="250,250,250,250" oya="0" hai0="103,88,89,76,74,34,127,48,94,111,95,21,55" hai1="113,1,91,24,57,10,82,71,118,61,83,50,134" hai2="75,130,115,66,107,80,100,65,64,124,78,36,23" hai3="47,41,54,129,43,26,51,84,132,40,126,92,116"/><T35/><D127/><U69/><E118/><V133/><F115/><W20/><G116/><T6/><D103/><U17/><E113/><V11/><F36/><W27/><G129/><T110/><D6/><U105/><E134/><V102/><F133/><W123/><G123/><T106/><D106/><U86/><E105/><V38/><F38/><W25/><G126/><T5/><D5/><U117/><E1/><V85/><F124/><W14/><G14/><T0/><D0/><U120/><E120/><V16/><F130/><W112/><G112/><T28/><D21/><U22/><E117/><V53/><F11/><W32/><G32/><T30/><D76/><U99/><E10/><V98/><F102/><W96/><G84/><T101/><D101/><U58/><E99/><V68/><F53/><W37/><G37/><T62/><D62/><U52/><REACH who="1" step="1"/><E82/><REACH who="1" ten="250,240,250,250" step="2"/><V9/><F9/><W122/><G122/><T119/><D119/><U72/><E72/><V46/><F75/><W33/><G132/><T125/><D74/><U56/><E56/><V44/><REACH who="2" step="1"/><F68/><REACH who="2" ten="250,240,240,250" step="2"/><W18/><REACH who="3" step="1"/><G33/><REACH who="3" ten="250,240,240,240" step="2"/><T108/><D125/><U135/><E135/><V13/><AGARI ba="0,3" hai="13,16,23,44,46,64,65,66,78,80,85,98,100,107" machi="13" ten="30,7900,0" yaku="1,1,2,1,0,1,54,1,53,0" doraHai="90" doraHaiUra="49" who="2" fromWho="2" sc="250,-39,240,-20,240,109,240,-20" /><INIT seed="1,0,0,5,4,77" ten="211,220,349,220" oya="1" hai0="123,74,131,116,49,63,67,60,25,127,92,90,46" hai1="6,52,114,110,72,50,51,38,65,41,75,97,113" hai2="82,68,93,10,29,87,102,104,117,85,111,1,129" hai3="16,4,62,47,98,55,73,18,14,86,20,33,64"/><U35/><E35/><V106/><F68/><W89/><G73/><T23/><D116/><U54/><E65/><V115/><F29/><W11/><G33/><T119/><D119/><U105/><E6/><V56/><F56/><W0/><G98/><T57/><D127/><U88/><E38/><V19/><F19/><W80/><G18/><T48/><D131/><U32/><E41/><V94/><F10/><W21/><G47/><T81/><D123/><U132/><E32/><V31/><F1/><W15/><G55/><T96/><D63/><U5/><E5/><V122/><F31/><W8/><REACH who="3" step="1"/><G0/><REACH who="3" ten="211,220,349,210" step="2"/><T17/><D46/><U121/><E97/><N who="2" m="59703" /><F117/><W53/><G53/><T79/><AGARI ba="0,1" hai="17,23,25,48,49,57,60,67,74,79,81,90,92,96" machi="79" ten="30,2000,0" yaku="0,1,52,1" doraHai="77" who="0" fromWho="0" sc="211,30,220,-10,349,-5,210,-5" /><INIT seed="2,0,0,0,0,21" ten="241,210,344,205" oya="2" hai0="48,111,45,59,61,63,30,73,38,128,37,78,104" hai1="117,25,67,103,116,74,54,112,79,55,35,39,51" hai2="135,6,47,8,90,80,127,16,88,11,49,28,75" hai3="110,27,115,53,82,1,22,58,94,3,66,101,57"/><V52/><F135/><W97/><G115/><T17/><D104/><U12/><E112/><V124/><F28/><W56/><G110/><T18/><D78/><U10/><E39/><V109/><F109/><W118/><G118/><T77/><D77/><U23/><E103/><V20/><F75/><W13/><G13/><T43/><D73/><U102/><E102/><V130/><F130/><W26/><G66/><T36/><D111/><U93/><E35/><V2/><F11/><W41/><G41/><T120/><D30/><U71/><E55/><V31/><F31/><W131/><G131/><T50/><D128/><U87/><E74/><V81/><F81/><W95/><G82/><T33/><D17/><N who="1" m="12527" /><E67/><V121/><F121/><W113/><G113/><T114/><D18/><N who="1" m="8471" /><E71/><V0/><F0/><W15/><G1/><T108/><D33/><U29/><E29/><V91/><REACH who="2" step="1"/><F80/><REACH who="2" ten="241,210,334,205" step="2"/><W132/><G3/><T65/><D108/><U122/><E122/><V129/><F129/><W106/><G132/><T14/><D120/><U99/><E117/><V100/><F100/><W96/><G106/><T125/><D114/><U44/><E116/><V89/><N who="2" m="22528" /><DORA hai="7" /><V60/><F60/><N who="3" m="35855" /><G97/><T85/><D63/><U9/><E9/><V133/><F133/><W98/><G98/><T76/><D61/><U70/><E99/><V86/><F86/><W83/><G83/><T4/><D85/><U72/><E72/><V84/><F84/><W119/><G119/><T134/><D134/><U105/><E87/><V123/><F123/><W64/><G96/><T40/><D76/><U32/><E32/><RYUUKYOKU ba="0,1" sc="241,-10,210,-10,334,30,205,-10" hai2="2,6,8,16,20,47,49,52,124,127" /><INIT seed="2,1,1,2,2,69" ten="231,200,364,195" oya="2" hai0="131,55,27,16,112,66,26,30,130,103,43,9,63" hai1="18,5,128,92,74,59,135,45,105,124,13,40,56" hai2="113,118,109,114,132,25,29,86,50,68,123,127,115" hai3="24,117,54,100,70,94,34,2,95,134,126,53,41"/><V111/><F68/><W6/><G117/><T75/><D112/><U62/><E105/><V17/><F118/><W14/><G2/><T0/><D75/><U58/><E74/><V32/><F123/><W81/><G70/><T15/><D55/><U33/><E33/><V121/><F121/><W116/><G116/><T129/><D103/><U119/><E119/><V83/><F132/><W64/><G64/><T10/><D43/><U73/><E73/><V36/><F127/><W84/><G41/><T57/><D30/><U31/><E31/><V20/><F50/><W106/><G106/><T88/><D88/><U122/><E122/><V52/><F52/><N who="3" m="20075" /><G134/><T101/><D101/><U90/><E135/><V51/><F51/><W85/><G34/><T77/><D77/><U4/><E62/><V108/><F36/><W133/><G24/><T89/><D89/><U97/><E124/><V12/><REACH who="2" step="1"/><F115/><REACH who="2" ten="231,200,354,195" step="2"/><W21/><G133/><T107/><D107/><U47/><E47/><V79/><AGARI ba="1,2" hai="12,17,20,25,29,32,79,83,86,108,109,111,113,114" machi="79" ten="30,12000,1" yaku="1,1,2,1,0,1,14,1,10,1,53,0" doraHai="69" doraHaiUra="99" who="2" fromWho="2" sc="231,-41,200,-41,354,143,195,-41" /><INIT seed="2,2,0,3,4,54" ten="190,159,497,154" oya="2" hai0="103,21,113,72,9,129,99,20,109,33,70,32,93" hai1="116,26,56,5,52,35,84,76,53,62,117,102,42" hai2="94,28,39,123,92,121,1,133,57,43,115,46,89" hai3="60,122,108,85,10,135,127,19,59,74,44,16,25"/><V64/><F115/><W6/><G122/><T81/><D113/><U2/><E42/><V119/><F119/><W75/><G108/><T87/><D109/><U107/><E107/><V125/><F1/><W71/><G71/><T124/><D70/><U98/><E2/><V0/><F0/><W55/><G135/><T45/><D124/><U34/><E5/><V61/><F125/><W68/><G68/><T7/><D72/><U79/><E98/><V100/><F133/><W90/><G44/><T73/><D73/><U23/><E102/><V126/><F126/><W47/><G47/><T96/><D96/><U13/><E13/><V58/><F28/><W18/><G25/><T82/><D82/><U14/><E14/><V69/><F100/><W132/><G132/><T134/><D129/><U15/><E15/><V131/><F92/><W77/><G77/><T3/><D134/><U105/><E105/><V22/><F22/><W120/><G120/><T95/><D95/><U41/><E23/><V130/><F121/><W67/><G67/><T11/><D11/><U38/><E38/><V66/><F123/><W31/><G31/><T112/><D112/><U4/><E4/><V63/><F69/><W48/><G127/><T128/><D128/><U104/><E104/><V51/><F39/><W8/><G60/><T86/><D20/><U37/><E37/><V78/><F78/><W118/><G118/><T27/><D21/><U101/><E116/><V114/><F114/><W49/><G8/><T106/><D9/><U80/><E117/><V12/><F12/><N who="3" m="5207" /><G48/><T30/><D3/><RYUUKYOKU ba="2,0" sc="190,-15,159,-15,497,15,154,15" hai2="43,46,51,57,58,61,63,64,66,89,94,130,131" hai3="16,18,19,49,55,59,74,75,85,90" /><INIT seed="2,3,0,1,3,81" ten="175,144,512,169" oya="2" hai0="103,135,60,32,134,7,111,87,129,73,131,127,114" hai1="34,89,117,80,41,19,85,39,18,107,63,69,92" hai2="25,11,132,72,9,23,29,31,10,100,46,30,119" hai3="82,79,96,77,83,57,93,104,45,123,59,16,36"/><V52/><F119/><W122/><G36/><T94/><D32/><U78/><E117/><V14/><F72/><W6/><G45/><T101/><D7/><U112/><E112/><V8/><F100/><W51/><G6/><T33/><D33/><U43/><E34/><V27/><F132/><N who="0" m="50730" /><D60/><U64/><E107/><V28/><F52/><W44/><G104/><T1/><D1/><U133/><E133/><V75/><F75/><W86/><G122/><T97/><D73/><U99/><REACH who="1" step="1"/><E39/><REACH who="1" ten="175,134,512,169" step="2"/><V116/><F116/><W121/><G121/><T128/><D114/><U15/><E15/><V3/><F3/><W61/><G123/><T65/><D111/><U4/><E4/><N who="2" m="3335" /><F46/><W76/><G44/><T50/><D128/><U12/><E12/><V35/><AGARI ba="3,1" hai="9,10,11,23,25,27,28,29,30,31,35" m="3335" machi="35" ten="30,12000,1" yaku="35,5" doraHai="81" who="2" fromWho="2" sc="175,-43,134,-43,512,139,169,-43" /><INIT seed="2,4,0,5,1,56" ten="132,91,651,126" oya="2" hai0="2,125,135,133,5,84,23,26,46,66,132,74,29" hai1="27,129,120,123,81,97,85,108,105,32,15,34,4" hai2="31,122,88,95,60,0,90,59,80,13,121,96,7" hai3="19,54,43,44,113,99,64,89,117,24,130,17,1"/><V41/><F0/><W77/><G117/><T51/><D74/><U39/><E39/><V50/><F31/><W70/><G1/><T110/><D110/><U115/><E115/><V38/><F38/><W49/><G130/><T107/><D107/><U94/><E105/><V106/><F106/><W69/><G77/><T11/><D125/><U87/><E108/><V114/><F114/><W22/><G113/><T103/><D103/><U65/><E65/><N who="2" m="39071" /><F122/><N who="1" m="46633" /><E129/><V100/><F80/><W76/><G76/><T73/><D73/><U124/><E124/><V92/><F92/><N who="3" m="56719" /><G70/><T20/><D66/><U109/><E109/><V91/><F121/><W72/><G69/><T47/><D51/><U58/><E58/><V21/><F7/><W18/><G64/><T126/><D126/><U25/><E34/><V131/><F131/><W134/><G134/><T52/><D46/><U82/><E32/><V71/><F71/><W3/><G3/><T67/><D67/><U93/><E82/><V78/><F78/><W14/><G72/><T30/><D47/><U127/><E127/><V62/><F50/><W111/><G111/><T57/><D30/><U37/><E37/><V119/><F119/><W42/><G14/><T55/><D132/><U12/><E81/><V68/><F68/><W61/><G61/><T75/><D133/><U102/><E15/><V53/><F62/><W45/><G45/><T10/><D2/><U128/><E128/><V98/><F13/><W35/><G35/><T63/><D75/><U104/><E104/><V101/><F95/><W6/><G6/><T116/><D135/><RYUUKYOKU ba="4,0" sc="132,-10,91,-10,651,-10,126,30" hai3="17,18,19,22,24,42,43,44,49,54" /><INIT seed="3,5,0,3,0,78" ten="122,81,641,156" oya="3" hai0="18,94,68,76,109,19,54,49,77,106,133,33,37" hai1="113,20,39,61,26,47,81,110,117,107,55,30,115" hai2="123,85,11,28,120,31,116,114,121,23,80,70,13" hai3="90,5,97,82,112,100,71,25,62,128,122,29,92"/><W98/><G112/><T35/><D106/><U17/><E117/><V119/><F70/><W132/><G128/><T50/><D109/><U60/><E110/><V89/><F114/><W6/><G132/><T9/><D37/><U84/><E107/><V126/><F126/><W130/><G130/><T75/><D133/><U69/><E60/><V96/><F96/><W103/><G122/><T40/><D68/><U93/><E93/><V86/><F86/><W104/><G90/><T42/><D9/><U131/><E131/><V7/><F23/><W1/><G82/><T34/><D54/><U27/><E39/><V57/><F57/><W41/><G41/><T135/><D135/><U73/><E73/><V64/><F64/><W127/><G1/><T63/><D63/><U124/><E124/><V53/><F53/><W87/><G87/><T10/><D10/><U43/><E43/><V15/><F15/><W134/><G134/><T108/><D34/><U83/><E83/><V118/><AGARI ba="5,0" hai="7,11,13,28,31,80,85,89,116,118,119,120,121,123" machi="118" ten="40,5200,0" yaku="0,1,13,1,52,1" doraHai="78" who="2" fromWho="2" sc="122,-18,81,-18,641,67,156,-31" /><INIT seed="4,0,0,3,5,0" ten="104,63,708,125" oya="0" hai0="73,52,77,60,104,9,117,28,41,58,122,51,135" hai1="85,124,40,56,61,5,34,74,113,118,68,76,133" hai2="69,27,114,48,81,89,123,78,96,17,50,130,65" hai3="49,62,22,18,79,134,115,29,108,25,19,120,101"/><T8/><D117/><U106/><E118/><V10/><F123/><W1/><G108/><T129/><D122/><U36/><E106/><V100/><F89/><W84/><G115/><T54/><D104/><U20/><E34/><V15/><F130/><W95/><G1/><T107/><D107/><U70/><E74/><V59/><F69/><W45/><G134/><T90/><D129/><U63/><E124/><V57/><F27/><W4/><G120/><T3/><D135/><U71/><E133/><V97/><F97/><W86/><G62/><T72/><D41/><U99/><E99/><V91/><F91/><W31/><G4/><T24/><D90/><U132/><E132/><V64/><F57/><W37/><G37/><T66/><D54/><U127/><E5/><V110/><F110/><W103/><G79/><T46/><D77/><U102/><E102/><N who="3" m="38922" /><G95/><T30/><D30/><N who="3" m="11273" /><G18/><T131/><D131/><U32/><E76/><V119/><F114/><W111/><G111/><T93/><D93/><U87/><E113/><V38/><F38/><W121/><G121/><T105/><D105/><U94/><E94/><N who="2" m="58391" /><F119/><W43/><AGARI ba="0,0" hai="19,22,25,43,45,49,84,86" m="11273,38922" machi="43" ten="30,1100,0" yaku="8,1" doraHai="0" who="3" fromWho="3" sc="104,-5,63,-3,708,-3,125,11" /><INIT seed="5,0,0,0,2,41" ten="99,60,705,136" oya="1" hai0="2,68,84,53,82,131,90,21,46,67,24,100,16" hai1="51,94,79,35,126,8,134,83,91,93,76,132,108" hai2="119,47,72,99,44,129,28,7,130,18,120,87,70" hai3="113,11,45,85,73,48,97,9,39,36,0,86,22"/><U74/><E35/><V13/><F72/><W106/><G73/><T6/><D131/><U14/><E79/><V59/><F70/><W30/><G113/><T27/><D100/><U135/><E126/><V101/><F7/><W33/><G33/><T17/><D68/><U52/><E108/><V49/><F28/><W75/><G75/><T31/><D67/><U128/><E128/><V61/><F87/><W57/><G57/><T102/><D102/><U12/><E8/><V115/><F119/><W37/><G97/><T65/><D65/><U4/><E4/><V125/><F120/><W117/><G106/><T95/><D2/><U89/><E94/><V56/><F115/><W80/><G85/><T133/><D133/><U69/><E69/><V92/><F125/><W42/><G0/><T15/><D6/><U3/><E3/><V50/><F130/><W98/><G98/><T63/><D95/><U121/><E121/><V64/><F129/><W124/><G117/><T118/><D118/><U103/><E103/><V123/><F123/><W5/><G124/><T62/><D17/><U23/><E23/><N who="2" m="11727" /><F59/><W109/><G109/><T111/><D111/><U25/><E25/><N who="0" m="9801" /><D31/><U116/><E116/><V32/><F32/><W58/><G5/><T34/><D34/><U122/><E122/><V114/><F114/><W105/><G105/><T110/><D110/><U71/><E71/><V20/><F20/><W127/><G127/><T40/><D40/><U29/><E29/><V19/><F19/><W26/><G58/><T77/><D77/><U88/><E93/><V1/><F1/><RYUUKYOKU ba="0,0" sc="99,0,60,0,705,0,136,0" hai0="15,16,21,46,53,62,63,82,84,90" hai1="12,14,51,52,74,76,83,88,89,91,132,134,135" hai2="44,47,49,50,56,61,64,92,99,101" hai3="9,11,22,26,30,36,37,39,42,45,48,80,86" /><INIT seed="5,1,0,0,3,81" ten="99,60,705,136" oya="1" hai0="42,97,45,104,88,35,17,53,66,40,105,13,57" hai1="98,112,54,110,39,26,119,83,50,8,91,92,134" hai2="34,21,108,99,71,124,107,30,78,56,65,69,77" hai3="60,32,31,93,7,123,63,109,51,15,114,82,100"/><U84/><E119/><V132/><F108/><W130/><G109/><T23/><D35/><U10/><E110/><V25/><F132/><W70/><G114/><T127/><D127/><U47/><E112/><V12/><F124/><W73/><G130/><T116/><D116/><U64/><E134/><V59/><F77/><W24/><G123/><T111/><D111/><U113/><E113/><V122/><F78/><W101/><G73/><T58/><D104/><U129/><E129/><V33/><F33/><W9/><G82/><T76/><D76/><U121/><E121/><V44/><F44/><W68/><G51/><T16/><D105/><U103/><E39/><V52/><F65/><W133/><G133/><T102/><D102/><U95/><E64/><V11/><F34/><W117/><G117/><T14/><D66/><U72/><E72/><V75/><F59/><N who="0" m="22538" /><D53/><U126/><E126/><V62/><F75/><W19/><G70/><T3/><D3/><U96/><E26/><V118/><F122/><W128/><G68/><T29/><D29/><U6/><E6/><V28/><F28/><W115/><G128/><T22/><D45/><U87/><E98/><V37/><F37/><W94/><G115/><T86/><D97/><U48/><E48/><V55/><F118/><W18/><G101/><T38/><D38/><U46/><E46/><V43/><F99/><N who="3" m="59503" /><G94/><AGARI ba="1,0" hai="13,14,16,17,22,23,40,42,86,88,94" m="22538" machi="94" ten="30,7700,0" yaku="8,1,52,1,54,2" doraHai="81" who="0" fromWho="3" sc="99,80,60,0,705,0,136,-80" /><INIT seed="6,0,0,1,2,57" ten="179,60,705,56" oya="2" hai0="73,98,65,117,82,64,8,49,9,25,96,87,120" hai1="123,115,68,95,5,52,43,17,27,112,92,130,67" hai2="42,53,74,116,4,30,69,72,7,36,50,84,101" hai3="55,118,58,6,21,60,38,109,97,122,133,10,16"/><V128/><F116/><W29/><G38/><T19/><D73/><U121/><E43/><V132/><F69/><W105/><G118/><T54/><D120/><N who="1" m="46155" /><E130/><V111/><F101/><W51/><G109/><T135/><D135/><U81/><E5/><V90/><F30/><W91/><G133/><T63/><D64/><U23/><E81/><V103/><F103/><W119/><G29/><T124/><D25/><U94/><E52/><V113/><F84/><W37/><G37/><T66/><D66/><U110/><E110/><V46/><F90/><W102/><G91/><T71/><D124/><U134/><E134/><V77/><F77/><W48/><G119/><T80/><D80/><U62/><AGARI ba="0,0" hai="17,23,27,62,67,68,92,94,95,112,115" m="46155" machi="62" ten="40,2700,0" yaku="13,1,52,1" doraHai="57" who="1" fromWho="1" sc="179,-7,60,27,705,-13,56,-7" /><INIT seed="7,0,0,3,0,109" ten="172,87,692,49" oya="3" hai0="113,19,16,26,76,15,13,42,120,91,87,62,53" hai1="92,61,23,108,10,59,35,1,118,90,84,103,57" hai2="101,110,36,58,31,66,22,34,135,51,127,29,97" hai3="60,46,56,128,5,82,47,94,89,123,49,65,125"/><W0/><G123/><T83/><D120/><U119/><E35/><V130/><F34/><W4/><G128/><T88/><D113/><U8/><E108/><V133/><F36/><W105/><G105/><T102/><D42/><U64/><E1/><V63/><F110/><W121/><G121/><T67/><D102/><U80/><E23/><V17/><F51/><W32/><G32/><T117/><D117/><N who="1" m="44555" /><E57/><V54/><F66/><W86/><G125/><T28/><D53/><U12/><E12/><N who="2" m="9511" /><F130/><W78/><G0/><T48/><D48/><U50/><E50/><V9/><F9/><W129/><G129/><T68/><D26/><U40/><E40/><V85/><F85/><W75/><REACH who="3" step="1"/><G47/><REACH who="3" ten="172,87,692,39" step="2"/><T79/><D68/><U99/><AGARI ba="0,1" hai="8,10,59,61,64,80,84,90,92,99,103" m="44555" machi="99" ten="30,1100,0" yaku="12,1" doraHai="109" who="1" fromWho="1" sc="172,-3,87,21,692,-3,39,-5" owari="169,-3.0,108,-29.0,689,79.0,34,-47.0" /></mjloggm>