<mjloggm ver="2.3"><GO type="169" lobby="0"/><UN n0="%E3%81%8F%E3%82%89%E3%81%92%E3%81%92" n1="%E3%81%8D%E3%82%83%E3%83%BC%E3%82%8D%E3%82%93" n2="%73%79%61%6D%6F" n3="%E3%81%9B%E3%81%A9%E3%81%AA%E3%82%8A%E3%81%82%E3%82%93" dan="16,16,16,16" rate="2109.33,2107.46,2105.49,2101.86" sx="M,M,M,M"/><TAIKYOKU oya="0"/><INIT seed="0,0,0,2,1,87" ten="250,250,250,250" oya="0" hai0="114,92,48,54,116,9,47,41,115,50,30,129,38" hai1="128,121,118,53,16,36,45,84,42,109,1,7,62" hai2="56,35,88,91,78,99,64,11,52,33,104,29,25" hai3="134,8,15,14,96,107,93,19,112,101,4,37,131"/><T65/><D116/><U10/><E121/><V63/><F78/><W27/><G134/><T110/><D129/><U61/><E109/><V22/><F11/><W44/><G131/><T21/><D110/><U95/><E128/><V77/><F77/><W89/><G112/><T105/><D105/><U3/><E3/><V86/><F104/><W108/><G108/><T73/><D73/><U40/><E40/><V0/><F0/><W132/><G132/><T111/><D111/><U117/><E62/><V39/><F39/><W67/><G67/><T130/><D130/><U72/><E72/><V122/><F122/><W100/><G27/><T106/><D106/><U113/><E113/><V119/><F119/><W103/><G37/><T58/><D38/><U31/><E31/><V127/><F127/><W76/><G76/><T55/><D41/><U59/><E16/><V68/><F99/><W135/><G44/><T43/><D9/><U13/><E1/><V49/><F91/><W83/><G135/><T80/><D65/><U85/><E85/><V126/><F126/><W66/><G66/><T94/><D43/><U12/><E12/><V82/><AGARI ba="0,0" hai="22,25,29,33,35,49,52,56,63,64,68,82,86,88" machi="82" ten="20,8000,1" yaku="0,1,7,1,52,1,54,2" doraHai="87" who="2" fromWho="2" sc="250,-40,250,-20,250,80,250,-20" /><INIT seed="1,0,0,2,5,96" ten="210,230,330,230" oya="1" hai0="13,4,80,130,66,59,91,27,30,110,50,48,68" hai1="124,108,6,5,134,67,1,73,19,79,90,102,106" hai2="35,104,54,28,36,83,115,126,95,88,70,3,41" hai3="98,47,109,61,9,129,16,33,128,69,18,116,38"/><U125/><E67/><V14/><F104/><W113/><G33/><T118/><D68/><U101/><E134/><V85/><F3/><W12/><G109/><T72/><D110/><U135/><E135/><V94/><F70/><W43/><G113/><T24/><D24/><U20/><E106/><V84/><F126/><N who="1" m="48745" /><E108/><V120/><F120/><W51/><G116/><T17/><D4/><N who="1" m="1643" /><E1/><V55/><F115/><W99/><G38/><T7/><D7/><U76/><E90/><V26/><F14/><W37/><G37/><T81/><D130/><N who="3" m="50281" /><G18/><T23/><D118/><U92/><E92/><V32/><F32/><W49/><G49/><T56/><D81/><N who="1" m="45199" /><E79/><V117/><F117/><W34/><G34/><T114/><D72/><U64/><E64/><AGARI ba="0,0" hai="9,12,16,43,47,51,61,64,69,98,99" m="50281" machi="64" ten="30,2000,0" yaku="19,1,54,1" doraHai="96" who="3" fromWho="1" sc="210,0,230,-20,330,0,230,20" /><INIT seed="2,0,0,0,5,127" ten="210,210,330,250" oya="2" hai0="125,41,47,94,44,70,85,97,103,34,23,27,100" hai1="9,60,126,16,102,49,75,86,0,101,63,111,128" hai2="90,22,112,40,91,21,4,68,83,36,71,14,115" hai3="56,130,121,17,67,61,51,57,12,118,113,69,82"/><V74/><F40/><W54/><G118/><T52/><D34/><U7/><E75/><V20/><F36/><W105/><G121/><T32/><D32/><U106/><E111/><V116/><F116/><W98/><G113/><T13/><D70/><U3/><E3/><V131/><F4/><W35/><G35/><T1/><D13/><U107/><E126/><V65/><F14/><W2/><G2/><T114/><D114/><U110/><E110/><V26/><F20/><W96/><G105/><T55/><D103/><U124/><E124/><V38/><F38/><W134/><G134/><T18/><D125/><U29/><E29/><V99/><F99/><W133/><G133/><T122/><D122/><U73/><E73/><V88/><F90/><W53/><G82/><T120/><D120/><U123/><E123/><V77/><F65/><W89/><G89/><T64/><D47/><U119/><E119/><V58/><F58/><W5/><G5/><T132/><D64/><U30/><E30/><V62/><F74/><W45/><G130/><T117/><D132/><U79/><E49/><V8/><F83/><W135/><G135/><T109/><D109/><U28/><E28/><V84/><F84/><W37/><G54/><N who="0" m="20523" /><D85/><U59/><E86/><V10/><F77/><W76/><G76/><T33/><D33/><U80/><E79/><V50/><F50/><W48/><G37/><N who="0" m="21551" /><D1/><U19/><E0/><V72/><F72/><W42/><REACH who="3" step="1"/><G69/><REACH who="3" ten="210,210,330,240" step="2"/><T81/><D81/><U39/><E80/><V31/><F115/><W129/><G129/><T11/><D117/><U15/><E128/><RYUUKYOKU ba="0,1" sc="210,15,210,-15,330,-15,240,15" hai0="11,18,23,27,94,97,100" hai3="12,17,42,45,48,51,53,56,57,61,67,96,98" /><INIT seed="3,1,1,5,0,90" ten="225,195,315,255" oya="3" hai0="73,27,97,15,77,10,55,74,105,3,114,119,9" hai1="41,91,53,29,76,93,86,103,96,80,6,33,21" hai2="8,134,94,28,24,129,81,113,64,84,121,111,5" hai3="67,71,68,92,124,101,42,116,36,72,109,19,75"/><W48/><G116/><T135/><D119/><U82/><E33/><V89/><F113/><W117/><G124/><T110/><D114/><U47/><E6/><V49/><F111/><W85/><G36/><T128/><D3/><U37/><E53/><V123/><F129/><W106/><G106/><T31/><D128/><U2/><E2/><V104/><F104/><W122/><G122/><N who="2" m="46601" /><F64/><W40/><G109/><T99/><D9/><U16/><E29/><V120/><N who="2" m="46609" /><V34/><DORA hai="79" /><F49/><W11/><G42/><T52/><D110/><U25/><REACH who="1" step="1"/><E80/><REACH who="1" ten="225,185,315,255" step="2"/><V66/><F81/><W20/><G117/><T127/><D127/><U60/><E60/><V56/><F134/><W7/><G7/><T118/><D52/><U17/><E17/><V45/><F34/><W38/><G19/><T115/><D55/><U12/><E12/><V23/><F28/><W102/><G67/><T0/><D15/><U63/><E63/><V108/><F66/><W57/><G40/><T35/><D0/><U125/><E125/><V78/><F108/><W58/><G58/><T54/><D35/><U112/><E112/><V130/><F56/><W30/><G57/><T32/><D54/><U69/><E69/><V13/><F130/><W59/><G59/><T1/><D32/><U46/><E46/><V22/><F45/><W95/><G30/><T131/><D1/><U70/><E70/><V4/><F5/><W88/><G68/><T133/><D131/><U126/><E126/><V98/><F24/><W44/><G71/><T26/><D27/><U62/><E62/><V51/><F4/><RYUUKYOKU ba="1,2" sc="225,-10,185,30,315,-10,255,-10" hai1="16,21,25,37,41,47,76,82,86,91,93,96,103" /><INIT seed="4,2,2,0,4,97" ten="215,215,305,245" oya="0" hai0="72,125,38,95,124,37,133,15,62,126,17,112,120" hai1="88,94,115,86,134,3,57,123,111,75,1,9,107" hai2="118,11,76,32,52,18,31,34,117,98,119,8,25" hai3="64,129,68,14,23,69,77,91,67,130,42,5,20"/><T46/><D112/><U24/><E123/><V16/><F76/><W33/><G33/><N who="2" m="12905" /><F98/><W30/><G77/><T80/><D120/><U121/><E111/><V93/><F93/><W7/><G42/><T50/><D133/><U45/><E121/><V99/><F99/><W49/><G49/><T63/><D72/><U41/><E107/><V92/><F92/><W87/><G30/><T29/><D29/><U40/><E75/><V21/><F52/><W22/><G14/><T28/><D28/><U13/><E134/><V39/><F39/><W54/><G54/><T114/><D80/><U113/><E24/><N who="2" m="14375" /><F18/><W82/><G67/><T83/><D114/><N who="1" m="43531" /><E57/><V105/><F105/><W84/><G64/><T12/><D83/><U19/><E41/><V101/><F101/><W58/><G58/><T96/><D17/><U122/><E122/><V89/><F89/><W100/><G100/><N who="0" m="60447" /><D38/><AGARI ba="2,2" hai="1,3,9,13,19,38,40,45,86,88,94" m="43531" machi="38" ten="30,3900,0" yaku="15,1,11,1,54,1" doraHai="97" who="1" fromWho="0" sc="215,-45,215,65,305,0,245,0" /><INIT seed="5,0,0,2,0,64" ten="170,280,305,245" oya="1" hai0="28,110,17,78,56,15,130,72,74,14,7,120,63" hai1="13,103,29,3,34,51,38,112,22,44,48,27,16" hai2="25,129,18,35,111,71,9,70,135,26,89,98,123" hai3="133,128,132,2,8,131,24,100,116,86,90,125,43"/><U47/><E112/><V124/><F111/><W99/><G24/><T79/><D110/><U57/><E103/><V61/><F123/><W40/><G8/><T67/><D120/><U105/><E105/><V75/><F75/><W42/><G2/><T66/><D130/><N who="3" m="49705" /><G116/><T104/><D104/><U58/><E38/><V60/><F129/><W119/><G119/><T88/><D7/><U114/><E3/><V12/><F124/><W20/><G20/><T106/><D106/><U115/><E51/><V59/><F135/><N who="3" m="51787" /><G99/><T83/><D28/><U55/><E114/><V91/><F26/><W52/><G52/><T76/><D67/><U62/><E115/><V97/><F97/><W121/><G100/><T4/><D4/><U82/><E82/><V23/><F35/><W53/><G53/><AGARI ba="0,0" hai="13,16,22,27,29,34,44,47,48,53,55,57,58,62" machi="53" ten="30,2900,0" yaku="7,1,54,1" doraHai="64" who="1" fromWho="3" sc="170,0,280,29,305,0,245,-29" /><INIT seed="5,1,0,2,5,71" ten="170,309,305,216" oya="1" hai0="77,134,86,4,67,91,34,43,73,92,131,123,129" hai1="83,25,117,124,68,59,10,45,52,57,18,114,100" hai2="50,95,98,47,110,130,120,32,14,28,121,41,62" hai3="116,26,44,75,126,61,8,12,80,89,40,6,96"/><U9/><E117/><V55/><F110/><W53/><G126/><T94/><D34/><U115/><E68/><V15/><F130/><W84/><G116/><T101/><D67/><U85/><E100/><V13/><F28/><W109/><G109/><T7/><D43/><U112/><E124/><V119/><F32/><W46/><G75/><T103/><D7/><U33/><E33/><V74/><F74/><W54/><G61/><T24/><D24/><U72/><E72/><V27/><F27/><W17/><G44/><T60/><D4/><U128/><E128/><N who="0" m="49225" /><D60/><U135/><E135/><V104/><F104/><W37/><REACH who="3" step="1"/><G96/><REACH who="3" ten="170,309,305,206" step="2"/><T56/><D134/><U127/><E127/><V65/><F119/><W36/><G36/><T88/><D123/><U2/><E45/><V64/><F121/><W21/><AGARI ba="1,1" hai="6,8,12,17,21,26,37,40,46,53,54,80,84,89" machi="21" ten="30,4000,0" yaku="1,1,0,1,52,1,53,0" doraHai="71" doraHaiUra="111" who="3" fromWho="3" sc="170,-11,309,-21,305,-11,206,53" /><INIT seed="6,0,0,1,2,27" ten="159,288,294,259" oya="2" hai0="7,17,117,78,21,109,94,26,64,99,53,58,134" hai1="48,71,74,4,70,63,50,32,72,46,114,131,57" hai2="15,13,38,102,68,123,5,110,92,111,8,96,84" hai3="18,43,116,121,37,16,97,6,47,124,60,130,65"/><V14/><F123/><W115/><G116/><T56/><D134/><U42/><E32/><V80/><F68/><N who="1" m="26153" /><E4/><V125/><F38/><W11/><G121/><T59/><D117/><U2/><E2/><V82/><F125/><W106/><G130/><T93/><D109/><N who="2" m="41482" /><F82/><W41/><G41/><T36/><D36/><N who="1" m="21831" /><E74/><V33/><F33/><W88/><G115/><T40/><D40/><U10/><E10/><V112/><F112/><W113/><G124/><T119/><D119/><U52/><E72/><V76/><AGARI ba="0,0" hai="5,8,13,14,15,76,80,84,92,96,102" m="41482" machi="76" ten="30,1500,0" yaku="10,1" doraHai="27" who="2" fromWho="2" sc="159,-5,288,-5,294,15,259,-5" /><INIT seed="6,1,0,1,4,134" ten="154,283,309,254" oya="2" hai0="50,57,31,16,103,64,15,8,78,65,125,73,62" hai1="108,94,25,23,69,102,55,3,37,19,75,100,22" hai2="127,35,111,71,97,77,41,95,128,126,93,135,114" hai3="133,131,24,129,33,118,28,60,48,38,110,30,21"/><V51/><F35/><W2/><G38/><T68/><D73/><U5/><E108/><V120/><F71/><W130/><G110/><T6/><D78/><U42/><E69/><V61/><F120/><W83/><G60/><T43/><D68/><U26/><E75/><V92/><F111/><W36/><G36/><T20/><D103/><U107/><E107/><V79/><F114/><W124/><G133/><T116/><D31/><U17/><E3/><V98/><F61/><W54/><G2/><T39/><D39/><U82/><E5/><V9/><F9/><W34/><G118/><T10/><D10/><U80/><E37/><V104/><F51/><W32/><G83/><T90/><D90/><U115/><E55/><V132/><F41/><W84/><G84/><T121/><D116/><U27/><E42/><V18/><F18/><N who="1" m="6665" /><E94/><V81/><F104/><W40/><G40/><T12/><D121/><U13/><E13/><V123/><F123/><W76/><G76/><N who="2" m="29257" /><F128/><W91/><G91/><T88/><D88/><U63/><E115/><V96/><F81/><N who="1" m="31337" /><E63/><V56/><F56/><N who="3" m="32839" /><G30/><T99/><D43/><U0/><E0/><V58/><F58/><W46/><G46/><T122/><D122/><U49/><E49/><V87/><F87/><W44/><G44/><T109/><D50/><U1/><E1/><V14/><F14/><W47/><G47/><T45/><D45/><U67/><E67/><V89/><F89/><W70/><G70/><T74/><D109/><U117/><E117/><V53/><F53/><W72/><G72/><T29/><D74/><U66/><E66/><RYUUKYOKU ba="1,0" sc="154,-30,283,10,309,10,254,10" hai1="22,23,25,26,27,100,102" hai2="92,93,95,96,97,98,126,127,132,135" hai3="21,24,28,32,33,34,124,129,130,131" /><INIT seed="6,2,0,5,5,101" ten="124,293,319,264" oya="2" hai0="31,14,120,118,18,85,30,103,63,27,66,7,36" hai1="61,40,23,8,77,68,64,55,6,102,25,10,39" hai2="91,43,126,38,83,48,9,69,97,20,106,93,47" hai3="117,58,79,46,29,100,82,15,88,125,34,90,78"/><V108/><F69/><W75/><G125/><T72/><D72/><U1/><E10/><V0/><F126/><W56/><G117/><T73/><D73/><U44/><E102/><V129/><F129/><W87/><G78/><T22/><D36/><U4/><E4/><V13/><F106/><W51/><G29/><T49/><D120/><U115/><E115/><V92/><F0/><W21/><G34/><T95/><D49/><U133/><E133/><V131/><F131/><W57/><G100/><T74/><D74/><U70/><E77/><V17/><F83/><W123/><G123/><T12/><D85/><U119/><E119/><V111/><F38/><W105/><G105/><T16/><D7/><U3/><E55/><V50/><F48/><W33/><G33/><T114/><D114/><U112/><E112/><V130/><F130/><W41/><G75/><T28/><D18/><AGARI ba="2,0" hai="15,18,21,41,46,51,56,57,58,79,82,87,88,90" machi="18" ten="40,2600,0" yaku="8,1,54,1" doraHai="101" who="3" fromWho="0" sc="124,-32,293,0,319,0,264,32" /><INIT seed="7,0,0,0,3,54" ten="92,293,319,296" oya="3" hai0="11,76,1,92,85,28,97,108,6,96,23,112,39" hai1="41,61,52,47,51,135,22,111,21,119,89,44,109" hai2="68,12,42,57,116,38,103,100,53,37,48,126,82" hai3="31,25,106,130,30,95,77,55,102,67,13,10,79"/><W36/><G130/><T45/><D108/><N who="1" m="41547" /><E89/><V127/><F68/><W110/><G106/><T74/><D85/><U91/><E91/><V87/><F116/><W62/><G36/><N who="2" m="13929" /><F12/><W66/><G55/><T71/><D71/><U121/><E22/><V72/><F42/><W122/><G122/><T15/><D92/><U50/><E21/><V17/><F72/><W0/><G0/><T134/><D134/><U98/><E98/><V81/><F17/><N who="3" m="8375" /><G110/><T56/><D56/><N who="1" m="34951" /><E121/><V129/><F129/><W78/><G25/><T46/><D46/><U65/><E65/><N who="3" m="24586" /><G62/><T99/><D15/><U132/><E119/><V24/><F24/><W123/><G123/><T63/><D23/><U32/><E32/><V114/><F100/><W120/><G120/><T3/><D63/><U80/><E80/><V35/><F103/><W115/><G115/><T84/><D112/><U19/><E19/><V90/><F114/><W60/><G60/><T14/><D1/><U33/><E33/><V125/><F35/><W117/><G117/><T105/><D105/><U73/><E73/><V58/><F82/><W124/><G124/><T49/><D3/><U59/><E59/><AGARI ba="0,0" hai="48,53,57,58,59,81,87,90,125,126,127" m="13929" machi="59" ten="40,8000,1" yaku="18,1,52,3" doraHai="54" who="2" fromWho="1" sc="92,0,293,-80,319,80,296,0" owari="92,-41.0,213,-19.0,399,50.0,296,10.0" /></mjloggm>