<mjloggm ver="2.3"><GO type="225" lobby="0"/><UN n0="%E6%97%A5%E6%9B%9C%E6%97%A5%E3%82%88%E3%82%8A%E3%81%AE%E4%BD%BF%E8%80%85" n1="%E3%81%99%E3%81%84%E3%81%BE%E3%81%9B%E3%83%BC%E3%82%93" n2="%6D%61%6A%69%6B%75%7A%75" n3="%E6%80%AA%E3%81%97%E3%81%99%E3%81%8E%E3%82%8B%E3%83%81%E3%83%BC" dan="16,17,16,16" rate="2135.60,2148.69,2176.16,2119.48" sx="M,M,M,M"/><TAIKYOKU oya="0"/><INIT seed="0,0,0,2,1,33" ten="250,250,250,250" oya="0" hai0="133,87,128,130,83,79,67,31,11,88,123,80,51" hai1="89,100,68,78,92,70,76,106,10,63,132,41,127" hai2="30,0,135,14,5,66,44,108,36,65,90,20,131" hai3="96,62,97,82,48,113,71,47,56,104,38,17,39"/><T23/><D123/><U84/><E127/><V40/><F108/><W42/><G113/><T12/><D67/><U101/><E132/><V45/><F135/><W59/><G17/><T4/><D133/><U21/><E41/><V103/><F131/><W35/><G35/><T18/><D31/><U13/><E21/><V9/><F103/><W60/><G82/><T105/><D105/><U7/><E63/><N who="3" m="24106" /><G97/><T93/><D51/><U116/><E116/><V98/><F45/><N who="3" m="25655" /><G96/><T32/><D32/><U120/><E120/><V119/><F119/><W91/><G91/><T28/><D28/><U69/><REACH who="1" step="1"/><E106/><REACH who="1" ten="250,240,250,250" step="2"/><V27/><F20/><W72/><G104/><T122/><D122/><U58/><E58/><V64/><F40/><W57/><G72/><T134/><D134/><U25/><E25/><V52/><F27/><W8/><G8/><T34/><D34/><U37/><E37/><N who="3" m="13834" /><G47/><T117/><D117/><U50/><E50/><V15/><F44/><W54/><G71/><T115/><D115/><U118/><E118/><V112/><F36/><W1/><G1/><T124/><D124/><U61/><E61/><AGARI ba="0,1" hai="54,56,57,59,61" m="13834,25655,24106" machi="61" ten="30,8000,1" yaku="35,5" doraHai="33" who="3" fromWho="1" sc="250,0,240,-80,250,0,250,90" /><INIT seed="1,0,0,5,2,124" ten="250,160,250,340" oya="1" hai0="67,69,10,127,83,42,87,53,130,126,26,14,113" hai1="133,121,29,107,131,8,91,135,112,32,125,22,115" hai2="44,28,119,134,0,63,102,13,12,74,2,84,101" hai3="128,46,51,68,7,105,94,62,43,52,96,37,19"/><U18/><E107/><V76/><F74/><W98/><G128/><T4/><D113/><N who="1" m="43595" /><E91/><V65/><F119/><W122/><G122/><T129/><D42/><U97/><E97/><V33/><F33/><W23/><G7/><T38/><D38/><U109/><E121/><V58/><F28/><W110/><G110/><T39/><D39/><U27/><E109/><V16/><F134/><N who="1" m="51209" /><E125/><N who="0" m="47625" /><D53/><U85/><E85/><V106/><F13/><N who="3" m="9711" /><G94/><T56/><D69/><U100/><E100/><V54/><F0/><W47/><G105/><T117/><D117/><U86/><E86/><V90/><F2/><W93/><G93/><T73/><D73/><U92/><E92/><N who="2" m="54343" /><F76/><W104/><G104/><T111/><D111/><U41/><E41/><V36/><F36/><W114/><G114/><T30/><D87/><U123/><E123/><V57/><F44/><W70/><G46/><T25/><D83/><U116/><E116/><V75/><F75/><W72/><G72/><T48/><D48/><U34/><E131/><N who="0" m="50185" /><D30/><U61/><E61/><AGARI ba="0,0" hai="4,10,14,25,26,56,61,67" m="50185,47625" machi="61" ten="30,8000,1" yaku="18,1,19,1,52,3" doraHai="124" who="0" fromWho="1" sc="250,80,160,-80,250,0,340,0" /><INIT seed="2,0,0,5,0,38" ten="330,80,250,340" oya="2" hai0="102,57,82,59,67,51,128,91,109,116,95,34,16" hai1="101,52,122,108,110,50,119,9,28,10,92,40,81" hai2="20,8,75,97,58,21,27,76,33,73,83,106,62" hai3="63,6,104,117,7,78,129,99,87,89,5,53,3"/><V31/><F75/><W130/><G117/><T135/><D34/><U66/><E119/><V15/><F106/><W45/><G3/><T19/><D116/><U56/><E122/><V98/><F98/><W30/><G30/><T69/><D69/><U44/><E28/><V36/><F97/><W120/><G120/><T96/><D109/><U93/><E66/><V71/><F36/><W11/><G11/><T74/><D128/><N who="3" m="49257" /><G78/><T105/><D135/><U88/><E81/><V64/><REACH who="2" step="1"/><F71/><REACH who="2" ten="330,80,240,340" step="2"/><W70/><G70/><T48/><D74/><U114/><E114/><V23/><F23/><W123/><G123/><T43/><D105/><U39/><E110/><V49/><F49/><N who="3" m="28847" /><G63/><T115/><D48/><U107/><E108/><V77/><F77/><W111/><G111/><T124/><D51/><U125/><E107/><V132/><F132/><W112/><G112/><T18/><D115/><U79/><E79/><V35/><F35/><W55/><G99/><T22/><D96/><N who="1" m="59527" /><E39/><V41/><F41/><W65/><G104/><T133/><D43/><U127/><E127/><V126/><F126/><W103/><G103/><T13/><D124/><U46/><E125/><V100/><F100/><W47/><G87/><N who="0" m="50679" /><D133/><U37/><E37/><V80/><F80/><W85/><G85/><T84/><D84/><N who="1" m="52359" /><E46/><V26/><F26/><W54/><G47/><T72/><D72/><U121/><E121/><V14/><F14/><W60/><G89/><T42/><D42/><U118/><E118/><V61/><F61/><W90/><G90/><T113/><D113/><U4/><E4/><AGARI ba="0,1" hai="4,8,15,20,21,27,31,33,58,62,64,73,76,83" machi="4" ten="30,2900,0" yaku="1,1,7,1,53,0" doraHai="38" doraHaiUra="32" who="2" fromWho="1" sc="330,0,80,-29,240,39,340,0" /><INIT seed="2,1,0,3,0,102" ten="330,51,279,340" oya="2" hai0="0,9,52,49,56,109,123,81,38,10,69,92,61" hai1="16,20,11,31,3,15,97,90,44,45,6,66,80" hai2="119,101,120,34,110,82,53,2,59,105,30,18,46" hai3="41,130,8,103,63,121,125,40,106,126,115,32,111"/><V22/><F120/><W70/><G121/><T67/><D123/><U71/><E71/><V133/><F119/><W24/><G111/><T91/><D109/><U68/><E68/><V86/><F110/><W50/><G130/><T132/><D132/><U26/><E66/><V37/><F2/><W85/><G115/><T57/><D0/><U4/><E4/><V99/><F133/><W36/><G85/><T135/><D135/><U89/><E89/><V88/><F34/><W64/><G8/><T96/><D38/><U75/><E75/><V28/><F46/><N who="3" m="23815" /><G50/><T79/><REACH who="0" step="1"/><D69/><REACH who="0" ten="320,51,279,340" step="2"/><U87/><REACH who="1" step="1"/><E97/><REACH who="1" ten="320,41,279,340" step="2"/><V77/><F77/><W84/><G70/><T29/><D29/><U51/><E51/><V12/><F37/><W60/><G126/><T134/><D134/><U17/><E17/><V65/><REACH who="2" step="1"/><F65/><REACH who="2" ten="320,41,269,340" step="2"/><W54/><G64/><T25/><D25/><U117/><E117/><V39/><F39/><W47/><G24/><T100/><D100/><U113/><E113/><V21/><F21/><AGARI ba="1,3" hai="3,6,11,15,16,20,21,26,31,44,45,80,87,90" machi="21" ten="30,3900,0" yaku="1,1,7,1,54,1,53,0" doraHai="102" doraHaiUra="73" who="1" fromWho="2" sc="320,0,41,72,269,-42,340,0" /><INIT seed="3,0,0,1,1,90" ten="320,113,227,340" oya="3" hai0="36,134,111,76,2,50,7,52,30,35,79,135,118" hai1="116,46,80,92,61,40,16,106,101,31,51,48,112" hai2="8,121,82,13,39,74,98,56,29,23,86,68,78" hai3="63,110,115,107,95,93,21,125,69,66,43,96,129"/><W6/><G115/><T15/><D36/><U19/><E112/><V114/><F68/><W72/><G72/><T64/><D118/><U102/><E116/><V130/><F39/><W91/><G129/><T73/><D2/><U33/><E106/><V0/><F0/><W37/><G107/><T62/><D111/><U5/><E5/><V34/><F34/><W123/><G123/><T58/><D30/><U20/><E33/><V38/><F38/><W25/><G6/><T3/><D3/><U9/><E80/><V87/><F121/><W100/><G125/><T4/><D35/><U77/><E77/><N who="0" m="29769" /><D73/><U97/><E61/><V105/><F130/><W26/><G110/><T75/><D75/><U117/><E117/><V11/><F11/><W132/><G132/><N who="0" m="50731" /><D15/><U65/><E65/><V127/><F127/><W104/><G91/><T18/><D18/><U41/><E9/><V12/><F114/><W54/><G54/><T49/><D49/><U126/><E126/><V131/><F131/><W119/><G119/><T94/><D94/><N who="3" m="35849" /><G21/><T1/><D1/><U128/><E128/><V67/><F23/><W42/><G37/><T124/><D124/><U44/><REACH who="1" step="1"/><E102/><REACH who="1" ten="320,103,227,340" step="2"/><V85/><F74/><W14/><G63/><T81/><D81/><U59/><E59/><AGARI ba="0,1" hai="4,7,50,52,58,59,62,64" m="50731,29769" machi="59" ten="30,2000,0" yaku="20,1,54,1" doraHai="90" who="0" fromWho="1" sc="320,30,103,-20,227,0,340,0" owari="350,45.0,83,-42.0,227,-17.0,340,14.0" /></mjloggm>