<mjloggm ver="2.3"><GO type="169" lobby="0"/><UN n0="%E6%84%9A%E7%9B%B4%E3%81%AA%E9%BA%BB%E9%9B%80" n1="%6B%75%72%6F%6E%6F%35%39" n2="%74%6F%72%69%30%36%31%32" n3="%6B%61%7A%7A%2D%6B" dan="16,16,17,16" rate="2063.77,2069.95,2156.86,2066.88" sx="M,M,M,M"/><TAIKYOKU oya="0"/><INIT seed="0,0,0,1,2,114" ten="250,250,250,250" oya="0" hai0="35,135,70,61,5,4,7,75,18,127,3,13,20" hai1="71,49,45,8,22,116,58,39,129,111,47,104,132" hai2="44,9,102,66,83,6,24,16,117,95,11,106,37" hai3="19,89,41,103,30,98,65,112,125,108,67,32,56"/><T121/><D75/><U15/><E111/><V131/><F106/><W21/><G108/><T87/><D121/><U12/><E129/><V14/><F131/><W97/><G112/><T74/><D74/><U100/><E132/><V72/><F66/><W33/><G125/><T68/><D135/><U10/><E71/><V81/><F24/><W73/><G41/><T53/><D127/><U64/><E39/><V80/><F117/><W124/><G124/><T113/><D113/><U88/><E100/><V46/><F37/><W34/><G30/><T60/><D35/><U99/><E104/><V77/><F77/><W128/><G128/><T57/><D3/><U118/><E22/><V63/><F63/><W27/><G73/><T43/><D43/><U62/><E15/><N who="2" m="7279" /><F72/><W101/><G89/><T31/><D31/><U52/><E47/><V130/><F130/><W25/><G56/><T86/><REACH who="0" step="1"/><D68/><REACH who="0" ten="240,250,250,250" step="2"/><U79/><E79/><V96/><AGARI ba="0,1" hai="6,11,14,44,46,80,81,83,95,96,102" m="7279" machi="96" ten="30,2000,0" yaku="8,1,54,1" doraHai="114" who="2" fromWho="2" sc="240,-10,250,-5,250,30,250,-5" /><INIT seed="1,0,0,3,4,84" ten="230,245,280,245" oya="1" hai0="86,114,49,41,48,83,42,66,76,101,67,4,65" hai1="20,30,90,0,110,17,22,107,96,51,133,3,35" hai2="91,135,37,93,134,34,36,104,11,64,62,105,129" hai3="103,47,74,68,113,72,33,102,71,16,58,122,54"/><U126/><E126/><V81/><F81/><W77/><G113/><T97/><D114/><U9/><E133/><N who="2" m="50699" /><F11/><W80/><G122/><T2/><D2/><U5/><E0/><V45/><F34/><W24/><G47/><T15/><D48/><U115/><E115/><V19/><F19/><W108/><G108/><T79/><D79/><U120/><E120/><V27/><F27/><W75/><G33/><T61/><D61/><U112/><E112/><V99/><F129/><W10/><G68/><T14/><D49/><U29/><E110/><V6/><F6/><W53/><G71/><T119/><D119/><U73/><E73/><V25/><F25/><W43/><G43/><T7/><D15/><U44/><E35/><V23/><F23/><W52/><G58/><T124/><D124/><U111/><E111/><V26/><F26/><W32/><G10/><T118/><D118/><U55/><E107/><N who="2" m="41035" /><F45/><W127/><G127/><T18/><D4/><U63/><E63/><V69/><AGARI ba="0,0" hai="36,37,62,64,69,91,93,99" m="41035,50699" machi="69" ten="30,2000,0" yaku="20,1,52,1" doraHai="84" who="2" fromWho="2" sc="230,-5,245,-10,280,20,245,-5" /><INIT seed="2,0,0,4,3,15" ten="225,235,300,240" oya="2" hai0="121,5,60,61,129,135,69,48,14,53,79,120,38" hai1="3,56,133,7,70,130,21,36,95,31,85,75,10" hai2="39,47,105,42,49,2,13,45,74,26,58,66,44" hai3="51,41,106,126,12,77,72,90,112,78,29,116,11"/><V110/><F2/><W73/><G116/><T99/><D38/><U115/><E70/><V108/><F105/><W98/><G29/><T63/><D69/><U134/><E115/><V34/><F74/><W102/><G41/><T57/><D129/><U52/><E75/><N who="3" m="28746" /><G51/><T82/><D135/><N who="1" m="51723" /><E36/><V84/><F84/><W8/><G8/><T104/><D82/><U94/><E85/><V20/><F13/><W22/><G22/><T62/><D79/><N who="3" m="30217" /><G12/><T114/><D114/><U54/><E130/><V100/><F34/><W9/><G11/><T18/><D5/><U107/><E107/><V43/><F100/><W68/><G9/><T127/><D48/><N who="1" m="30727" /><E54/><V103/><F103/><W33/><G33/><T118/><D63/><U124/><E124/><V128/><F128/><W17/><G68/><T109/><D127/><U32/><E32/><V0/><F0/><W132/><G132/><T28/><D61/><U37/><E37/><V93/><F47/><W67/><G67/><T131/><D60/><U40/><E40/><V71/><F71/><W6/><G6/><T46/><D46/><U92/><E31/><N who="2" m="17863" /><F58/><W83/><G126/><T111/><D57/><U24/><E21/><V122/><F66/><W87/><G112/><T59/><D59/><U55/><E55/><V86/><F39/><W113/><G113/><T25/><D53/><U89/><E24/><V81/><F43/><W1/><G1/><T119/><D25/><U97/><AGARI ba="0,0" hai="3,7,10,89,92,94,95,97" m="30727,51723" machi="97" ten="30,2000,0" yaku="20,1,54,1" doraHai="15" who="1" fromWho="1" sc="225,-5,235,20,300,-10,240,-5" /><INIT seed="3,0,0,2,2,27" ten="220,255,290,235" oya="3" hai0="123,22,109,76,106,127,56,104,115,96,77,126,124" hai1="111,121,67,73,9,63,19,87,1,23,103,83,119" hai2="129,98,11,117,50,101,81,120,91,57,43,128,110" hai3="125,90,135,35,15,69,108,13,132,122,54,116,55"/><W59/><G122/><T82/><D56/><U53/><E111/><V16/><F117/><W131/><G116/><T114/><D22/><U38/><E121/><V130/><F110/><W97/><G69/><T100/><D109/><U32/><E119/><V112/><F112/><N who="0" m="43050" /><D76/><U20/><E32/><V45/><F57/><W0/><G0/><T134/><D123/><U118/><E118/><V21/><F11/><W93/><G108/><T75/><D134/><N who="3" m="51241" /><G35/><T24/><D24/><U28/><E38/><V44/><F44/><W58/><G131/><T10/><D10/><U71/><E73/><V37/><F120/><W133/><N who="3" m="51249" /><W17/><DORA hai="8" /><G125/><T25/><D25/><U92/><E53/><N who="3" m="19978" /><G13/><T78/><D78/><U72/><E1/><V6/><F130/><W51/><G51/><T88/><D88/><U80/><E71/><V70/><F50/><W7/><G7/><T29/><D29/><U94/><E28/><V39/><F6/><W46/><G46/><T3/><D3/><U85/><E103/><V84/><F39/><W31/><G31/><T62/><D62/><U86/><E63/><V95/><F70/><W42/><G42/><T40/><D40/><U64/><E72/><V102/><F102/><W33/><G33/><T30/><D30/><U107/><E67/><V18/><F18/><W61/><G61/><T4/><D4/><U105/><E64/><V99/><F16/><W49/><G49/><T5/><D5/><U47/><E19/><V113/><F113/><W26/><G26/><T89/><D89/><U52/><E47/><V12/><F129/><RYUUKYOKU ba="0,0" sc="220,15,255,-15,290,-15,235,15" hai0="75,77,82,96,100,104,106,124,126,127" hai3="15,17,58,59,90,93,97" /><INIT seed="3,1,0,3,3,109" ten="235,240,275,250" oya="3" hai0="93,92,57,40,129,97,99,132,96,75,122,35,123" hai1="53,9,80,26,44,82,23,62,103,126,102,65,105" hai2="76,120,13,25,55,121,50,69,74,2,1,115,111" hai3="118,18,135,119,54,77,79,87,28,33,42,61,95"/><W27/><G135/><T37/><D35/><U46/><E126/><V64/><F111/><W67/><G42/><T72/><D57/><N who="1" m="37071" /><E9/><V94/><F64/><W36/><G36/><T112/><D37/><U89/><E105/><V81/><F69/><W58/><G18/><T39/><D40/><U34/><E34/><V63/><F63/><W83/><G77/><T106/><D39/><U134/><E134/><V4/><F25/><W24/><G27/><T19/><D132/><U107/><E107/><V88/><F13/><W90/><REACH who="3" step="1"/><G67/><REACH who="3" ten="235,240,275,240" step="2"/><T84/><D19/><U127/><E127/><V5/><F5/><W15/><G15/><T14/><D14/><U7/><E7/><V86/><F4/><W114/><G114/><T98/><D106/><U125/><E125/><V41/><F41/><W68/><G68/><T45/><D112/><U52/><E26/><V73/><F115/><W21/><G21/><T110/><D110/><U71/><E23/><V108/><F108/><W100/><G100/><T49/><D122/><N who="2" m="47210" /><F74/><AGARI ba="1,1" hai="24,28,33,54,58,61,74,79,83,87,90,95,118,119" machi="74" ten="30,2900,0" yaku="1,1,7,1,53,0" doraHai="109" doraHaiUra="8" who="3" fromWho="2" sc="235,0,240,0,275,-32,240,42" /><INIT seed="3,2,0,0,1,49" ten="235,240,243,282" oya="3" hai0="52,47,23,123,86,59,106,94,2,70,130,37,116" hai1="75,102,64,27,11,17,6,76,98,69,66,88,73" hai2="61,44,105,13,122,112,87,99,35,63,114,40,91" hai3="132,127,50,53,58,38,109,62,81,128,57,93,134"/><W21/><G38/><T131/><D116/><U48/><E69/><V28/><F122/><W126/><G81/><T32/><D32/><U72/><E76/><V74/><F74/><W95/><G21/><T25/><D123/><U43/><E27/><V135/><F28/><W42/><G109/><T85/><D106/><U22/><E102/><V108/><F35/><W101/><G101/><T90/><D70/><U12/><E43/><V41/><F91/><W3/><G3/><T133/><D133/><N who="3" m="51305" /><G128/><N who="0" m="49195" /><D2/><U96/><E48/><V82/><F105/><W60/><G60/><N who="0" m="35943" /><D47/><U20/><E20/><V83/><F135/><W56/><G42/><T46/><D46/><U33/><E33/><V89/><F41/><W34/><G34/><T92/><D37/><U118/><E118/><V113/><F40/><W125/><G62/><T29/><D94/><AGARI ba="2,0" hai="50,53,56,57,58,93,94,95,125,126,127" m="51305" machi="94" ten="40,7700,0" yaku="18,1,20,1,52,1" doraHai="49" who="3" fromWho="0" sc="235,-83,240,0,243,0,282,83" /><INIT seed="3,3,0,2,3,67" ten="152,240,243,365" oya="3" hai0="70,131,27,0,50,62,119,135,15,35,10,60,24" hai1="91,8,34,49,84,75,108,43,96,101,106,78,48" hai2="83,82,72,94,128,132,18,1,20,68,36,28,17" hai3="66,103,69,52,3,118,81,23,115,86,76,88,46"/><W85/><G115/><T93/><D119/><U105/><E108/><V116/><F36/><W40/><G3/><T125/><D125/><U100/><E34/><V41/><F1/><W64/><G118/><T2/><D131/><U4/><E43/><V97/><F41/><W112/><G103/><T114/><D114/><U89/><E101/><N who="2" m="60599" /><F68/><W29/><G69/><T71/><D135/><U59/><E106/><V25/><F72/><W47/><G47/><T99/><D50/><U111/><E111/><V26/><F116/><W113/><G112/><T107/><D107/><U55/><E75/><V30/><F128/><W109/><G109/><T123/><D123/><U92/><E78/><V110/><F132/><W61/><G40/><T44/><D44/><U7/><E49/><V127/><F127/><W33/><G33/><T134/><D134/><U16/><REACH who="1" step="1"/><E91/><REACH who="1" ten="152,230,243,365" step="2"/><V31/><F110/><W21/><G113/><T90/><D35/><U13/><AGARI ba="3,1" hai="4,7,8,13,16,48,55,59,84,89,92,96,100,105" machi="13" ten="30,7900,0" yaku="1,1,2,1,0,1,54,1,53,0" doraHai="67" doraHaiUra="79" who="1" fromWho="1" sc="152,-23,230,98,243,-23,365,-42" /><INIT seed="4,0,0,1,3,80" ten="129,328,220,323" oya="0" hai0="131,115,14,135,125,65,42,55,45,39,27,13,111" hai1="17,112,6,56,37,19,57,0,20,123,60,33,97" hai2="21,92,49,67,129,35,51,95,110,50,120,22,32" hai3="126,119,15,54,99,66,114,94,130,68,102,100,38"/><T53/><D27/><U76/><E123/><V85/><F110/><W8/><G38/><T87/><D111/><U89/><E112/><V9/><F120/><W79/><G114/><T44/><D115/><U63/><E33/><V90/><F129/><W5/><G79/><T98/><D131/><U83/><E37/><V118/><F118/><W62/><G119/><T48/><D125/><U113/><E113/><V81/><F67/><W82/><G82/><T122/><D122/><U16/><E6/><V121/><F121/><W40/><G40/><T78/><D135/><U61/><E0/><V12/><F35/><W128/><G126/><T117/><D117/><U70/><E70/><V1/><F1/><W86/><G86/><T11/><D65/><U104/><E20/><N who="2" m="7787" /><F32/><W72/><G72/><T71/><D71/><U26/><E26/><V2/><F2/><W74/><G74/><T105/><D55/><U23/><E23/><V28/><F28/><W24/><G24/><T73/><D73/><U30/><E30/><V69/><F69/><W58/><REACH who="3" step="1"/><G102/><REACH who="3" ten="129,328,220,313" step="2"/><T103/><REACH who="0" step="1"/><D11/><REACH who="0" ten="119,328,220,313" step="2"/><U88/><E104/><V108/><F108/><W96/><G96/><T75/><D75/><U116/><E97/><V7/><AGARI ba="0,2" hai="7,9,12,49,50,51,81,85,90,92,95" m="7787" machi="7" ten="30,2000,0" yaku="8,1,52,1" doraHai="80" who="2" fromWho="2" sc="119,-10,328,-5,220,40,313,-5" /><INIT seed="5,0,0,3,5,42" ten="109,323,260,308" oya="1" hai0="53,112,41,4,2,49,84,124,58,9,30,47,122" hai1="89,16,11,60,88,95,44,86,128,7,125,116,46" hai2="48,36,40,8,66,87,57,105,51,126,24,59,25" hai3="123,29,17,93,71,114,107,18,90,55,15,72,130"/><U127/><E116/><V27/><F105/><W68/><G114/><T115/><D124/><N who="1" m="47691" /><E128/><V76/><F126/><W56/><G107/><T19/><D122/><U1/><E60/><V39/><F8/><W82/><G29/><T43/><D30/><U32/><E32/><V113/><F66/><W61/><G123/><T45/><D19/><U12/><E89/><V13/><F13/><W102/><G17/><T62/><REACH who="0" step="1"/><D84/><REACH who="0" ten="99,323,260,308" step="2"/><U38/><E38/><AGARI ba="0,1" hai="2,4,9,38,41,43,45,47,49,53,58,62,112,115" machi="38" ten="40,8000,1" yaku="1,1,2,1,52,2,53,1" doraHai="42" doraHaiUra="70" who="0" fromWho="1" sc="99,90,323,-80,260,0,308,0" /><INIT seed="6,0,0,5,2,8" ten="189,243,260,308" oya="2" hai0="34,47,101,121,50,120,115,78,89,30,128,27,4" hai1="118,83,36,65,102,66,5,76,134,126,1,26,81" hai2="91,2,31,117,61,133,23,68,59,110,74,123,7" hai3="109,72,73,119,86,100,9,90,58,98,127,49,38"/><V13/><F123/><W129/><G109/><T39/><D128/><U132/><E118/><V44/><F117/><W22/><G38/><T40/><D115/><U108/><E108/><V67/><F2/><W33/><G33/><T80/><D89/><U105/><E126/><V60/><F74/><W6/><G129/><T112/><D112/><U75/><E36/><V79/><F79/><W29/><G119/><T48/><D101/><U63/><E5/><V135/><F44/><W12/><G127/><T96/><D96/><N who="1" m="61639" /><E83/><V71/><F110/><W125/><G125/><T41/><D4/><U0/><E26/><N who="2" m="16863" /><F61/><W17/><G29/><T103/><D103/><U122/><E122/><V24/><F24/><W131/><G131/><T57/><D120/><U15/><E15/><V55/><F55/><W87/><G12/><T19/><D121/><U3/><E63/><V62/><F62/><W21/><G72/><T14/><D40/><U18/><E18/><V11/><F91/><W28/><G17/><T85/><REACH who="0" step="1"/><D57/><REACH who="0" ten="179,243,260,308" step="2"/><U99/><E99/><V64/><F64/><W54/><G90/><T113/><D113/><U111/><E111/><V10/><F71/><W107/><G98/><T82/><D82/><U25/><E66/><V130/><F130/><W51/><G100/><T20/><AGARI ba="0,1" hai="14,19,20,27,30,34,39,41,47,48,50,78,80,85" machi="20" ten="20,8000,1" yaku="1,1,0,1,7,1,52,1,53,1" doraHai="8" doraHaiUra="43" who="0" fromWho="0" sc="179,90,243,-20,260,-40,308,-20" /><INIT seed="7,0,0,1,4,79" ten="269,223,220,288" oya="3" hai0="57,55,115,112,61,47,37,109,89,27,129,36,13" hai1="1,120,92,24,0,116,7,76,29,70,17,44,96" hai2="6,5,103,33,75,22,12,9,60,126,123,18,82" hai3="14,124,118,58,62,3,121,52,135,87,66,8,95"/><W111/><G121/><T15/><D109/><U104/><E120/><V88/><F33/><W41/><G41/><T59/><D129/><U65/><E116/><V122/><F126/><W106/><G106/><T113/><D89/><U80/><E7/><V133/><F133/><W56/><G118/><T108/><D108/><U78/><E78/><V81/><F75/><W71/><G3/><T40/><D27/><U4/><E4/><V101/><F122/><W68/><G135/><T84/><D84/><U63/><E17/><V130/><F130/><W46/><G46/><T107/><D107/><U35/><E44/><V11/><F60/><W98/><G87/><T69/><D69/><U67/><E67/><V134/><F88/><W125/><G111/><T128/><D128/><U23/><E23/><V99/><F134/><W73/><G73/><T51/><REACH who="0" step="1"/><D36/><REACH who="0" ten="259,223,220,288" step="2"/><U131/><E131/><V102/><F99/><W117/><G117/><T72/><D72/><N who="1" m="43015" /><E92/><V132/><F123/><W43/><G68/><T86/><D86/><U38/><E38/><V31/><F132/><W49/><G71/><T21/><D21/><U119/><E119/><V90/><F90/><N who="3" m="55671" /><G124/><T93/><D93/><U114/><E114/><V10/><F31/><W105/><G105/><T83/><D83/><AGARI ba="0,1" hai="5,6,9,10,11,12,18,22,81,82,83,101,102,103" machi="83" ten="40,8000,1" yaku="8,1,52,3" doraHai="79" who="2" fromWho="0" sc="259,-80,223,0,220,90,288,0" owari="179,-32.0,223,-18.0,310,41.0,288,9.0" /></mjloggm>