<mjloggm ver="2.3"><GO type="225" lobby="0"/><UN n0="%E5%8D%A0%E3%81%84%E5%B8%AB%E8%A3%8F%E3%81%AA%E3%81%84%E3%81%97" n1="%E4%B8%87%E8%83%BD%E3%81%AD%E3%81%8E" n2="%E5%8B%95%E7%89%A9%E5%9C%92%E3%81%AE%E3%81%8F%E3%82%8D" n3="%E3%81%B8%E3%82%80%E3%81%B8%E3%82%80%EF%BC%92%E5%8F%B7" dan="16,16,16,16" rate="2196.89,2077.22,2178.30,2102.17" sx="M,M,M,M"/><TAIKYOKU oya="0"/><INIT seed="0,0,0,2,4,108" ten="250,250,250,250" oya="0" hai0="54,39,4,48,37,133,110,46,117,78,118,94,120" hai1="70,132,60,57,88,47,66,121,85,119,95,35,82" hai2="69,134,89,90,86,73,105,1,71,127,12,33,49" hai3="38,26,72,68,109,80,131,55,129,31,81,51,0"/><T30/><D120/><U101/><E121/><V122/><F122/><W5/><G109/><T20/><D110/><U100/><E132/><V63/><F1/><W77/><G68/><T28/><D133/><U91/><E119/><V3/><F3/><W65/><G38/><T98/><D117/><U18/><E35/><V13/><F73/><W83/><G65/><T126/><D118/><U93/><E82/><V41/><F33/><W74/><G5/><T14/><D126/><U2/><E2/><V8/><F134/><W87/><G0/><T53/><D78/><U21/><E47/><V67/><F105/><W23/><G83/><T128/><D128/><N who="3" m="49225" /><G81/><T107/><D107/><U25/><REACH who="1" step="1"/><E70/><REACH who="1" ten="250,240,250,250" step="2"/><V58/><F71/><W61/><G61/><T97/><D46/><AGARI ba="0,1" hai="23,26,31,46,51,55,72,74,77,80,87" m="49225" machi="46" ten="30,1000,0" yaku="19,1" doraHai="108" who="3" fromWho="0" sc="250,-10,240,0,250,0,250,20" /><INIT seed="1,0,0,0,2,77" ten="240,240,250,270" oya="1" hai0="34,124,109,131,46,127,55,133,44,74,126,21,118" hai1="121,18,23,68,117,56,89,97,35,67,40,9,19" hai2="90,120,72,11,65,91,25,50,94,88,30,84,26" hai3="105,20,135,2,95,5,1,59,6,123,54,57,41"/><U83/><E35/><V64/><F120/><W134/><G105/><T80/><D118/><U63/><E117/><V103/><F72/><W125/><G41/><T69/><D34/><U29/><E121/><V79/><F11/><W96/><G125/><T112/><D112/><U22/><E29/><V70/><F70/><W15/><G123/><T86/><D109/><U129/><E129/><V31/><F50/><W93/><G20/><T24/><D74/><U10/><E40/><V43/><F43/><W116/><G15/><T101/><D69/><U28/><E28/><N who="2" m="10795" /><F103/><W51/><G51/><T60/><D133/><U113/><E68/><V76/><F94/><W104/><G96/><T13/><D101/><U39/><E39/><V49/><F49/><W106/><REACH who="3" step="1"/><G54/><REACH who="3" ten="240,240,250,260" step="2"/><T115/><D13/><N who="1" m="9551" /><E97/><V47/><F47/><W122/><G122/><T99/><D99/><U102/><E113/><V111/><F111/><W0/><G0/><T36/><D115/><U119/><E119/><AGARI ba="0,1" hai="1,2,5,6,57,59,93,95,104,106,116,119,134,135" machi="119" ten="25,3200,0" yaku="1,1,22,2,53,0" doraHai="77" doraHaiUra="107" who="3" fromWho="1" sc="240,0,240,-32,250,0,260,42" /><INIT seed="2,0,0,2,4,70" ten="240,208,250,302" oya="2" hai0="41,58,124,13,73,37,33,18,42,43,46,109,94" hai1="108,55,96,100,104,81,79,97,92,3,117,36,91" hai2="8,120,52,39,75,15,54,29,51,16,64,113,35" hai3="130,132,122,22,131,114,115,20,127,89,76,99,77"/><V5/><F120/><W9/><G122/><T40/><D109/><U30/><E108/><V85/><F113/><N who="3" m="43019" /><G132/><T7/><D124/><U125/><E125/><V62/><F75/><W74/><G127/><T90/><D33/><U106/><E117/><V65/><F39/><W23/><G9/><T80/><D58/><U53/><E3/><V86/><F35/><W10/><G10/><T84/><D7/><U2/><E2/><V31/><F5/><W0/><G0/><T44/><D44/><U101/><E30/><N who="2" m="11275" /><F54/><W19/><G19/><T47/><D73/><U68/><E68/><V87/><F62/><W105/><G89/><T49/><REACH who="0" step="1"/><D80/><REACH who="0" ten="230,208,250,302" step="2"/><U93/><E36/><V112/><F112/><W110/><G74/><T71/><D71/><U129/><E129/><V69/><F69/><W27/><G110/><T60/><D60/><U78/><REACH who="1" step="1"/><E81/><REACH who="1" ten="230,198,250,302" step="2"/><V21/><F8/><AGARI ba="0,2" hai="8,13,18,37,40,41,42,43,46,47,49,84,90,94" machi="8" ten="30,3900,0" yaku="1,1,7,1,52,1,53,0" doraHai="70" doraHaiUra="111" who="0" fromWho="2" sc="230,59,198,0,250,-39,302,0" /><INIT seed="3,0,0,3,2,16" ten="289,198,211,302" oya="3" hai0="10,28,113,99,24,11,42,127,117,77,128,0,75" hai1="4,35,95,86,52,31,66,57,2,22,39,82,26" hai2="78,9,33,6,58,85,65,79,80,29,15,59,89" hai3="116,27,93,134,44,34,69,132,123,76,100,110,25"/><W21/><G116/><T72/><D117/><U107/><E107/><V74/><F79/><W118/><G123/><T108/><D108/><U56/><E39/><V105/><F105/><W71/><G76/><T3/><D128/><U122/><E122/><V8/><F65/><W5/><G5/><T73/><D127/><U84/><E35/><V47/><F47/><W83/><G83/><T125/><D125/><U101/><E2/><V54/><F9/><W87/><G44/><T38/><D113/><U45/><E4/><V129/><F129/><W14/><G110/><T67/><D67/><U13/><E13/><V40/><F40/><W41/><G41/><T48/><D48/><N who="1" m="28687" /><E66/><V97/><F97/><N who="3" m="59439" /><G87/><N who="1" m="33322" /><E82/><V7/><F7/><W104/><G104/><T19/><D3/><U91/><E101/><V70/><F70/><W103/><G103/><T94/><D0/><U81/><E81/><V63/><F33/><W112/><G112/><T88/><D77/><U98/><AGARI ba="0,0" hai="22,26,31,56,57,91,95,98" m="33322,28687" machi="98" ten="30,4000,0" yaku="8,1,52,1,54,1" doraHai="16" who="1" fromWho="1" sc="289,-10,198,40,211,-10,302,-20" /><INIT seed="4,0,0,2,5,56" ten="279,238,201,282" oya="0" hai0="1,46,91,14,86,21,34,52,64,84,29,27,8" hai1="33,74,65,102,105,107,101,100,77,48,108,128,92" hai2="103,112,40,66,20,129,104,83,7,28,111,63,36" hai3="114,47,97,118,127,30,23,123,38,126,57,106,55"/><T5/><D64/><U117/><E48/><V3/><F111/><W70/><G118/><T73/><D73/><U44/><E44/><V16/><F112/><W130/><G70/><T76/><D76/><U72/><E65/><V96/><F129/><W131/><G123/><T58/><D46/><U11/><E11/><V110/><F110/><W4/><G4/><T120/><D120/><U124/><E33/><V109/><F109/><W37/><G114/><T19/><D91/><U53/><E53/><V116/><F116/><W99/><G23/><T59/><D59/><U50/><E50/><AGARI ba="0,0" hai="1,5,8,14,19,21,27,29,34,50,52,58,84,86" machi="50" ten="30,11600,0" yaku="7,1,24,2,54,1" doraHai="56" who="0" fromWho="1" sc="279,116,238,-116,201,0,282,0" owari="395,50.0,122,-38.0,201,-20.0,282,8.0" /></mjloggm>