<mjloggm ver="2.3"><GO type="169" lobby="0"/><UN n0="%E3%83%95%E3%82%AF%E3%83%80%E3%83%B3%E3%83%81%E3%83%A7" n1="%43%68%69%39%77%61" n2="%E3%83%A4%E3%83%8A%E3%83%AA%E3%83%B3%E3%82%B9%E3%82%AD%E3%83%BC" n3="%E3%83%94%E3%82%AC%E3%82%B7" dan="17,17,17,16" rate="2223.77,2144.55,2127.93,2137.05" sx="M,M,M,M"/><TAIKYOKU oya="0"/><INIT seed="0,0,0,1,3,125" ten="250,250,250,250" oya="0" hai0="36,33,28,0,88,41,92,16,107,97,19,59,123" hai1="53,129,108,115,109,48,46,2,90,81,7,78,24" hai2="135,32,130,86,3,131,72,89,70,67,22,80,111" hai3="44,100,84,69,132,15,76,8,96,133,18,114,79"/><T39/><D123/><U71/><E115/><V117/><F32/><W5/><G114/><T60/><D0/><U27/><E71/><V66/><F3/><W37/><G69/><T29/><D107/><U83/><E90/><V11/><F111/><N who="1" m="42569" /><E129/><N who="2" m="49163" /><F135/><N who="3" m="51787" /><G84/><T34/><D34/><U101/><E101/><V134/><F134/><W124/><G124/><T113/><D113/><U75/><E81/><V51/><F117/><W68/><G68/><T91/><D36/><U126/><E126/><V25/><F70/><W10/><G44/><T47/><D91/><U43/><E43/><V128/><N who="2" m="49171" /><V26/><DORA hai="62" /><F11/><AGARI ba="0,0" hai="2,7,11,24,27,46,48,53,75,78,83" m="42569" machi="11" ten="30,1000,0" yaku="14,1" doraHai="125,62" who="1" fromWho="2" sc="250,0,250,10,250,-10,250,0" /><INIT seed="1,0,0,2,2,124" ten="250,260,240,250" oya="1" hai0="50,114,38,3,21,98,106,42,36,66,73,51,107" hai1="44,112,109,71,101,80,2,69,64,135,18,6,93" hai2="12,103,32,23,127,1,78,24,130,85,9,13,74" hai3="34,19,63,120,102,104,43,26,86,39,83,37,129"/><U65/><E112/><V57/><F127/><W99/><G120/><T75/><D3/><U125/><E125/><V88/><F32/><W28/><G19/><T40/><D21/><U45/><E135/><V72/><F103/><W8/><G8/><T30/><D30/><U56/><E109/><V47/><F1/><W59/><G43/><T0/><D0/><U108/><E108/><V133/><F133/><W11/><G11/><T89/><D66/><U33/><E33/><V41/><F57/><W79/><G129/><T119/><D98/><U67/><E56/><V115/><F130/><W25/><REACH who="3" step="1"/><G26/><REACH who="3" ten="250,260,240,240" step="2"/><T53/><D114/><U81/><E18/><V96/><F9/><W76/><G76/><T128/><D128/><U7/><E7/><V14/><F24/><W20/><G20/><T121/><D121/><U100/><E6/><V58/><F23/><W82/><G82/><T117/><D53/><AGARI ba="0,1" hai="25,28,34,37,39,53,59,63,79,83,86,99,102,104" machi="53" ten="30,2000,0" yaku="1,1,7,1,53,0" doraHai="124" doraHaiUra="4" who="3" fromWho="0" sc="250,-20,260,0,240,0,240,30" /><INIT seed="2,0,0,5,4,102" ten="230,260,240,270" oya="2" hai0="107,120,74,9,50,82,108,84,23,127,33,62,93" hai1="30,2,3,57,124,67,118,75,96,63,32,129,98" hai2="103,40,38,122,95,58,49,99,133,116,22,85,66" hai3="0,79,86,111,8,19,44,14,54,73,104,128,7"/><V72/><F116/><W131/><G73/><T112/><D108/><U4/><E118/><V123/><F72/><W106/><G111/><T68/><D33/><U65/><E124/><V132/><F38/><W11/><G44/><T114/><D120/><U90/><E129/><N who="3" m="49738" /><G54/><T26/><D107/><N who="3" m="41001" /><G86/><T42/><D9/><U45/><E45/><N who="2" m="25767" /><F85/><W125/><G79/><T37/><D37/><U76/><E76/><V105/><F95/><W6/><G125/><T88/><D127/><U13/><E75/><V135/><F22/><W70/><G70/><T34/><D34/><U51/><E32/><V47/><F47/><W117/><G117/><T24/><D93/><U77/><E77/><V20/><F20/><W1/><G19/><T18/><D74/><U134/><E57/><V35/><F35/><W130/><G130/><T101/><D68/><U121/><E121/><V21/><F21/><W31/><G31/><T10/><D23/><U94/><E30/><V59/><F59/><W126/><G126/><T53/><D18/><U119/><E119/><V83/><F83/><W81/><G81/><T110/><D82/><U64/><E96/><V56/><F58/><W100/><G100/><T97/><D101/><U28/><E98/><V89/><F89/><W25/><G25/><T17/><D88/><U78/><E90/><V27/><F27/><W60/><G60/><AGARI ba="0,0" hai="56,60,66,99,103,105,122,123,132,133,135" m="25767" machi="60" ten="30,2900,0" yaku="20,1,52,1" doraHai="102" who="2" fromWho="3" sc="230,0,260,0,240,29,270,-29" /><INIT seed="2,1,0,2,5,45" ten="230,260,269,241" oya="2" hai0="127,51,17,122,10,125,9,57,88,25,71,111,78" hai1="66,30,98,14,38,90,115,48,83,50,120,123,100" hai2="77,52,58,12,15,117,87,11,55,56,3,128,0" hai3="106,93,54,41,84,109,97,19,65,130,86,44,112"/><V34/><F117/><W4/><G109/><T76/><D71/><U121/><E115/><V119/><F119/><W40/><G112/><T113/><D122/><U7/><E38/><V104/><F104/><W53/><G130/><T29/><D111/><U16/><E7/><V105/><F105/><W126/><G126/><N who="0" m="48139" /><D113/><U110/><E110/><V134/><F34/><W85/><G106/><T26/><D88/><U89/><E30/><V96/><F96/><W95/><G4/><T114/><D114/><U124/><E66/><V131/><F134/><W8/><G65/><T46/><D57/><U64/><E64/><V75/><F87/><W43/><G44/><T80/><D17/><U23/><E124/><V39/><F39/><W94/><G97/><T133/><D133/><U81/><E90/><V28/><F28/><W67/><G67/><T107/><D107/><N who="1" m="63895" /><E89/><V74/><REACH who="2" step="1"/><F11/><REACH who="2" ten="230,260,259,241" step="2"/><N who="0" m="4106" /><D29/><U92/><E92/><V42/><F42/><W91/><G91/><T31/><D31/><U73/><E73/><V132/><F132/><W13/><AGARI ba="1,1" hai="8,13,19,40,41,43,53,54,84,85,86,93,94,95" machi="13" ten="40,8000,1" yaku="0,1,29,2,8,1" doraHai="45" who="3" fromWho="3" sc="230,-21,260,-21,259,-41,241,93" /><INIT seed="3,0,0,4,5,118" ten="209,239,218,334" oya="3" hai0="53,84,39,76,27,45,1,62,101,119,60,120,131" hai1="37,99,125,7,3,35,42,40,54,48,94,47,68" hai2="117,134,113,71,4,56,67,9,98,30,78,49,20" hai3="6,132,58,44,12,23,77,65,73,51,80,5,116"/><W110/><G116/><T109/><D109/><U18/><E35/><V100/><F113/><W105/><G105/><T28/><D1/><U82/><E125/><V57/><F117/><W59/><G132/><T127/><D127/><U133/><E133/><V15/><F134/><W88/><G110/><T0/><D0/><U11/><E68/><V32/><F78/><W81/><G65/><T14/><D131/><U2/><E2/><V8/><F8/><W111/><G111/><T87/><D101/><U19/><E82/><V29/><F29/><W89/><G80/><T97/><D97/><U64/><E64/><V96/><F96/><W43/><G6/><T106/><D106/><U24/><E24/><V122/><F49/><W22/><G22/><T123/><D14/><U102/><REACH who="1" step="1"/><E40/><REACH who="1" ten="209,229,218,334" step="2"/><V61/><F32/><W126/><G126/><T112/><D27/><U124/><E124/><V135/><F135/><W114/><G114/><T52/><D112/><U107/><E107/><V50/><F67/><W130/><G130/><T38/><D119/><U34/><E34/><V46/><F71/><W86/><G73/><T10/><D76/><U103/><E103/><V36/><F100/><W66/><G66/><T92/><D92/><U25/><E25/><V83/><F83/><W31/><G77/><T90/><D90/><U13/><E13/><V115/><F15/><W41/><G89/><T75/><D75/><U129/><E129/><V91/><F91/><W85/><G88/><T121/><D123/><U108/><E108/><V69/><F122/><W63/><G81/><T33/><D121/><RYUUKYOKU ba="0,1" sc="209,-10,229,30,218,-10,334,-10" hai1="3,7,11,18,19,37,42,47,48,54,94,99,102" /><INIT seed="4,1,1,3,0,91" ten="199,259,208,324" oya="0" hai0="0,114,47,40,115,110,117,26,127,89,34,99,64" hai1="51,81,95,24,29,113,10,53,102,54,27,121,67" hai2="73,106,101,118,120,69,21,11,112,43,108,13,57" hai3="130,63,8,134,49,55,68,103,18,80,20,14,31"/><T25/><D117/><U46/><E121/><V4/><F69/><W84/><G130/><T3/><D64/><U116/><E116/><V105/><F108/><W58/><G134/><T36/><D110/><U79/><E113/><N who="0" m="43017" /><D127/><U93/><E67/><V19/><F112/><W83/><G103/><T66/><D66/><U78/><E102/><V52/><F120/><W72/><G72/><T61/><D61/><U16/><E53/><V94/><F73/><W35/><G35/><T17/><D17/><U109/><E109/><V15/><F43/><W22/><G68/><T77/><D77/><N who="1" m="29195" /><E81/><N who="3" m="31306" /><G84/><T107/><D107/><U48/><E48/><V88/><F101/><W90/><G90/><T42/><D42/><U129/><E129/><V45/><F45/><N who="3" m="28079" /><G31/><N who="0" m="19823" /><D26/><N who="1" m="9771" /><E29/><V128/><F128/><W2/><G2/><T131/><D131/><U135/><E135/><V122/><F122/><W76/><G76/><T124/><D124/><U71/><E71/><V82/><F118/><W5/><G18/><T87/><D99/><U92/><E16/><V98/><F82/><AGARI ba="1,1" hai="0,3,36,40,47,82,87,89" m="19823,43017" machi="82" ten="30,1500,0" yaku="15,1" doraHai="91" who="0" fromWho="2" sc="199,28,259,0,208,-18,324,0" /><INIT seed="4,2,0,4,3,60" ten="227,259,190,324" oya="0" hai0="13,34,14,116,109,15,111,10,124,127,98,2,1" hai1="72,44,29,104,32,103,5,121,90,0,89,47,25" hai2="96,119,73,75,26,68,81,45,48,58,7,64,118" hai3="55,77,125,24,27,123,84,59,8,88,12,11,18"/><T52/><D98/><U70/><E121/><V38/><F7/><W132/><G125/><N who="0" m="48203" /><D116/><U128/><E72/><V113/><F113/><W4/><G132/><T62/><D34/><U93/><E128/><V110/><F110/><N who="0" m="41994" /><D10/><U36/><E104/><V71/><F26/><W16/><G77/><T69/><D52/><U28/><E103/><V50/><F96/><W80/><G123/><T57/><D57/><U30/><E32/><V42/><F81/><W97/><G97/><T53/><D53/><U108/><E108/><V122/><F122/><W126/><G126/><T3/><D62/><U95/><E90/><V17/><F58/><W83/><G83/><T134/><D69/><U20/><E70/><V66/><F45/><W131/><G131/><T37/><D37/><U46/><E36/><V49/><F49/><N who="3" m="31215" /><G11/><T41/><D41/><U33/><E33/><V78/><F38/><W19/><AGARI ba="2,0" hai="4,8,12,16,18,19,24,27,80,84,88" m="31215" machi="19" ten="30,4000,0" yaku="8,1,54,2" doraHai="60" who="3" fromWho="3" sc="227,-22,259,-12,190,-12,324,46" /><INIT seed="5,0,0,4,4,84" ten="205,247,178,370" oya="1" hai0="18,35,58,83,122,80,81,61,38,7,39,133,79" hai1="76,87,127,56,102,17,4,134,62,0,128,2,96" hai2="13,45,135,110,16,101,48,47,106,50,114,23,85" hai3="71,115,72,116,129,34,36,92,77,59,69,46,53"/><U100/><E127/><V123/><F110/><W94/><G34/><T117/><D117/><U1/><E128/><V54/><F123/><W89/><G116/><T10/><D35/><U52/><E134/><V66/><F135/><W32/><G32/><T64/><D133/><U98/><E4/><V20/><F66/><W124/><G129/><T74/><D122/><U28/><E28/><V19/><F114/><W121/><G124/><T43/><D18/><U42/><E42/><V73/><F73/><W8/><G121/><T113/><D113/><U90/><E76/><V99/><F85/><W67/><G115/><T49/><D49/><U12/><E98/><V11/><REACH who="2" step="1"/><F19/><REACH who="2" ten="205,247,168,370" step="2"/><W40/><G67/><T86/><D86/><U41/><E96/><V15/><F15/><W3/><G72/><T44/><D39/><U21/><REACH who="1" step="1"/><E41/><AGARI ba="0,1" hai="11,13,16,20,23,41,45,47,48,50,54,99,101,106" machi="41" ten="30,3900,0" yaku="1,1,7,1,54,1,53,0" doraHai="84" doraHaiUra="111" who="2" fromWho="1" sc="205,0,247,-39,168,49,370,0" /><INIT seed="6,0,0,3,2,134" ten="205,208,217,370" oya="2" hai0="131,99,65,73,24,21,71,101,2,92,91,100,26" hai1="69,49,108,15,96,58,39,90,104,61,98,85,23" hai2="38,112,0,40,8,103,44,4,12,32,97,59,53" hai3="7,87,36,41,62,119,113,82,94,63,124,57,80"/><V56/><F112/><W43/><G119/><T9/><D73/><U81/><E108/><V88/><F32/><W55/><G113/><T37/><D37/><U42/><E104/><V67/><F67/><W48/><G7/><T18/><D131/><U34/><E34/><V17/><F53/><W115/><G115/><T50/><D50/><U86/><E39/><V128/><F128/><W84/><G36/><T118/><D118/><U130/><E69/><V133/><F133/><W135/><G94/><T132/><D24/><U106/><E106/><V70/><F70/><W120/><G48/><T76/><D76/><U14/><E85/><V102/><F88/><W109/><G57/><T35/><D35/><U66/><E130/><V46/><F46/><W11/><G11/><T83/><D83/><U72/><E72/><V77/><F77/><W68/><G55/><T45/><D45/><N who="1" m="25783" /><E23/><V29/><F29/><W51/><G51/><T22/><D22/><U105/><E105/><V74/><F74/><W1/><G68/><T89/><D132/><U52/><E66/><V19/><F19/><W79/><G79/><T16/><D2/><U25/><E25/><V47/><F47/><W10/><G1/><T27/><D27/><U127/><E127/><V5/><F5/><W31/><G124/><T20/><D65/><U123/><E123/><V30/><F30/><W111/><G31/><T33/><D71/><U121/><E121/><V95/><REACH who="2" step="1"/><F102/><REACH who="2" ten="205,208,207,370" step="2"/><W129/><G129/><T125/><D33/><U54/><E54/><V64/><F64/><W13/><G120/><T6/><D6/><RYUUKYOKU ba="0,1" sc="205,-15,208,15,207,15,370,-15" hai1="14,15,52,58,61,81,86,90,96,98" hai2="0,4,8,12,17,38,40,44,56,59,95,97,103" /><INIT seed="6,1,1,3,1,10" ten="190,223,222,355" oya="2" hai0="11,63,71,51,74,55,3,9,80,56,57,45,113" hai1="0,114,72,15,104,106,27,25,12,76,4,13,118" hai2="85,19,68,39,117,21,16,61,131,14,7,23,91" hai3="94,98,129,112,38,73,86,110,133,134,70,31,120"/><V37/><F117/><W2/><RYUUKYOKU type="yao9" ba="1,1" sc="190,0,223,0,222,0,355,0" hai3="2,31,38,70,73,86,94,98,110,112,120,129,133,134" /><INIT seed="6,2,1,3,4,47" ten="190,223,222,355" oya="2" hai0="105,94,13,125,107,96,92,68,17,34,49,31,113" hai1="11,48,28,26,3,99,124,38,5,14,21,121,8" hai2="42,69,0,72,132,40,128,23,83,104,18,88,120" hai3="85,79,57,46,131,135,19,111,127,7,52,98,70"/><V27/><F120/><W77/><G70/><T110/><D110/><U16/><E38/><V90/><F69/><W15/><G111/><T22/><D113/><U106/><E121/><V53/><F0/><W114/><G114/><T119/><D119/><U129/><E129/><V95/><F104/><W20/><G131/><T126/><D92/><U45/><E124/><N who="0" m="47721" /><D68/><U1/><E1/><V10/><F132/><W103/><G135/><T78/><D78/><U100/><E3/><V6/><F128/><W67/><G7/><T59/><D31/><U62/><E62/><V134/><F134/><W25/><G85/><T44/><D59/><U118/><E118/><V64/><F64/><W117/><G46/><T32/><D105/><U87/><E87/><N who="2" m="50303" /><F72/><W4/><G67/><T81/><D81/><U112/><E112/><V93/><F93/><N who="3" m="58831" /><G117/><T86/><D86/><U50/><E45/><V61/><F10/><N who="3" m="4551" /><G127/><T101/><D107/><U2/><AGARI ba="2,1" hai="2,5,8,11,14,16,21,26,28,48,50,99,100,106" machi="2" ten="20,8000,1" yaku="0,1,7,1,52,2,54,1" doraHai="47" who="1" fromWho="1" sc="190,-22,223,96,222,-42,355,-22" /><INIT seed="7,0,0,5,0,54" ten="168,319,180,333" oya="3" hai0="112,98,7,8,80,133,64,70,50,39,15,1,84" hai1="30,103,79,4,6,23,125,94,33,102,71,110,122" hai2="82,16,67,89,32,31,10,40,58,17,3,85,124" hai3="20,27,41,130,77,29,22,135,69,88,57,46,0"/><W106/><G69/><T43/><D39/><U126/><E110/><V24/><F124/><N who="1" m="47721" /><E122/><V26/><F40/><W72/><G106/><T87/><D133/><U131/><E131/><V53/><F67/><W96/><G135/><T116/><D116/><U34/><E71/><V123/><F123/><W42/><G0/><T47/><D112/><U115/><E115/><V36/><F36/><W61/><G77/><N who="0" m="46095" /><D1/><U13/><E79/><V74/><F74/><W134/><G72/><T38/><D38/><U104/><E104/><V48/><REACH who="2" step="1"/><F26/><REACH who="2" ten="168,319,170,333" step="2"/><W93/><G130/><T9/><D9/><N who="1" m="4263" /><E6/><AGARI ba="0,1" hai="3,6,10,16,17,24,31,32,48,53,58,82,85,89" machi="6" ten="40,5200,0" yaku="1,1,52,1,54,1,53,0" doraHai="54" doraHaiUra="100" who="2" fromWho="1" sc="168,0,319,-52,170,62,333,0" owari="168,-33.0,267,7.0,232,-17.0,333,43.0" /></mjloggm>