<mjloggm ver="2.3"><GO type="169" lobby="0"/><UN n0="%E9%AB%98%E6%A9%8B%E6%B7%B3" n1="%E3%81%8B%E3%81%A5%E3%81%8D%EF%BC%B8%EF%BC%A9" n2="%E3%81%94%E3%82%8B%E3%81%A3" n3="%E3%82%80%E3%82%89%E3%81%B3%E3%81%A8" dan="16,16,16,16" rate="2110.19,2105.60,2169.30,2127.05" sx="M,M,M,M"/><TAIKYOKU oya="0"/><INIT seed="0,0,0,4,1,128" ten="250,250,250,250" oya="0" hai0="10,75,38,123,114,98,33,35,12,0,125,36,81" hai1="93,63,83,122,86,48,64,102,5,26,80,14,135" hai2="127,19,54,132,62,111,90,110,9,13,133,47,115" hai3="99,31,61,108,109,105,79,41,43,23,2,44,92"/><T72/><D114/><U117/><E122/><V76/><F115/><W124/><G124/><T17/><D123/><U129/><E117/><V37/><F127/><W71/><G2/><T46/><D125/><U82/><E129/><V22/><F76/><W104/><G79/><T6/><D98/><U69/><E26/><V88/><F62/><W134/><G31/><T30/><D81/><U107/><E107/><V50/><F37/><W39/><G23/><N who="0" m="11687" /><D35/><U11/><E48/><V70/><F70/><W25/><G25/><N who="0" m="18639" /><D46/><U119/><E119/><V68/><F68/><W7/><G7/><T100/><D100/><U32/><E32/><V87/><F22/><W113/><G43/><T94/><D94/><U66/><E66/><V126/><F126/><W8/><G8/><T16/><D16/><U53/><E53/><V24/><F24/><W130/><G104/><T3/><D3/><U74/><E74/><AGARI ba="0,0" hai="0,6,10,36,38,72,74,75" m="18639,11687" machi="74" ten="30,1500,0" yaku="24,1" doraHai="128" who="0" fromWho="1" sc="250,15,250,-15,250,0,250,0" /><INIT seed="0,1,0,5,3,10" ten="265,235,250,250" oya="0" hai0="118,73,14,106,16,126,23,129,48,21,102,94,119" hai1="33,99,85,110,108,28,132,97,134,59,96,121,6" hai2="40,91,66,81,3,30,35,1,101,90,65,39,128" hai3="114,103,76,77,68,127,17,44,130,26,49,51,98"/><T20/><D73/><U117/><E117/><V50/><F39/><W88/><G114/><T113/><D113/><U70/><E70/><V71/><F128/><W32/><G130/><T2/><D2/><U52/><E121/><V120/><F101/><W11/><G127/><T5/><D5/><U47/><E47/><V38/><F38/><W135/><G135/><N who="1" m="51754" /><E6/><V9/><F120/><W89/><G68/><T92/><D129/><U12/><E85/><V46/><F30/><W29/><G51/><T105/><D126/><U7/><E28/><V27/><F27/><W25/><G77/><T84/><D92/><U42/><E33/><V95/><F35/><W69/><G69/><T79/><D48/><N who="1" m="31111" /><E42/><V37/><F46/><W41/><G76/><T74/><D74/><U64/><E64/><V55/><F65/><W124/><G124/><T54/><D54/><U62/><E62/><V82/><F55/><W13/><REACH who="3" step="1"/><G25/><REACH who="3" ten="265,235,250,240" step="2"/><T61/><D79/><U78/><E78/><V15/><F71/><W22/><G22/><T8/><D61/><U122/><E122/><V93/><F37/><W58/><G58/><T109/><D118/><U31/><E31/><V67/><F50/><W123/><G123/><T24/><D119/><U34/><E34/><V104/><F40/><W125/><G125/><T57/><D57/><U80/><E80/><V112/><F112/><W111/><G111/><T116/><D109/><U0/><E0/><V19/><F3/><W36/><G36/><T131/><D131/><U43/><E43/><V56/><F1/><W83/><G83/><T87/><D116/><RYUUKYOKU ba="1,1" sc="265,-15,235,15,250,-15,240,15" hai1="7,12,96,97,99,108,110" hai3="11,13,17,26,29,32,41,44,49,88,89,98,103" /><INIT seed="1,2,1,5,2,1" ten="250,250,235,255" oya="1" hai0="70,73,58,14,105,135,88,83,3,45,121,133,41" hai1="117,93,19,129,51,16,23,75,101,134,62,65,77" hai2="24,89,36,125,11,33,69,84,27,55,85,92,21" hai3="10,122,110,30,86,9,13,15,107,127,54,132,4"/><U82/><E117/><V39/><F69/><W111/><G107/><T126/><D70/><U44/><E129/><V50/><F125/><W97/><G122/><T108/><D3/><U17/><E134/><V68/><F68/><W48/><G132/><T8/><D108/><U90/><E101/><V123/><F123/><W118/><G127/><T28/><D126/><U116/><E116/><V103/><F103/><W22/><G118/><T74/><D105/><U124/><E124/><V34/><F84/><W79/><G97/><T42/><D42/><U131/><E131/><V112/><F112/><W2/><G86/><T115/><D74/><U87/><E62/><V18/><F27/><N who="3" m="16759" /><G79/><T47/><D73/><U67/><REACH who="1" step="1"/><E23/><REACH who="1" ten="250,240,235,255" step="2"/><V119/><F119/><W76/><G111/><T60/><D133/><U6/><E6/><V52/><F33/><W95/><G4/><T81/><D135/><U35/><E35/><V78/><F34/><W80/><G110/><T114/><D121/><U43/><AGARI ba="2,2" hai="16,17,19,43,44,51,65,67,75,77,82,87,90,93" machi="43" ten="30,11700,0" yaku="1,1,0,1,54,1,53,1" doraHai="1" doraHaiUra="106" who="1" fromWho="1" sc="250,-41,240,143,235,-41,255,-41" /><INIT seed="1,3,0,3,1,35" ten="209,383,194,214" oya="1" hai0="110,80,43,32,134,55,114,98,57,119,76,95,91" hai1="51,66,124,68,60,113,101,30,127,33,129,59,50" hai2="8,69,52,115,118,31,81,133,46,53,56,126,111" hai3="77,125,99,62,41,108,15,58,120,71,28,121,75"/><U21/><E21/><V130/><F118/><W61/><G41/><T37/><D119/><U64/><E101/><V89/><F69/><W92/><G108/><T103/><D110/><U87/><E87/><V86/><F111/><W36/><G36/><T44/><D114/><U72/><E72/><V109/><F109/><W14/><G62/><T34/><D134/><U29/><E33/><V13/><F133/><W74/><G71/><T19/><D103/><U112/><E30/><V54/><F115/><N who="1" m="44105" /><E29/><V17/><F130/><W128/><G15/><T96/><D96/><U49/><E129/><V131/><F126/><N who="1" m="48169" /><E68/><V42/><F31/><W20/><G75/><T82/><D19/><U106/><E106/><V48/><REACH who="2" step="1"/><F131/><REACH who="2" ten="209,383,184,214" step="2"/><W97/><G128/><T6/><D32/><U22/><E22/><V24/><F24/><W4/><G28/><T116/><D34/><U63/><E63/><AGARI ba="3,1" hai="8,13,17,42,46,48,52,53,54,56,63,81,86,89" machi="63" ten="30,8000,1" yaku="1,1,7,1,8,1,54,1,53,1" doraHai="35" doraHaiUra="47" who="2" fromWho="1" sc="209,0,383,-89,184,99,214,0" /><INIT seed="2,0,0,5,2,52" ten="209,294,283,214" oya="2" hai0="112,92,121,43,94,55,108,86,38,103,3,110,32" hai1="5,130,119,123,40,20,97,25,47,10,63,2,99" hai2="132,62,77,88,45,89,107,26,118,59,37,90,104" hai3="27,131,8,41,36,84,53,93,82,35,106,65,73"/><V74/><F118/><W69/><G106/><T48/><D112/><U76/><E119/><V111/><F132/><W87/><G35/><T98/><D3/><U78/><E130/><V125/><F125/><W113/><G73/><T122/><D32/><U49/><E123/><V133/><F133/><W4/><G69/><T129/><D129/><U71/><E99/><V81/><F26/><W54/><G65/><T51/><D51/><U9/><E9/><V17/><F17/><W109/><G27/><T29/><D29/><U68/><E97/><V116/><F116/><W24/><G24/><T120/><D43/><U46/><E47/><V127/><F127/><W115/><G93/><T23/><D23/><U64/><E71/><V72/><F72/><W60/><G87/><T75/><D38/><U7/><E7/><V12/><F12/><W117/><G60/><T101/><D75/><U67/><E67/><V19/><F19/><AGARI ba="0,0" hai="2,5,10,19,20,25,40,46,49,63,64,68,76,78" machi="19" ten="30,1000,0" yaku="7,1" doraHai="52" who="1" fromWho="2" sc="209,0,294,10,283,-10,214,0" /><INIT seed="3,0,0,0,3,97" ten="209,304,273,214" oya="3" hai0="21,81,53,132,75,54,14,19,117,29,99,133,63" hai1="106,91,122,32,130,93,10,114,121,6,82,126,15" hai2="20,64,62,92,69,131,88,59,43,44,72,8,111" hai3="105,60,13,46,135,115,107,102,74,18,103,120,0"/><W35/><G115/><T76/><D117/><U125/><E114/><V17/><F111/><W51/><G120/><T26/><D63/><U38/><E106/><V71/><F131/><W68/><G0/><T36/><D36/><U78/><E38/><V112/><F72/><W2/><G2/><T129/><D129/><U113/><E32/><V30/><F8/><W50/><G35/><T124/><D124/><N who="1" m="47723" /><E113/><V83/><F83/><W34/><G34/><T61/><D61/><U9/><E9/><V109/><F30/><W11/><G74/><T22/><REACH who="0" step="1"/><D99/><REACH who="0" ten="199,304,273,214" step="2"/><N who="1" m="57791" /><E130/><V41/><F112/><W24/><G60/><T5/><D5/><U86/><AGARI ba="0,1" hai="6,10,15,78,82,86,121,122" m="57791,47723" machi="86" ten="30,1100,0" yaku="18,1" doraHai="97" who="1" fromWho="1" sc="199,-3,304,21,273,-3,214,-5" /><INIT seed="4,0,0,3,2,73" ten="196,325,270,209" oya="0" hai0="92,79,47,100,25,109,128,103,5,30,43,97,7" hai1="93,76,10,114,42,75,41,98,116,50,20,70,67" hai2="6,37,24,99,81,115,112,34,120,13,80,61,33" hai3="124,49,113,104,71,66,86,63,105,14,56,118,107"/><T4/><D128/><U32/><E32/><V27/><F37/><W84/><G118/><T16/><D109/><U15/><E116/><V87/><F120/><W133/><G113/><N who="2" m="43593" /><F61/><W131/><G131/><T22/><D79/><U35/><E35/><N who="2" m="13323" /><F99/><W31/><G31/><T74/><D74/><U53/><E114/><V39/><F80/><W0/><G0/><T102/><REACH who="0" step="1"/><D30/><REACH who="0" ten="186,325,270,209" step="2"/><U69/><E75/><V108/><F108/><W11/><G124/><T83/><D83/><U127/><E76/><N who="2" m="46503" /><F39/><AGARI ba="0,1" hai="4,5,7,16,22,25,39,43,47,92,97,100,102,103" machi="39" ten="40,7700,0" yaku="1,1,54,1,53,1" doraHai="73" doraHaiUra="68" who="0" fromWho="2" sc="186,87,325,0,270,-77,209,0" /><INIT seed="4,1,0,4,5,18" ten="273,325,193,209" oya="0" hai0="92,133,134,3,42,31,30,64,10,25,94,105,1" hai1="4,124,110,104,35,43,118,15,132,112,39,97,52" hai2="116,45,121,53,8,89,103,128,81,0,40,95,62" hai3="9,127,17,135,99,98,38,50,33,88,37,34,69"/><T14/><D105/><U74/><RYUUKYOKU type="yao9" ba="1,0" sc="273,0,325,0,193,0,209,0" hai1="4,15,35,39,43,52,74,97,104,110,112,118,124,132" /><INIT seed="4,2,0,4,4,30" ten="273,325,193,209" oya="0" hai0="135,98,118,128,42,125,18,62,69,105,7,100,81" hai1="19,27,64,67,26,66,83,90,3,74,22,89,15" hai2="116,49,77,43,70,104,14,87,0,65,73,122,93" hai3="102,40,39,1,95,119,10,56,58,124,76,91,45"/><T131/><D118/><U130/><E130/><V111/><F111/><W25/><G119/><T114/><D114/><U6/><E74/><V60/><F122/><W79/><G124/><T50/><D125/><U78/><E3/><V80/><F0/><W129/><G129/><T112/><D112/><U16/><E6/><V94/><F104/><W34/><G102/><T33/><D7/><U32/><E32/><V4/><F116/><W134/><G134/><T31/><D18/><U9/><REACH who="1" step="1"/><E27/><REACH who="1" ten="273,315,193,209" step="2"/><V41/><F73/><W8/><G34/><T82/><D33/><U117/><E117/><V101/><F101/><W53/><G25/><T24/><D24/><U127/><E127/><V5/><F5/><W133/><G1/><T75/><D75/><U123/><E123/><V72/><F72/><W132/><G132/><T103/><D103/><U35/><E35/><V44/><REACH who="2" step="1"/><F43/><REACH who="2" ten="273,315,183,209" step="2"/><W59/><G40/><T96/><D42/><U84/><AGARI ba="2,2" hai="9,15,16,19,22,26,64,66,67,78,83,84,89,90" machi="84" ten="30,7900,0" yaku="1,1,0,1,8,1,54,1,53,0" doraHai="30" doraHaiUra="29" who="1" fromWho="1" sc="273,-41,315,105,183,-22,209,-22" /><INIT seed="5,0,0,1,0,72" ten="232,420,161,187" oya="1" hai0="96,36,28,121,117,4,18,46,97,24,102,86,22" hai1="71,98,104,82,76,42,122,6,26,16,87,0,131" hai2="33,31,130,95,49,118,113,45,101,61,35,55,100" hai3="109,114,129,10,123,124,9,66,103,68,62,34,135"/><U44/><E122/><V47/><F118/><W80/><G123/><T125/><D117/><U65/><E131/><V3/><F3/><W21/><G109/><T64/><D125/><U11/><E65/><V105/><F105/><W83/><G34/><T127/><D127/><U63/><E63/><V78/><F130/><W32/><G32/><T67/><D4/><U69/><E104/><V58/><F35/><W27/><G124/><T107/><D97/><U38/><E98/><V132/><F132/><W110/><G110/><T54/><D121/><U25/><E25/><V52/><F113/><W111/><G111/><T115/><D115/><U12/><E26/><V43/><F31/><W23/><G103/><T133/><D133/><U50/><E38/><V91/><F78/><W8/><G114/><T56/><D86/><U14/><E0/><V17/><F17/><W119/><G135/><T39/><D39/><U92/><E92/><V5/><F5/><W51/><G129/><T73/><D73/><U59/><E59/><V57/><F45/><W99/><G99/><T79/><D79/><U120/><E120/><V89/><F33/><W81/><G119/><T30/><D30/><U88/><E88/><N who="2" m="33867" /><F95/><W48/><REACH who="3" step="1"/><G27/><REACH who="3" ten="232,420,161,177" step="2"/><T112/><D112/><U128/><E128/><V134/><F134/><W7/><G7/><T77/><D24/><U108/><E108/><V13/><F13/><W60/><G60/><AGARI ba="0,1" hai="43,47,49,52,55,57,58,60,61,100,101" m="33867" machi="60" ten="30,3900,0" yaku="8,1,54,2" doraHai="72" who="2" fromWho="3" sc="232,0,420,0,161,49,177,-39" /><INIT seed="6,0,0,3,1,14" ten="232,420,210,138" oya="2" hai0="39,48,4,1,29,46,57,73,120,34,106,125,62" hai1="121,116,90,0,103,100,55,91,75,3,129,43,104" hai2="74,72,7,111,49,21,123,89,70,126,12,109,45" hai3="10,36,87,83,98,94,108,117,6,56,11,30,61"/><V115/><F123/><W40/><G108/><N who="2" m="41545" /><F70/><W33/><G117/><T97/><D73/><U25/><E116/><V112/><F89/><W65/><G33/><T81/><D39/><U9/><E91/><V85/><F85/><W99/><G36/><T35/><D29/><U102/><E90/><V110/><N who="2" m="41553" /><V2/><DORA hai="66" /><F2/><W92/><G40/><T38/><D38/><U15/><E3/><V114/><F126/><W134/><G134/><T53/><D81/><U52/><E0/><V77/><F77/><N who="3" m="46575" /><G30/><T19/><D1/><U50/><E75/><V47/><F47/><W42/><G42/><T113/><D46/><N who="1" m="25951" /><E121/><V128/><F128/><W118/><G118/><T59/><D120/><U135/><E135/><V78/><F78/><W68/><G68/><T58/><D125/><U32/><E129/><V64/><F64/><W79/><G79/><T54/><D58/><U80/><E80/><V130/><F130/><W122/><G122/><T67/><D59/><U96/><E103/><V13/><F13/><W16/><G99/><T37/><D97/><U69/><E102/><V95/><F95/><W82/><G98/><T101/><D101/><U51/><E69/><V5/><F5/><W28/><G82/><T22/><D4/><U93/><E93/><V119/><F119/><W20/><G6/><T44/><D44/><U23/><E100/><V8/><F21/><W132/><G92/><T127/><D127/><U133/><E23/><V84/><F84/><W26/><G132/><T18/><D22/><U31/><E133/><V88/><F88/><W27/><G94/><RYUUKYOKU ba="0,0" sc="232,-15,420,-15,210,15,138,15" hai2="7,8,12,45,49,72,74,112,114,115" hai3="10,11,16,20,26,27,28,56,61,65" /><INIT seed="6,1,0,1,3,32" ten="217,405,225,153" oya="2" hai0="105,118,85,74,36,129,91,41,116,81,40,96,125" hai1="90,39,68,77,12,111,27,67,92,0,65,10,19" hai2="117,75,119,108,38,24,127,50,23,78,48,99,44" hai3="70,55,13,124,101,4,9,102,123,88,133,2,104"/><V7/><F127/><W35/><G123/><T5/><D125/><U76/><E39/><V113/><F113/><W122/><G122/><T63/><D129/><U107/><E107/><V29/><F38/><W61/><G124/><T82/><D5/><U49/><E0/><V22/><F108/><W53/><G35/><T60/><D96/><U121/><E111/><V46/><F23/><W47/><G133/><T17/><D17/><U135/><E135/><V73/><F7/><W110/><G13/><T134/><D105/><U97/><E68/><V37/><F37/><W11/><G11/><T58/><D60/><U18/><E49/><V109/><F109/><W57/><G110/><T6/><D6/><U103/><E90/><V131/><F99/><W3/><G70/><T98/><D98/><U66/><E121/><V30/><F22/><AGARI ba="1,0" hai="10,12,18,19,22,27,65,66,67,76,77,92,97,103" machi="22" ten="40,1300,0" yaku="8,1" doraHai="32" who="1" fromWho="2" sc="217,0,405,16,225,-16,153,0" /><INIT seed="7,0,0,0,4,84" ten="217,421,209,153" oya="3" hai0="126,123,23,18,100,81,64,68,124,69,130,6,5" hai1="91,13,0,7,29,24,116,15,33,44,94,63,95" hai2="76,22,53,52,87,122,58,133,56,45,10,17,119" hai3="14,55,86,20,77,102,3,135,73,120,88,109,74"/><W75/><G3/><T134/><D123/><U97/><E116/><V121/><F119/><W83/><G120/><N who="2" m="46185" /><F133/><W103/><G135/><T89/><D100/><U132/><E63/><V16/><F10/><W131/><G131/><T67/><D130/><U104/><E44/><V49/><F45/><W117/><G117/><T85/><D64/><U38/><E38/><V82/><F22/><W36/><G36/><T9/><D67/><U40/><E132/><V129/><F129/><W115/><G115/><T92/><D81/><U21/><E40/><V54/><F54/><W39/><G39/><T106/><D106/><U96/><E104/><V31/><F31/><W57/><G109/><T62/><D62/><AGARI ba="0,0" hai="16,17,49,52,53,56,58,62,76,82,87" m="46185" machi="62" ten="30,3900,0" yaku="13,1,54,2" doraHai="84" who="2" fromWho="0" sc="217,-39,421,0,209,39,153,0" owari="178,-22.0,421,52.0,248,5.0,153,-35.0" /></mjloggm>