<mjloggm ver="2.3"><GO type="169" lobby="0"/><UN n0="%6D%69%6E%65%72%61%6C%32" n1="%E4%B9%85%E5%85%B5%E8%A1%9B" n2="%E3%82%82%E3%81%93%E3%81%BF" n3="%E6%84%9A%E5%BD%A2%E3%81%AE%E6%84%9A%E5%85%84" dan="16,17,17,16" rate="2191.68,2259.68,2253.97,2093.90" sx="M,M,M,M"/><TAIKYOKU oya="0"/><INIT seed="0,0,0,1,3,45" ten="250,250,250,250" oya="0" hai0="49,108,47,3,50,111,40,13,133,127,12,131,104" hai1="78,95,11,90,15,39,30,98,57,20,41,134,129" hai2="112,113,26,93,55,62,89,18,130,1,69,109,123" hai3="102,116,91,17,0,81,58,7,106,6,121,85,94"/><T48/><D104/><U2/><E134/><V92/><F123/><W125/><G116/><T31/><D3/><U14/><E129/><V132/><F1/><W28/><G125/><T63/><D133/><U5/><E78/><V10/><F130/><W71/><G71/><T118/><D118/><U21/><E39/><V42/><F109/><N who="0" m="42058" /><D131/><U75/><E41/><V70/><F42/><W77/><G28/><T68/><D127/><U33/><E75/><V83/><F93/><W84/><G0/><T56/><D31/><U23/><REACH who="1" step="1"/><E57/><REACH who="1" ten="250,240,250,250" step="2"/><V115/><F132/><W119/><G58/><T22/><D68/><U52/><E52/><V60/><F55/><W88/><G77/><T65/><D22/><U19/><E19/><V135/><F18/><W25/><G119/><T29/><D29/><U67/><E67/><V107/><F70/><W96/><G121/><T97/><D97/><U82/><E82/><V74/><F83/><W46/><G17/><T16/><D16/><U80/><E80/><V38/><F69/><W35/><G81/><T76/><D76/><U110/><E110/><V32/><F112/><W86/><G96/><T24/><D24/><AGARI ba="0,1" hai="2,5,11,14,15,20,21,23,24,30,33,90,95,98" machi="24" ten="40,1300,0" yaku="1,1,53,0" doraHai="45" doraHaiUra="101" who="1" fromWho="0" sc="250,-13,240,23,250,0,250,0" /><INIT seed="1,0,0,4,0,71" ten="237,263,250,250" oya="1" hai0="54,75,114,94,93,53,134,55,101,12,10,112,96" hai1="77,70,125,122,8,66,72,23,82,29,103,73,4" hai2="126,15,7,61,100,19,3,117,135,22,32,9,48" hai3="50,97,133,111,132,83,30,39,115,20,59,0,60"/><U52/><E122/><V102/><F117/><W116/><G0/><T107/><D75/><U5/><E125/><V105/><F135/><W2/><G2/><T67/><D67/><U63/><E103/><V25/><F126/><W127/><G115/><T65/><D65/><U131/><E131/><V78/><F61/><W86/><G111/><T124/><D124/><U119/><E119/><V41/><F78/><W130/><G97/><T17/><REACH who="0" step="1"/><D134/><REACH who="0" ten="227,263,250,250" step="2"/><U40/><E73/><V11/><F105/><W38/><G127/><T85/><D85/><U106/><E106/><V56/><F32/><W128/><G132/><T88/><D88/><U37/><E72/><V58/><F100/><W44/><G133/><T51/><D51/><U1/><E66/><V89/><F102/><W76/><G130/><T84/><D84/><U121/><E121/><V69/><F89/><W46/><G128/><T21/><D21/><U6/><E70/><V118/><F69/><W99/><G50/><T64/><D64/><U36/><E63/><V95/><F118/><W45/><G116/><T108/><D108/><U34/><E23/><V113/><F113/><AGARI ba="0,1" hai="10,12,17,53,54,55,93,94,96,101,107,112,113,114" machi="113" ten="40,1300,0" yaku="1,1,53,0" doraHai="71" doraHaiUra="26" who="0" fromWho="2" sc="227,23,263,0,250,-13,250,0" /><INIT seed="2,0,0,5,0,100" ten="250,263,237,250" oya="2" hai0="44,76,123,54,18,5,42,72,101,60,20,116,31" hai1="97,26,83,133,57,43,82,49,93,6,103,61,77" hai2="23,106,134,122,51,37,13,7,81,99,88,35,120" hai3="131,50,69,112,98,45,11,127,0,3,111,78,107"/><V71/><F35/><W34/><G111/><T130/><D123/><U21/><E133/><V30/><F37/><W58/><G69/><T52/><D130/><U68/><E6/><V114/><F71/><W109/><G109/><T89/><D31/><U102/><E102/><V67/><F67/><W46/><G127/><T126/><D126/><U113/><E77/><V9/><F114/><W92/><G78/><T59/><D101/><U118/><E68/><V41/><F134/><W2/><G131/><T70/><D116/><U15/><E15/><V1/><F106/><W12/><G34/><T105/><D105/><U66/><E118/><V40/><F1/><W10/><G10/><T8/><D89/><U22/><E22/><V95/><F81/><W128/><G107/><T63/><D76/><U19/><E113/><V28/><F28/><W96/><G96/><T124/><D72/><U39/><E39/><V79/><F79/><W135/><G128/><T121/><D121/><U4/><E4/><V36/><F36/><W33/><G33/><T56/><D124/><U14/><E14/><V29/><F29/><W75/><G75/><T90/><D90/><U73/><E73/><V38/><F38/><W47/><G112/><T125/><D125/><U110/><E110/><V132/><F132/><W25/><G25/><T53/><D42/><N who="2" m="16490" /><F51/><W16/><G135/><T55/><D44/><AGARI ba="0,0" hai="19,21,26,43,44,49,57,61,66,82,83,93,97,103" machi="44" ten="40,1300,0" yaku="8,1" doraHai="100" who="1" fromWho="0" sc="250,-13,263,13,237,0,250,0" /><INIT seed="3,0,0,2,1,121" ten="237,276,237,250" oya="3" hai0="128,2,88,6,33,102,28,114,49,43,103,38,133" hai1="5,1,8,132,73,127,68,97,45,62,20,134,82" hai2="122,107,30,71,63,44,112,31,80,75,58,29,70" hai3="131,79,109,101,67,72,17,113,53,94,57,111,65"/><W56/><G113/><T74/><D114/><U3/><E3/><V37/><F107/><W86/><G131/><T125/><D74/><U116/><E127/><V51/><F37/><W90/><G56/><T36/><D128/><U110/><E116/><V95/><F122/><W34/><G34/><T40/><D6/><U81/><E20/><V104/><F104/><W100/><G17/><T61/><D2/><U77/><E82/><V19/><F95/><W42/><G42/><T21/><D61/><U117/><E97/><V39/><F39/><W32/><G32/><T14/><D33/><U118/><E45/><V7/><F7/><W69/><G79/><T96/><D125/><U87/><E87/><V85/><F19/><W18/><G18/><T11/><D11/><U130/><E130/><V52/><F75/><W13/><G13/><T76/><D76/><U126/><E126/><V15/><F15/><W120/><G72/><T50/><D14/><U83/><E83/><V93/><F93/><W108/><G120/><T59/><D59/><U9/><E9/><V64/><REACH who="2" step="1"/><F112/><REACH who="2" ten="237,276,227,250" step="2"/><W24/><G24/><T22/><D38/><U78/><E118/><V129/><F129/><W66/><REACH who="3" step="1"/><G69/><REACH who="3" ten="237,276,227,240" step="2"/><T115/><D115/><U35/><E68/><V92/><F92/><W41/><G41/><T99/><D43/><U91/><E73/><V12/><F12/><W135/><G135/><T0/><D40/><U106/><E134/><V89/><AGARI ba="0,2" hai="29,30,31,44,51,52,58,63,64,70,71,80,85,89" machi="89" ten="30,4000,0" yaku="1,1,0,1,54,1,53,0" doraHai="121" doraHaiUra="23" who="2" fromWho="2" sc="237,-10,276,-10,227,60,240,-20" /><INIT seed="4,0,0,5,4,111" ten="227,266,287,220" oya="0" hai0="26,32,71,37,2,133,45,73,123,59,42,67,21" hai1="54,91,114,88,97,110,50,131,27,51,35,121,116" hai2="6,69,77,132,28,36,53,135,12,117,93,64,87" hai3="68,24,86,107,31,33,16,62,15,105,115,94,83"/><T75/><D123/><U99/><E110/><V74/><F36/><W57/><G68/><T20/><D133/><N who="2" m="51274" /><F69/><W130/><G94/><T52/><D2/><U96/><E131/><V85/><F64/><W90/><G115/><T44/><D44/><U25/><E116/><V126/><F28/><W78/><G78/><T49/><D32/><U120/><E35/><V128/><F128/><W1/><G1/><T113/><D21/><U108/><E108/><V61/><F126/><W23/><REACH who="3" step="1"/><G130/><REACH who="3" ten="227,266,287,210" step="2"/><T56/><D113/><U84/><E114/><V76/><F93/><W124/><G124/><T82/><D82/><U29/><E121/><V10/><F77/><W48/><G48/><T102/><D102/><U66/><E51/><V109/><F109/><W40/><G40/><T63/><REACH who="0" step="1"/><D59/><REACH who="0" ten="217,266,287,210" step="2"/><U18/><E120/><V79/><F117/><W104/><G104/><T11/><D11/><U80/><E80/><V7/><F76/><W34/><G34/><T14/><D14/><U98/><E91/><V46/><F12/><W30/><G30/><AGARI ba="0,2" hai="20,26,30,37,42,45,49,52,56,63,67,71,73,75" machi="30" ten="30,12000,1" yaku="1,1,7,1,24,2,54,1,53,0" doraHai="111" doraHaiUra="129" who="0" fromWho="3" sc="217,140,266,0,287,0,210,-120" /><INIT seed="4,1,0,1,1,126" ten="357,266,287,90" oya="0" hai0="27,42,35,26,111,34,62,38,41,91,18,32,61" hai1="121,78,77,113,90,99,83,45,37,69,110,80,93" hai2="0,31,135,123,117,60,105,47,46,98,48,5,86" hai3="21,51,128,12,118,44,103,15,64,100,119,112,56"/><T14/><D111/><U33/><E33/><V87/><F123/><W71/><G71/><T25/><D91/><U23/><E69/><V79/><F135/><W72/><G72/><T53/><D38/><U3/><E3/><V19/><F31/><W43/><G112/><T59/><REACH who="0" step="1"/><D61/><REACH who="0" ten="347,266,287,90" step="2"/><U22/><E37/><V108/><F108/><W67/><G118/><T29/><D29/><U70/><E110/><V10/><F60/><W92/><G119/><T54/><D54/><U9/><E90/><V1/><F117/><W8/><G67/><T106/><D106/><U107/><E107/><V104/><F104/><W36/><G64/><T24/><N who="0" m="6144" /><DORA hai="4" /><T109/><D109/><U96/><E121/><V63/><F63/><W76/><G36/><T68/><D68/><U13/><E70/><V97/><F105/><W114/><G100/><T6/><D6/><U125/><E113/><V74/><F5/><W66/><G103/><T40/><D40/><U89/><E89/><V84/><F79/><W55/><G76/><T2/><D2/><U30/><E30/><V81/><F0/><W52/><G43/><T16/><D16/><U134/><E78/><V133/><F19/><W49/><G66/><T130/><D130/><U7/><E7/><V120/><F1/><W116/><G128/><T11/><AGARI ba="1,1" hai="11,14,18,32,34,35,41,42,53,59,62" m="6144" machi="11" ten="50,9600,0" yaku="1,1,0,1,52,1,53,0" doraHai="126,4" doraHaiUra="131,65" who="0" fromWho="0" sc="347,109,266,-33,287,-33,90,-33" /><INIT seed="4,2,0,4,0,79" ten="456,233,254,57" oya="0" hai0="72,121,68,123,11,87,93,98,122,39,17,8,107" hai1="119,131,47,135,3,65,43,134,48,128,91,92,132" hai2="0,46,51,113,64,67,94,114,80,129,27,37,7" hai3="54,4,120,89,38,29,1,35,105,108,115,56,53"/><T9/><D72/><U34/><E119/><V106/><F106/><W21/><G108/><T71/><D39/><U112/><E34/><V36/><F0/><W130/><G105/><T116/><D116/><U32/><E32/><V84/><F7/><W19/><G115/><N who="2" m="44041" /><F94/><W60/><G130/><N who="1" m="49706" /><E112/><V16/><F129/><W86/><G35/><T31/><D31/><U69/><E3/><V74/><F74/><W13/><G29/><T111/><D111/><U6/><E6/><V28/><F28/><W99/><G99/><T62/><D62/><N who="1" m="40119" /><E91/><N who="2" m="51591" /><F36/><W101/><G38/><T15/><D107/><U104/><E104/><V55/><F37/><W85/><G4/><T14/><D87/><U118/><E92/><V49/><F49/><W125/><G1/><T77/><D77/><U12/><E12/><V126/><F126/><W133/><G125/><T83/><D11/><U95/><E95/><V90/><F90/><W75/><G75/><T24/><D24/><U100/><E118/><V5/><F5/><W44/><G89/><T22/><D9/><U76/><E76/><V124/><F124/><W2/><G2/><T23/><D8/><U40/><E100/><V52/><F55/><AGARI ba="2,0" hai="40,43,47,48,55,132,134,135" m="40119,49706" machi="55" ten="40,8000,1" yaku="20,1,19,1,34,2" doraHai="79" who="1" fromWho="2" sc="456,0,233,86,254,-86,57,0" /><INIT seed="5,0,0,2,3,45" ten="456,319,168,57" oya="1" hai0="18,131,59,39,61,89,53,96,6,56,121,115,79" hai1="99,12,66,108,26,29,11,114,64,16,118,73,124" hai2="52,10,84,3,103,100,97,123,2,7,19,90,65" hai3="70,83,92,133,28,117,77,67,127,1,104,128,112"/><U32/><E118/><V102/><F123/><W105/><G28/><T119/><D119/><U22/><E73/><V78/><F78/><W4/><G92/><T38/><D115/><U120/><E120/><V135/><F135/><W80/><G80/><T0/><D121/><U44/><E114/><V63/><F3/><W116/><G112/><T132/><D79/><U40/><E108/><V75/><F75/><W13/><G13/><T34/><D34/><U42/><E42/><V74/><F74/><W125/><G67/><T129/><D18/><U107/><E124/><N who="3" m="47690" /><G70/><T41/><D41/><U51/><E107/><N who="3" m="41034" /><G4/><T31/><D31/><U93/><E32/><V111/><F19/><W23/><G23/><T20/><D20/><U50/><E51/><V47/><F111/><W88/><G1/><T58/><D132/><U69/><E69/><V86/><F97/><W25/><G25/><T43/><D6/><U24/><E26/><V130/><F90/><AGARI ba="0,0" hai="11,12,16,22,24,29,40,44,50,64,66,90,93,99" machi="90" ten="30,11600,0" yaku="7,1,8,1,52,1,54,1" doraHai="45" who="1" fromWho="2" sc="456,0,319,116,168,-116,57,0" /><INIT seed="5,1,0,4,3,57" ten="456,435,52,57" oya="1" hai0="111,34,65,41,79,13,51,92,49,98,93,63,59" hai1="103,23,90,118,84,7,82,24,58,105,6,62,125" hai2="102,91,22,120,20,61,56,107,86,70,113,3,64" hai3="15,76,129,117,52,45,28,40,114,73,99,97,17"/><U135/><E118/><V46/><F120/><W10/><G114/><T12/><D111/><U8/><E135/><V94/><F3/><W131/><G28/><T4/><D34/><U116/><E116/><V122/><F122/><W89/><G89/><T67/><D79/><U121/><E121/><V123/><F113/><W124/><G124/><T38/><D38/><U39/><E39/><V54/><F123/><W85/><G73/><T104/><D104/><U108/><E125/><V37/><F107/><W44/><G44/><T9/><D67/><U133/><E133/><V109/><F102/><W110/><G110/><T33/><D33/><U100/><E108/><V60/><REACH who="2" step="1"/><F109/><REACH who="2" ten="456,435,42,57" step="2"/><W95/><G117/><T27/><D27/><U48/><E105/><V50/><F50/><N who="3" m="26919" /><G131/><T78/><D51/><U96/><E48/><V2/><F2/><W53/><G129/><T55/><D41/><AGARI ba="1,1" hai="20,22,37,41,46,54,56,60,61,64,70,86,91,94" machi="41" ten="40,5200,0" yaku="1,1,52,2,53,0" doraHai="57" doraHaiUra="128" who="2" fromWho="0" sc="456,-55,435,0,42,65,57,0" /><INIT seed="6,0,0,4,4,16" ten="401,435,107,57" oya="2" hai0="126,128,69,121,65,44,113,1,88,6,83,90,43" hai1="49,96,29,98,22,35,107,66,5,82,13,110,89" hai2="129,53,117,130,26,50,46,109,132,20,51,111,9" hai3="52,34,86,127,103,94,101,131,68,62,55,17,77"/><V36/><F36/><W125/><G34/><T87/><D121/><U14/><E110/><N who="2" m="41995" /><F117/><W85/><G131/><N who="2" m="50185" /><F132/><W39/><G39/><T116/><D128/><U23/><E35/><V133/><F133/><W12/><G68/><T81/><D116/><U97/><E107/><V108/><N who="2" m="42003" /><V72/><DORA hai="67" /><F72/><W105/><G105/><T11/><D113/><U21/><E29/><N who="2" m="17607" /><F50/><W7/><G7/><T71/><D126/><N who="3" m="48137" /><G62/><T80/><D65/><U8/><E66/><V30/><F9/><N who="3" m="6287" /><G103/><T118/><D118/><U25/><E49/><V2/><F2/><W4/><G101/><T56/><D56/><U99/><E25/><V78/><F78/><W73/><G73/><T3/><D3/><U123/><E123/><V115/><F30/><W54/><G77/><T57/><D57/><U106/><E106/><V135/><F135/><W76/><G76/><T100/><D100/><U134/><E134/><V104/><F104/><W37/><G37/><T41/><D41/><U0/><N who="1" m="24576" /><DORA hai="93" /><U19/><E0/><V79/><F79/><W84/><G4/><T40/><D40/><U92/><E92/><AGARI ba="0,0" hai="52,54,55,84,85,86,92,94" m="6287,48137" machi="92" ten="40,2600,0" yaku="18,1,54,1" doraHai="16,67,93" who="3" fromWho="1" sc="401,0,435,-26,107,0,57,26" /><INIT seed="7,0,0,3,2,31" ten="401,409,107,83" oya="3" hai0="100,7,122,109,33,29,32,5,18,88,15,103,56" hai1="47,119,114,86,67,35,61,3,72,110,37,121,60" hai2="107,6,130,25,24,71,17,70,51,58,92,96,23" hai3="45,65,41,53,43,19,12,105,98,99,79,63,2"/><W40/><G2/><T94/><D109/><U128/><RYUUKYOKU type="yao9" ba="0,0" sc="401,0,409,0,107,0,83,0" hai1="3,35,37,47,60,61,67,72,86,110,114,119,121,128" /><INIT seed="7,1,0,5,0,41" ten="401,409,107,83" oya="3" hai0="92,28,38,33,95,121,55,132,97,126,53,57,44" hai1="16,27,20,74,123,19,17,120,109,106,4,96,68" hai2="103,65,2,122,31,32,135,18,118,111,36,50,24" hai3="89,35,125,59,30,88,101,85,82,114,62,69,29"/><W124/><G69/><T48/><D121/><U9/><E68/><V112/><F36/><W3/><G3/><T67/><D132/><U72/><E72/><V81/><F111/><W7/><G7/><T23/><D33/><U130/><E74/><V116/><F2/><W40/><G114/><T129/><D38/><U1/><E96/><V110/><F110/><W15/><G15/><T80/><D129/><U117/><E106/><V47/><F135/><W99/><G89/><T83/><D67/><U63/><E63/><V45/><F65/><W100/><G40/><T113/><D126/><N who="3" m="48745" /><G35/><T6/><D6/><U0/><E109/><V49/><F103/><N who="3" m="39499" /><G99/><T60/><D113/><U5/><E117/><V66/><F66/><AGARI ba="1,0" hai="29,30,59,62,66,82,85,88" m="39499,48745" machi="66" ten="30,2900,0" yaku="18,1,54,1" doraHai="41" who="3" fromWho="2" sc="401,0,409,0,107,-32,83,32" /><INIT seed="7,2,0,4,4,88" ten="401,409,75,115" oya="3" hai0="48,57,37,38,63,102,123,104,95,128,56,124,11" hai1="85,119,134,92,60,91,26,105,35,49,4,6,73" hai2="122,53,21,1,129,76,8,30,100,25,62,67,5" hai3="7,64,113,13,16,50,3,39,58,79,28,68,71"/><W14/><G39/><T110/><D123/><U87/><E73/><V103/><F129/><W117/><G117/><T36/><D110/><U107/><E107/><V10/><F122/><W31/><G113/><T127/><D104/><U125/><E105/><V32/><F76/><W61/><G3/><T120/><D120/><U115/><E115/><V108/><F108/><W70/><G79/><T98/><D128/><U93/><E119/><V96/><F53/><W106/><G106/><T90/><D11/><U65/><E49/><V9/><F100/><W18/><G50/><T23/><D23/><U45/><E45/><V29/><F29/><W27/><G7/><T72/><D72/><U109/><E109/><V41/><F41/><W131/><G131/><T2/><D2/><U133/><E125/><N who="0" m="48201" /><D48/><U40/><E40/><V135/><F135/><N who="1" m="51721" /><E26/><V17/><F96/><W84/><G84/><N who="1" m="32330" /><E35/><V86/><F86/><W15/><REACH who="3" step="1"/><G31/><REACH who="3" ten="401,409,75,105" step="2"/><T59/><D63/><U69/><E93/><V97/><F97/><AGARI ba="2,1" hai="4,6,60,65,69,91,92,97" m="32330,51721" machi="97" ten="30,2000,0" yaku="20,1,52,1" doraHai="88" who="1" fromWho="2" sc="401,0,409,36,75,-26,105,0" owari="401,20.0,445,54.0,49,-45.0,105,-29.0" /></mjloggm>