<mjloggm ver="2.3"><GO type="169" lobby="0"/><UN n0="%E3%82%82%E3%81%93%E3%81%BF" n1="%63%6C%75%74%63%68%37%33" n2="%E3%83%80%E3%83%8B%E3%83%90%E3%83%81%E3%83%A7%E3%83%95" n3="%E3%81%A4%E3%81%A3%E3%81%8D%EF%BD%9E%32%6E%64" dan="17,17,16,16" rate="2266.45,2234.53,2103.24,2032.48" sx="M,M,M,M"/><TAIKYOKU oya="0"/><INIT seed="0,0,0,2,0,71" ten="250,250,250,250" oya="0" hai0="87,54,48,41,72,14,36,31,32,67,8,51,84" hai1="70,18,61,88,108,81,7,79,13,29,56,77,55" hai2="44,85,80,78,19,60,94,107,46,120,23,9,90" hai3="17,118,52,37,76,102,111,135,11,113,105,6,99"/><T27/><D72/><U83/><E108/><V125/><F120/><W64/><G113/><T49/><D67/><U0/><E70/><V28/><F107/><W66/><G118/><T57/><D36/><U82/><E29/><V89/><F125/><W58/><G111/><T3/><D3/><U69/><E69/><V75/><F28/><W106/><G135/><T26/><D26/><U2/><E7/><V38/><F60/><W128/><G128/><T101/><D101/><U121/><E121/><V131/><F9/><W134/><G134/><T133/><D133/><U39/><E39/><V91/><F131/><W62/><G105/><T5/><REACH who="0" step="1"/><D41/><REACH who="0" ten="240,250,250,250" step="2"/><U112/><E112/><V126/><F126/><W104/><G37/><T45/><D45/><U21/><E0/><V4/><F46/><W12/><G104/><T35/><D35/><U33/><E33/><V34/><F34/><W114/><G114/><T95/><D95/><U116/><E2/><V15/><REACH who="2" step="1"/><F4/><REACH who="2" ten="240,250,240,250" step="2"/><W98/><G6/><T68/><D68/><U103/><E116/><V1/><F1/><W10/><G106/><T30/><D30/><U63/><E103/><V119/><F119/><W74/><G102/><T124/><D124/><U65/><E65/><V86/><F86/><AGARI ba="0,2" hai="5,8,14,27,31,32,48,49,51,54,57,84,86,87" machi="86" ten="40,2000,0" yaku="1,1,53,0" doraHai="71" doraHaiUra="127" who="0" fromWho="2" sc="240,40,250,0,240,-20,250,0" /><INIT seed="0,1,0,0,0,72" ten="280,250,220,250" oya="0" hai0="8,115,91,55,65,20,97,125,59,112,132,38,110" hai1="85,114,106,32,87,2,50,41,134,43,75,29,120" hai2="122,133,1,130,128,58,86,113,33,100,9,6,10" hai3="18,63,31,135,131,17,3,34,93,71,19,64,45"/><T95/><D125/><U52/><E120/><V14/><F100/><W102/><G131/><N who="2" m="50217" /><F58/><W37/><G135/><T96/><D132/><U46/><E134/><V82/><F133/><W13/><G3/><T77/><D38/><U21/><E2/><V5/><F122/><W74/><G74/><T62/><D110/><U26/><E106/><V27/><F86/><W11/><G31/><T36/><D36/><U116/><E75/><V124/><F82/><W25/><G34/><T28/><D8/><U42/><E114/><V23/><F124/><W7/><G25/><T16/><D28/><U119/><REACH who="1" step="1"/><E32/><REACH who="1" ten="280,240,220,250" step="2"/><V44/><F33/><W66/><G13/><N who="0" m="9231" /><D115/><U60/><E60/><V73/><F113/><W49/><G63/><T67/><D112/><U61/><E61/><V54/><F73/><W53/><G71/><T56/><D67/><U35/><E35/><V24/><F23/><W79/><G64/><T69/><D69/><U40/><N who="1" m="10240" /><DORA hai="22" /><U30/><E30/><V84/><F84/><AGARI ba="1,1" hai="21,26,29,46,50,52,84,85,87,116,119" m="10240" machi="84" ten="50,12000,2" yaku="1,1,52,1,54,1,53,3" doraHai="72,22" doraHaiUra="98,83" who="1" fromWho="2" sc="280,0,240,133,220,-123,250,0" /><INIT seed="1,0,0,0,4,47" ten="280,373,97,250" oya="1" hai0="24,51,57,124,7,104,72,32,54,13,46,95,74" hai1="98,27,103,100,79,105,65,4,89,3,31,18,81" hai2="97,119,109,131,71,133,90,22,118,55,116,125,63" hai3="50,122,49,126,83,15,82,0,84,59,127,76,28"/><U35/><E103/><V88/><F109/><W94/><G0/><T33/><D124/><N who="3" m="47657" /><G122/><T39/><D104/><U40/><E40/><V117/><N who="2" m="29696" /><DORA hai="110" /><V106/><F125/><W56/><G28/><T73/><D24/><U53/><E89/><V36/><F36/><W115/><G115/><T67/><D95/><U29/><E29/><V61/><F133/><W16/><G94/><T25/><D25/><U6/><E3/><V130/><F22/><N who="3" m="11551" /><G83/><T64/><D39/><U114/><E114/><V52/><F71/><W128/><G128/><N who="2" m="49193" /><F106/><W87/><G87/><T10/><REACH who="0" step="1"/><D46/><REACH who="0" ten="270,373,97,250" step="2"/><U37/><E37/><V92/><F90/><W112/><G112/><T85/><D85/><U21/><E105/><V11/><F11/><W14/><G14/><T58/><D58/><AGARI ba="0,1" hai="49,50,56,58,59,76,82,84" m="11551,47657" machi="58" ten="30,7700,0" yaku="18,1,52,2,54,1" doraHai="47,110" who="3" fromWho="0" sc="270,-77,373,0,97,0,250,87" /><INIT seed="2,0,0,2,3,81" ten="193,373,97,337" oya="2" hai0="7,51,42,94,54,75,10,59,78,106,62,70,53" hai1="98,86,122,46,73,8,120,0,103,63,126,24,22" hai2="72,132,76,20,67,61,115,133,112,99,95,85,36" hai3="41,28,84,27,111,102,79,15,37,5,118,19,44"/><V66/><F36/><W21/><G111/><T68/><D106/><U60/><E73/><V18/><F72/><W3/><G118/><T45/><D75/><U43/><E126/><V9/><F9/><W40/><G102/><T35/><D35/><U130/><E130/><V57/><F67/><W58/><G40/><T25/><D25/><U30/><E8/><V128/><F128/><W109/><G109/><T26/><D26/><U116/><E0/><V125/><F125/><W16/><G3/><T50/><D78/><U105/><E116/><V96/><F96/><W47/><G47/><T17/><D17/><U90/><E60/><V101/><F76/><W108/><G108/><T71/><D94/><U52/><E63/><V113/><REACH who="2" step="1"/><F85/><REACH who="2" ten="193,373,87,337" step="2"/><W4/><G79/><T82/><D10/><U89/><E86/><V29/><F29/><W104/><G84/><T123/><D123/><U34/><E122/><V6/><F6/><W127/><G127/><T12/><D7/><U64/><E120/><V49/><F49/><W93/><G28/><T121/><D121/><U2/><E64/><V23/><F23/><W1/><G4/><T74/><D74/><U92/><E22/><V114/><N who="2" m="28672" /><DORA hai="107" /><V110/><F110/><W97/><G21/><T124/><D124/><U131/><E131/><V134/><F134/><W32/><G5/><T65/><D65/><U38/><E2/><V77/><F77/><W33/><G1/><T14/><D51/><N who="1" m="28791" /><E38/><V69/><F69/><W31/><G37/><T48/><D48/><U100/><E34/><V87/><F87/><W11/><G32/><RYUUKYOKU ba="0,1" sc="193,-10,373,-10,87,30,337,-10" hai2="18,20,57,61,66,95,99,101,132,133" /><INIT seed="2,1,1,2,5,63" ten="183,363,117,327" oya="2" hai0="122,36,17,12,92,50,53,0,125,14,61,10,65" hai1="112,6,130,51,88,20,75,26,109,128,113,4,64" hai2="62,25,30,99,58,94,111,13,119,87,24,19,33" hai3="29,118,103,56,49,89,81,106,37,77,132,16,110"/><V7/><F119/><W85/><G37/><T133/><D125/><U123/><E109/><V45/><F111/><W108/><G118/><T126/><D133/><U2/><E75/><V69/><F69/><W15/><G132/><T41/><D126/><U47/><E123/><V135/><F135/><W38/><G38/><T34/><D34/><U66/><E88/><V43/><F24/><W22/><G29/><T60/><D0/><U95/><E95/><V97/><F87/><W3/><G3/><T79/><D79/><U46/><E2/><V55/><F7/><W104/><G104/><T70/><D61/><U40/><E51/><V107/><F107/><W32/><G32/><T28/><D28/><U127/><E20/><V121/><F121/><W91/><G91/><T35/><D35/><U31/><E31/><V76/><F76/><W71/><G71/><T114/><D92/><U131/><E131/><V93/><F99/><W44/><G56/><N who="0" m="32823" /><D14/><U86/><E86/><V9/><REACH who="2" step="1"/><F97/><REACH who="2" ten="183,363,107,327" step="2"/><W100/><G106/><T23/><D122/><U73/><E26/><V42/><F42/><N who="3" m="24727" /><G108/><T59/><D41/><U124/><E73/><V78/><F78/><W39/><G110/><T11/><D114/><U98/><E40/><V102/><F102/><W116/><G116/><T101/><D101/><U134/><E134/><V115/><F115/><W8/><G77/><T1/><D70/><U5/><E5/><V52/><F52/><W84/><G84/><T129/><D129/><U120/><E120/><V82/><F82/><W72/><G100/><T96/><D96/><AGARI ba="1,2" hai="4,6,46,47,64,66,96,98,112,113,124,127,128,130" machi="96" ten="25,6400,0" yaku="22,2,52,2" doraHai="63" who="1" fromWho="0" sc="183,-67,363,87,107,0,327,0" /><INIT seed="3,0,0,4,1,10" ten="116,450,107,327" oya="3" hai0="86,118,1,73,83,111,132,114,124,13,46,16,5" hai1="0,54,68,80,116,60,107,134,62,97,25,128,112" hai2="78,119,15,87,85,31,89,18,66,47,113,36,109" hai3="28,93,59,57,69,34,35,33,21,74,67,11,75"/><W120/><G120/><T51/><D118/><U6/><E112/><V23/><F119/><W45/><G69/><T12/><D73/><U71/><E116/><V100/><F113/><W27/><G45/><T65/><D114/><U43/><E25/><V91/><F109/><W8/><G93/><T84/><D1/><U110/><E6/><V37/><F100/><W9/><REACH who="3" step="1"/><G67/><REACH who="3" ten="116,450,107,317" step="2"/><T106/><D65/><U49/><E71/><V115/><F66/><W105/><G105/><T4/><D106/><U14/><E68/><V32/><F47/><W104/><G104/><T81/><D111/><U22/><E107/><V41/><F115/><W117/><G117/><T26/><D124/><U129/><E110/><V92/><F92/><W133/><G133/><T7/><D132/><U19/><E134/><V72/><F37/><W76/><G76/><T70/><D70/><U48/><E128/><V20/><F78/><W30/><G30/><T121/><D121/><U102/><E129/><V96/><F31/><W79/><G79/><T2/><D2/><U103/><E0/><V122/><F36/><W17/><G17/><T130/><D130/><U40/><E19/><V90/><F18/><W53/><G53/><N who="0" m="29943" /><D81/><U123/><E80/><V94/><F94/><W52/><G52/><T108/><D108/><U29/><E54/><V101/><F122/><W95/><G95/><T56/><D83/><U63/><E123/><V64/><F64/><W125/><G125/><T88/><D56/><AGARI ba="0,1" hai="8,9,11,21,27,28,33,34,35,56,57,59,74,75" machi="56" ten="50,2400,0" yaku="1,1,53,0" doraHai="10" doraHaiUra="42" who="3" fromWho="0" sc="116,-24,450,0,107,0,317,34" /><INIT seed="3,1,0,4,0,115" ten="92,450,107,351" oya="3" hai0="4,79,24,85,93,58,80,32,62,21,128,27,126" hai1="70,108,7,94,23,35,84,105,76,3,57,131,51" hai2="5,99,54,43,11,53,36,120,124,65,112,19,111" hai3="61,42,14,77,130,90,13,45,133,113,2,1,63"/><W67/><G113/><T106/><D126/><U125/><E108/><V83/><F112/><W132/><G130/><T31/><D128/><U86/><E35/><V81/><F124/><W118/><G77/><T30/><D4/><U59/><E70/><V97/><F111/><W29/><G29/><T82/><D106/><U41/><E105/><V17/><F65/><W110/><G110/><T122/><D122/><U78/><E23/><V96/><F120/><W104/><G104/><T95/><D82/><N who="2" m="31242" /><F43/><W37/><G90/><T16/><REACH who="0" step="1"/><D31/><REACH who="0" ten="82,450,107,351" step="2"/><U8/><E131/><V123/><F123/><W91/><G132/><T135/><D135/><U119/><E7/><V20/><F5/><W72/><G133/><T116/><D116/><U101/><E119/><V26/><F36/><W39/><G39/><T28/><D28/><U92/><E125/><V109/><F109/><W15/><G118/><T48/><D48/><U56/><E51/><V134/><F134/><W121/><G121/><T55/><AGARI ba="1,1" hai="16,21,24,27,30,32,55,58,62,79,80,85,93,95" machi="55" ten="20,5200,0" yaku="1,1,0,1,7,1,54,1,53,0" doraHai="115" doraHaiUra="68" who="0" fromWho="0" sc="82,65,450,-14,107,-14,351,-27" /><INIT seed="4,0,0,1,3,45" ten="147,436,93,324" oya="0" hai0="6,60,11,69,135,24,28,5,103,90,118,83,128" hai1="108,132,2,106,36,52,55,68,4,9,33,94,124" hai2="72,25,39,49,13,88,30,75,53,61,42,104,34" hai3="66,89,67,117,46,93,8,115,57,102,7,116,76"/><T107/><D118/><U121/><RYUUKYOKU type="yao9" ba="0,0" sc="147,0,436,0,93,0,324,0" hai1="2,4,9,33,36,52,55,68,94,106,108,121,124,132" /><INIT seed="4,1,0,5,3,82" ten="147,436,93,324" oya="0" hai0="113,103,37,128,7,16,70,47,31,3,115,67,97" hai1="34,29,64,130,9,1,13,28,94,116,111,132,92" hai2="26,127,75,53,108,74,76,77,73,49,24,36,120" hai3="35,54,20,102,22,134,56,15,122,101,105,8,41"/><T80/><D128/><U79/><E111/><V124/><F108/><W46/><G35/><T118/><D118/><U45/><E1/><V83/><F36/><W33/><G33/><T25/><D3/><U123/><E123/><V6/><F6/><W5/><G134/><T51/><D7/><U18/><E132/><V43/><F43/><W30/><G122/><T72/><D37/><U23/><E34/><V107/><F107/><W39/><G105/><T65/><D31/><U110/><E110/><V68/><F68/><W125/><G125/><N who="2" m="48201" /><F120/><W32/><G32/><T121/><D121/><U99/><E79/><N who="2" m="30283" /><F83/><W59/><G59/><AGARI ba="1,0" hai="24,26,49,53,59,73,74,75" m="30283,48201" machi="59" ten="40,1300,0" yaku="18,1" doraHai="82" who="2" fromWho="3" sc="147,0,436,0,93,16,324,-16" /><INIT seed="5,0,0,1,3,109" ten="147,436,109,308" oya="1" hai0="0,132,3,100,97,120,20,35,99,67,59,76,93" hai1="134,125,36,87,82,77,15,44,96,126,128,124,104" hai2="50,7,74,34,84,42,61,11,127,73,25,31,60" hai3="117,29,65,66,17,101,88,9,27,118,37,58,80"/><U14/><E134/><V94/><F127/><W43/><G101/><T133/><D35/><U91/><E128/><V62/><F42/><W57/><G37/><T121/><D76/><U95/><E104/><V105/><F105/><W10/><G43/><AGARI ba="0,0" hai="14,15,36,43,44,77,82,87,91,95,96,124,125,126" machi="43" ten="40,2000,0" yaku="18,1" doraHai="109" who="1" fromWho="3" sc="147,0,436,20,109,0,308,-20" /><INIT seed="5,1,0,4,2,10" ten="147,456,109,288" oya="1" hai0="98,54,69,26,135,105,100,59,129,53,38,24,40" hai1="63,72,7,41,30,11,2,51,73,107,109,21,25" hai2="132,23,97,80,55,85,131,113,9,14,60,35,1" hai3="43,16,0,95,120,74,118,64,70,133,123,126,101"/><U112/><E112/><V57/><F35/><W119/><G74/><T127/><D129/><U36/><E107/><V104/><F131/><W34/><G34/><T56/><D69/><U134/><E134/><V66/><F132/><W58/><G70/><T110/><D110/><U42/><E36/><V48/><F1/><W71/><G71/><T32/><D127/><U79/><E63/><V116/><F116/><N who="3" m="44587" /><G133/><T68/><D68/><U75/><E109/><V47/><F113/><W4/><G43/><T17/><D40/><U20/><E51/><V50/><F23/><W65/><G126/><T87/><D38/><U90/><E79/><V89/><F50/><W28/><G28/><T19/><D87/><U115/><E115/><V33/><F33/><W39/><G39/><T45/><D45/><U106/><E106/><V124/><F124/><W99/><G16/><N who="0" m="6219" /><D32/><U93/><REACH who="1" step="1"/><E21/><REACH who="1" ten="147,446,109,288" step="2"/><V46/><F104/><W6/><G120/><T84/><D105/><U15/><E15/><V88/><F47/><W49/><G123/><T44/><D44/><U67/><E67/><V114/><F114/><W22/><G22/><T111/><D111/><U121/><E121/><V37/><F37/><W78/><G78/><T5/><D135/><U31/><E31/><V81/><F14/><W83/><G64/><T76/><D76/><U29/><E29/><V27/><F27/><W13/><G13/><T82/><D26/><U91/><E91/><V8/><F81/><W117/><G117/><T96/><D24/><U12/><E12/><V52/><F66/><W77/><G65/><T108/><D108/><RYUUKYOKU ba="1,1" sc="147,-15,446,15,109,15,288,-15" hai1="2,7,11,20,25,30,41,42,72,73,75,90,93" hai2="8,9,46,48,52,55,57,60,80,85,88,89,97" /><INIT seed="5,2,1,4,2,66" ten="132,461,124,273" oya="1" hai0="28,103,51,65,109,26,82,56,81,78,2,89,24" hai1="117,107,100,35,46,116,110,53,16,36,41,113,96" hai2="106,57,3,101,29,10,73,38,49,1,124,54,52" hai3="20,34,70,45,25,74,59,69,99,133,58,84,115"/><U79/><E113/><V31/><F38/><W42/><G74/><T97/><D109/><U80/><E110/><V21/><F73/><W0/><G34/><T119/><D119/><U6/><E35/><V30/><F124/><W15/><G0/><T7/><D7/><U39/><E39/><V9/><F21/><W88/><G99/><T71/><D2/><U62/><E6/><V134/><F134/><W127/><G15/><T121/><D26/><U4/><E4/><V13/><F10/><W87/><G87/><T95/><D71/><U102/><E102/><V114/><F114/><W94/><G115/><T135/><D135/><U128/><E128/><V18/><REACH who="2" step="1"/><F54/><REACH who="2" ten="132,461,114,273" step="2"/><W104/><G127/><T33/><D121/><U108/><E108/><V83/><F83/><W118/><G133/><T132/><D132/><U17/><E117/><V44/><F44/><W130/><G118/><T40/><D81/><U47/><E116/><V90/><F90/><W55/><G55/><T37/><D89/><U60/><E47/><V14/><F14/><W63/><G45/><T86/><D37/><U120/><E53/><V98/><AGARI ba="2,2" hai="1,3,9,13,18,29,30,31,49,52,57,98,101,106" machi="98" ten="30,4000,0" yaku="1,1,0,1,54,1,53,0" doraHai="66" doraHaiUra="61" who="2" fromWho="2" sc="132,-12,461,-22,114,66,273,-12" /><INIT seed="6,0,0,1,2,52" ten="120,439,180,261" oya="2" hai0="33,29,129,47,12,64,49,109,26,106,61,86,44" hai1="15,4,71,56,126,63,100,121,77,68,82,16,122" hai2="30,105,78,11,108,51,119,88,123,21,93,133,104" hai3="19,130,48,46,60,28,22,99,115,67,75,131,85"/><V42/><F123/><N who="1" m="47113" /><E4/><V18/><F119/><W91/><G75/><T14/><D129/><N who="3" m="49161" /><G115/><T3/><D109/><U128/><E100/><V79/><F133/><W87/><G28/><T65/><D3/><U97/><E97/><V17/><F108/><W23/><G99/><T72/><D72/><N who="1" m="43303" /><E128/><V40/><F105/><W37/><G37/><T62/><D106/><U96/><E96/><N who="2" m="57383" /><F104/><W53/><G19/><N who="2" m="7177" /><F11/><W34/><G34/><T2/><D2/><U103/><E103/><V76/><F51/><W39/><G39/><T120/><D86/><N who="3" m="32777" /><G91/><T25/><D120/><U41/><E71/><AGARI ba="0,0" hai="22,23,46,48,53,60,67,71" m="32777,49161" machi="71" ten="30,1000,0" yaku="19,1" doraHai="52" who="3" fromWho="1" sc="120,0,439,-10,180,0,261,10" /><INIT seed="7,0,0,1,3,123" ten="120,429,180,271" oya="3" hai0="119,6,7,11,69,118,86,89,133,54,97,132,25" hai1="56,100,80,135,81,37,78,71,13,41,104,91,58" hai2="113,31,83,98,47,108,95,117,5,40,94,85,8" hai3="93,52,26,96,112,36,46,28,76,115,23,92,70"/><W102/><G70/><T134/><D69/><U21/><E71/><V14/><F113/><N who="3" m="43595" /><G76/><T16/><D97/><U130/><E80/><V15/><F108/><W122/><G122/><T1/><D6/><U10/><E21/><V49/><F117/><W53/><G92/><T59/><D86/><U32/><E91/><N who="2" m="51647" /><F31/><W84/><G84/><T66/><D66/><U105/><E58/><V79/><F79/><W109/><G109/><T2/><D2/><U39/><E10/><N who="2" m="4431" /><F98/><W30/><G30/><T35/><D89/><U127/><E100/><V20/><F20/><W63/><G63/><T57/><D35/><U62/><E81/><V87/><F87/><W120/><G120/><T12/><D25/><U103/><E62/><V19/><AGARI ba="0,0" hai="8,15,19,40,47,49,94,95" m="4431,51647" machi="19" ten="30,1100,0" yaku="8,1" doraHai="123" who="2" fromWho="2" sc="120,-3,429,-3,180,11,271,-5" owari="117,-38.0,426,52.0,191,-21.0,266,7.0" /></mjloggm>