<mjloggm ver="2.3"><GO type="185" lobby="0"/><UN n0="%E5%A4%A7%E5%92%8C%E6%A1%9C" n1="%E3%82%8C%E3%81%99%E3%81%93" n2="%E3%82%8A%E3%82%85%E3%81%99%E3%81%8F" n3="" dan="18,16,17,0" rate="2334.53,2253.77,2217.58,1500.00" sx="F,F,M,C"/><TAIKYOKU oya="0"/><INIT seed="0,0,0,5,2,42" ten="350,350,350,0" oya="0" hai0="72,70,133,103,99,53,119,51,73,116,83,131,91" hai1="102,75,115,56,117,93,101,49,132,124,55,82,92" hai2="89,61,95,121,97,36,64,114,57,98,69,85,120" hai3=""/><T54/><D70/><U74/><E117/><V76/><N who="2" m="30752" /><V35/><N who="2" m="31008" /><V39/><F35/><T126/><D133/><U41/><E132/><V65/><F114/><T46/><D126/><U122/><N who="1" m="31264" /><U68/><E68/><V88/><F76/><T87/><D131/><U135/><E135/><V1/><F1/><T130/><D130/><U105/><E124/><V32/><F32/><T118/><REACH who="0" step="1"/><D54/><REACH who="0" ten="340,350,350,0" step="2"/><U63/><E55/><V109/><F109/><T80/><D80/><U106/><E82/><V48/><F65/><T90/><D90/><U112/><E115/><V33/><F33/><T59/><D59/><U34/><E112/><V134/><F134/><T2/><D2/><U77/><E56/><V94/><F69/><T100/><D100/><U60/><E34/><V0/><F0/><T62/><D62/><U129/><E129/><V52/><F89/><T78/><D78/><U37/><E77/><V125/><F125/><T79/><D79/><U38/><E101/><V113/><F113/><T50/><D50/><U127/><E102/><V108/><F108/><T58/><D58/><U107/><E127/><V128/><F128/><T47/><D47/><U111/><E111/><V96/><F52/><T67/><D67/><RYUUKYOKU ba="0,1" sc="340,20,350,-10,350,-10,0,0" hai0="46,51,53,72,73,83,87,91,99,103,116,118,119" /><INIT seed="0,1,1,3,0,110" ten="360,340,340,0" oya="0" hai0="54,49,65,93,69,35,99,42,100,81,102,103,101" hai1="128,2,44,116,109,61,127,72,46,132,126,74,112" hai2="48,88,89,51,125,78,85,70,82,133,32,92,108" hai3=""/><T122/><N who="0" m="31264" /><T67/><D35/><U71/><E61/><V134/><F32/><T38/><D69/><U114/><E71/><V98/><F108/><T76/><D42/><U130/><E109/><V68/><F125/><N who="1" m="47625" /><E2/><V47/><F51/><T66/><D38/><U59/><E59/><V86/><F133/><T37/><D37/><U104/><E104/><V84/><F134/><T41/><D41/><U94/><E94/><V117/><F117/><T135/><D135/><U129/><E116/><V91/><F70/><T113/><D113/><N who="1" m="43627" /><E132/><V34/><F68/><T118/><D118/><U80/><E80/><V75/><F34/><T45/><REACH who="0" step="1"/><D67/><REACH who="0" ten="350,340,340,0" step="2"/><U57/><E57/><V87/><N who="2" m="21504" /><DORA hai="115" /><V96/><REACH who="2" step="1"/><F92/><REACH who="2" ten="350,340,330,0" step="2"/><T60/><D60/><U33/><E33/><V77/><F77/><T111/><D111/><U39/><E39/><V120/><N who="2" m="30752" /><V40/><AGARI ba="1,3" hai="40,47,48,75,78,82,88,89,91,96,98" m="30752,21504" machi="40" ten="50,9000,2" yaku="1,1,4,1,0,1,52,1,54,1,53,1" doraHai="110,115" doraHaiUra="119,63" who="2" fromWho="2" sc="350,-61,340,-31,330,122,0,0" /><INIT seed="1,0,0,2,1,90" ten="289,309,452,0" oya="1" hai0="114,76,62,60,40,72,41,45,61,123,58,98,67" hai1="38,69,112,55,119,80,130,132,92,102,52,68,43" hai2="47,96,115,100,37,75,70,34,101,110,117,84,129" hai3=""/><U94/><E112/><V127/><RYUUKYOKU type="yao9" ba="0,0" sc="289,0,309,0,452,0,0,0" hai2="34,37,47,70,75,84,96,100,101,110,115,117,127,129" /><INIT seed="1,1,0,1,5,0" ten="289,309,452,0" oya="1" hai0="41,114,33,117,110,58,74,96,132,81,63,75,83" hai1="45,72,120,87,53,89,35,128,125,39,70,129,92" hai2="104,135,123,71,48,73,99,52,95,44,94,40,55" hai3=""/><U131/><N who="1" m="30752" /><U65/><E125/><V3/><N who="2" m="31520" /><V107/><F3/><T109/><D114/><U2/><E2/><V56/><F135/><T102/><D41/><U82/><E35/><V69/><F73/><T42/><D42/><U60/><E39/><V49/><F95/><T80/><D132/><U88/><E72/><V98/><F40/><T116/><D33/><U93/><E89/><V127/><F127/><T126/><D126/><U108/><E108/><N who="0" m="41577" /><D75/><U76/><E76/><V119/><F119/><T47/><D47/><U101/><E101/><V61/><F61/><T134/><D134/><U77/><E77/><V38/><F38/><T57/><D74/><U133/><E133/><V85/><F107/><T115/><D115/><U67/><E67/><V112/><F112/><T100/><D100/><U43/><E43/><V118/><F118/><N who="0" m="45674" /><D63/><U54/><E45/><V46/><F46/><T37/><D37/><U113/><E113/><V78/><F44/><T103/><D103/><U68/><E68/><V66/><F69/><T64/><D64/><U106/><E106/><AGARI ba="1,0" hai="57,58,80,81,83,96,102,106" m="45674,41577" machi="106" ten="40,2600,0" yaku="14,1,12,1" doraHai="0" who="0" fromWho="1" sc="289,28,309,-28,452,0,0,0" /><INIT seed="2,0,0,5,3,49" ten="317,281,452,0" oya="2" hai0="82,43,112,71,72,73,52,129,105,90,66,74,78" hai1="134,133,2,76,130,61,50,92,42,125,132,55,81" hai2="114,131,0,109,106,85,101,110,39,62,100,70,111" hai3=""/><V44/><F0/><T41/><D129/><U124/><E2/><V83/><F114/><T36/><D105/><U121/><N who="1" m="31008" /><U102/><E61/><V120/><N who="2" m="30752" /><V79/><F131/><T98/><D112/><U99/><E42/><V56/><F70/><T84/><D36/><U126/><E130/><V118/><F118/><T58/><D66/><U75/><E50/><V119/><F119/><T33/><D33/><U93/><E55/><V108/><N who="2" m="27648" /><DORA hai="53" /><V117/><F117/><T91/><D71/><U116/><E116/><V47/><F106/><AGARI ba="0,0" hai="75,76,81,92,93,99,102,106,124,125,126,132,133,134" m="31008" machi="106" ten="50,12000,2" yaku="18,1,20,1,34,3,52,1" doraHai="49,53" who="1" fromWho="2" sc="317,0,281,120,452,-120,0,0" /><INIT seed="4,0,0,1,5,131" ten="317,401,332,0" oya="0" hai0="77,112,79,84,47,113,44,133,107,128,87,35,70" hai1="53,59,33,118,129,2,108,104,52,102,68,78,114" hai2="111,72,126,94,34,116,45,103,106,46,51,3,121" hai3=""/><T61/><D35/><U130/><E108/><V55/><N who="2" m="31008" /><V127/><F3/><T125/><D107/><U37/><E2/><V101/><F34/><T69/><D128/><U57/><E33/><V38/><F116/><T0/><D0/><U40/><E68/><V48/><F72/><T132/><REACH who="0" step="1"/><D61/><REACH who="0" ten="307,401,332,0" step="2"/><U71/><E129/><V110/><F111/><T60/><D60/><U32/><E130/><V58/><F110/><T54/><D54/><U123/><N who="1" m="31520" /><U39/><E53/><V97/><F106/><T76/><D76/><U119/><E52/><V36/><F55/><T98/><D98/><U42/><E32/><V41/><F97/><T96/><D96/><U74/><E104/><V115/><F127/><AGARI ba="0,1" hai="44,47,69,70,77,79,84,87,112,113,125,127,132,133" machi="127" ten="25,18000,2" yaku="1,1,22,2,52,2,53,2" doraHai="131" doraHaiUra="75" who="0" fromWho="2" sc="307,190,401,0,332,-180,0,0" /><INIT seed="4,1,0,2,5,130" ten="497,401,152,0" oya="0" hai0="47,84,73,62,45,81,107,110,127,132,117,71,91" hai1="3,51,105,39,131,35,114,99,38,37,112,70,100" hai2="82,123,67,48,63,89,125,2,78,113,68,109,32" hai3=""/><T88/><D117/><U108/><E108/><V50/><N who="2" m="31520" /><V96/><F32/><T93/><D110/><U124/><E35/><V58/><F2/><T104/><D127/><U42/><E3/><V72/><F109/><T61/><D73/><U133/><E131/><V34/><F34/><T54/><D132/><U80/><E124/><V106/><F125/><T116/><D116/><U135/><E70/><V98/><F113/><N who="1" m="43625" /><E80/><V40/><F68/><T134/><D134/><N who="1" m="51211" /><E51/><V56/><F48/><T43/><D71/><U94/><E94/><V69/><F69/><T115/><D115/><U97/><E99/><V122/><F98/><T121/><D93/><U102/><E102/><V57/><F50/><T60/><D81/><U95/><E95/><V1/><F1/><T53/><N who="0" m="31008" /><T120/><N who="0" m="30752" /><T46/><D61/><U90/><E90/><V36/><F63/><T64/><D91/><U59/><E59/><V129/><F57/><T76/><D88/><U92/><E92/><V55/><F89/><T65/><D60/><U79/><E79/><V119/><F78/><T49/><D62/><U74/><E74/><V52/><F72/><T85/><D76/><U86/><E86/><N who="0" m="33385" /><D49/><U33/><E33/><V77/><F122/><RYUUKYOKU ba="1,0" sc="497,-10,401,20,152,-10,0,0" hai1="37,38,39,42,97,100,105" /><INIT seed="5,2,0,0,2,66" ten="487,421,142,0" oya="1" hai0="84,60,96,1,69,64,78,47,39,135,48,57,113" hai1="80,59,108,105,79,43,114,126,99,49,111,77,44" hai2="88,101,107,103,86,95,104,122,58,3,129,89,35" hai3=""/><U52/><E114/><V102/><N who="2" m="31264" /><V97/><F35/><T116/><D1/><U62/><E126/><V71/><F3/><T37/><D113/><U128/><E128/><V53/><F71/><T123/><N who="0" m="31520" /><T115/><D115/><U46/><E105/><V76/><F76/><T85/><D135/><U55/><E99/><V100/><N who="2" m="25600" /><DORA hai="45" /><V38/><F38/><T98/><D116/><U2/><E2/><V109/><F109/><N who="1" m="42057" /><E80/><V117/><F117/><T0/><D0/><U87/><E87/><V121/><N who="2" m="31008" /><V125/><F125/><T70/><D84/><U131/><E131/><V51/><REACH who="2" step="1"/><F129/><REACH who="2" ten="487,421,132,0" step="2"/><T134/><D78/><U133/><E133/><V36/><F36/><AGARI ba="2,1" hai="36,43,44,46,49,52,55,59,62,77,79" m="42057" machi="36" ten="30,5800,0" yaku="10,1,52,1,54,1" doraHai="66,45" who="1" fromWho="2" sc="487,0,421,72,132,-62,0,0" /><INIT seed="5,3,0,1,2,110" ten="487,493,70,0" oya="1" hai0="38,81,72,76,34,94,123,32,46,107,132,83,78" hai1="80,128,90,103,56,73,121,116,87,70,118,47,63" hai2="69,133,96,61,113,74,43,2,109,104,105,75,129" hai3=""/><U48/><N who="1" m="31008" /><U120/><N who="1" m="30752" /><U54/><E128/><V55/><F2/><T84/><N who="0" m="31520" /><T130/><D130/><U49/><E70/><V41/><F133/><T0/><D0/><U52/><E73/><V50/><F109/><T58/><D107/><U102/><REACH who="1" step="1"/><E63/><REACH who="1" ten="487,483,70,0" step="2"/><V93/><F75/><T134/><D134/><U71/><E71/><V100/><F74/><T92/><D132/><U98/><E98/><V35/><F129/><T77/><D72/><U45/><E45/><V3/><F61/><T59/><D32/><U95/><E95/><V36/><F69/><T40/><D34/><U126/><E126/><V85/><F93/><T112/><D94/><U108/><E108/><V53/><F35/><T101/><D92/><U97/><E97/><V124/><F124/><T64/><D46/><U66/><E66/><V37/><F105/><T117/><D64/><U1/><E1/><V127/><F104/><T88/><D58/><U39/><E39/><V135/><F37/><T44/><D59/><U99/><E99/><V106/><F36/><T115/><D44/><U67/><E67/><V51/><F106/><T68/><D38/><U33/><E33/><V119/><F127/><T86/><D68/><U89/><E89/><RYUUKYOKU ba="3,1" sc="487,-10,483,20,70,-10,0,0" hai1="47,48,49,52,54,56,80,87,90,102,103,116,118" /><INIT seed="5,4,1,4,4,69" ten="477,503,60,0" oya="1" hai0="64,82,98,123,36,105,35,94,38,119,55,108,58" hai1="78,109,45,70,93,121,103,87,116,52,77,120,129" hai2="118,2,66,132,96,41,112,54,47,117,89,90,46" hai3=""/><U115/><N who="1" m="30752" /><U107/><N who="1" m="31008" /><U65/><E116/><V68/><F2/><T40/><N who="0" m="31520" /><T59/><D108/><U114/><E109/><V135/><F112/><N who="1" m="43049" /><E129/><V111/><F111/><T72/><D105/><U62/><E107/><V81/><F66/><T48/><D35/><U113/><N who="1" m="43057" /><U50/><DORA hai="56" /><E87/><V1/><F68/><T67/><D119/><U130/><E130/><V43/><F1/><T3/><D3/><U110/><E110/><V51/><F96/><AGARI ba="4,1" hai="45,50,52,62,65,70,77,78,93,96,103" m="43057,31008,30752" machi="96" ten="40,12000,1" yaku="15,1,52,3,54,1" doraHai="69,56" who="1" fromWho="2" sc="477,0,503,138,60,-128,0,0" owari="477,8.0,641,59.0,-68,-67.0,0,0.0" /></mjloggm>