<mjloggm ver="2.3"><GO type="169" lobby="0"/><UN n0="%62%6F%79%61%74%65%74%75" n1="%3E%5F%30%40%E6%9D%8F%E6%9D%8F%E8%BB%8D%E5%9C%98" n2="%E3%82%B9%E3%82%BA%E3%83%A4" n3="%46%75%77%61" dan="16,16,16,16" rate="2169.20,2157.28,2083.80,2049.28" sx="M,F,M,M"/><TAIKYOKU oya="0"/><INIT seed="0,0,0,5,4,18" ten="250,250,250,250" oya="0" hai0="62,100,54,72,111,119,59,19,78,53,84,67,107" hai1="105,94,133,123,63,118,125,58,132,38,64,82,85" hai2="52,134,89,29,106,27,35,75,96,0,6,69,128" hai3="71,47,43,101,45,24,8,95,76,77,32,15,112"/><T88/><D119/><U42/><E118/><V10/><F128/><W49/><G71/><T81/><D111/><U110/><E105/><V126/><F134/><N who="1" m="51817" /><E110/><V34/><F126/><W115/><G112/><T92/><REACH who="0" step="1"/><D19/><REACH who="0" ten="240,250,250,250" step="2"/><U28/><E125/><V127/><F127/><W48/><G115/><T37/><D37/><U121/><E28/><V117/><F29/><W9/><G32/><T73/><D73/><U40/><E38/><V68/><F35/><W80/><G76/><T99/><AGARI ba="0,1" hai="53,54,59,62,67,72,78,81,84,88,92,99,100,107" machi="99" ten="30,12000,1" yaku="1,1,0,1,24,2,54,1,53,0" doraHai="18" doraHaiUra="3" who="0" fromWho="0" sc="240,130,250,-40,250,-40,250,-40" /><INIT seed="0,1,0,1,3,11" ten="370,210,210,210" oya="0" hai0="33,100,18,127,23,59,124,133,85,126,70,135,87" hai1="40,24,62,45,99,41,21,117,74,68,51,49,36" hai2="39,46,44,93,52,122,72,123,20,82,16,60,1" hai3="110,111,15,43,10,98,90,35,86,129,8,22,95"/><T101/><D70/><U97/><E117/><V108/><F108/><N who="3" m="41515" /><G35/><T94/><D33/><U77/><E74/><V30/><F1/><W114/><G114/><T2/><D2/><U58/><E77/><V112/><F112/><W3/><G43/><T31/><D31/><U79/><E79/><V76/><F30/><W105/><G129/><T103/><D59/><U125/><E125/><V131/><F131/><W53/><G53/><T73/><D73/><U47/><E68/><V38/><F93/><W6/><G22/><T19/><D19/><U134/><E36/><V42/><F38/><W12/><G10/><T57/><D57/><U0/><E134/><N who="0" m="51209" /><D94/><U81/><E81/><V4/><F4/><W104/><G98/><T64/><D64/><U13/><E0/><V32/><F32/><W109/><N who="3" m="41523" /><W96/><DORA hai="55" /><G96/><T7/><D7/><U121/><E121/><V56/><REACH who="2" step="1"/><F46/><REACH who="2" ten="370,210,200,210" step="2"/><W25/><G25/><AGARI ba="1,1" hai="18,23,25,85,87,100,101,103,124,126,127" m="51209" machi="25" ten="40,3900,0" yaku="18,1,20,1" doraHai="11,55" who="0" fromWho="3" sc="370,52,210,0,200,0,210,-42" /><AGARI ba="1,0" hai="16,20,25,39,42,44,52,56,60,72,76,82,122,123" machi="25" ten="30,12000,2" yaku="1,1,2,1,7,1,52,1,54,2,53,1" doraHai="11,55" doraHaiUra="54,113" who="2" fromWho="3" sc="422,0,210,0,200,120,168,-120" /><INIT seed="0,2,0,0,2,98" ten="422,210,320,48" oya="0" hai0="2,51,119,124,69,91,63,3,74,102,56,8,104" hai1="28,36,117,68,48,0,19,57,5,121,18,60,133" hai2="118,38,39,24,71,62,12,95,16,123,4,21,10" hai3="55,81,77,65,40,53,116,135,101,94,33,110,50"/><T76/><D119/><U120/><E117/><V128/><F118/><W9/><G116/><RYUUKYOKU type="kaze4" ba="2,0" sc="422,0,210,0,320,0,48,0" /><INIT seed="0,3,0,1,5,81" ten="422,210,320,48" oya="0" hai0="130,9,104,90,73,12,13,92,8,123,68,46,42" hai1="3,47,102,114,6,51,50,80,7,39,35,57,98" hai2="55,100,29,77,103,112,107,111,53,66,91,93,65" hai3="24,2,75,18,128,117,118,135,62,38,106,95,31"/><T69/><D123/><U5/><E35/><V60/><F112/><W115/><G62/><T37/><D104/><U41/><E114/><V99/><F111/><W97/><G18/><T105/><D105/><U4/><E3/><V61/><F77/><W129/><G24/><T116/><D73/><U14/><E14/><V125/><F125/><W110/><G31/><T48/><D130/><U88/><N who="1" m="1024" /><DORA hai="67" /><U43/><E57/><V19/><F29/><W70/><G95/><T23/><D23/><U124/><E124/><V131/><F131/><W72/><G97/><T133/><D133/><U36/><E102/><V56/><F19/><W96/><G96/><T108/><D116/><U45/><E98/><V134/><F134/><W79/><G79/><T83/><D83/><U10/><E10/><V122/><F122/><W63/><G63/><T121/><D37/><U85/><AGARI ba="3,0" hai="36,39,41,43,45,47,50,51,80,85,88" m="1024" machi="85" ten="40,8000,1" yaku="0,1,9,1,52,1,54,1" doraHai="81,67" who="1" fromWho="1" sc="422,-43,210,89,320,-23,48,-23" /><INIT seed="1,0,0,0,1,59" ten="379,299,297,25" oya="1" hai0="91,8,14,25,42,108,93,28,56,57,88,134,36" hai1="0,16,31,12,15,87,75,101,61,129,76,78,32" hai2="7,69,50,18,22,104,117,99,37,48,83,71,19" hai3="55,73,66,94,3,24,128,130,89,47,100,131,38"/><U124/><E124/><V1/><F37/><W43/><G73/><T64/><D108/><U29/><E129/><V105/><F117/><W96/><G3/><T72/><D72/><U60/><E75/><V113/><F113/><W127/><G127/><T125/><D134/><U80/><E0/><V85/><F1/><W13/><G13/><T6/><D125/><U119/><E32/><V106/><F99/><W107/><G24/><T20/><D91/><N who="1" m="51687" /><E15/><V123/><F7/><W97/><G55/><T17/><D36/><U118/><E101/><V126/><F123/><W33/><REACH who="3" step="1"/><G33/><REACH who="3" ten="379,299,297,15" step="2"/><T133/><D42/><U49/><E118/><V5/><F126/><W121/><G121/><T77/><D25/><U74/><E74/><V4/><F4/><W120/><G120/><T132/><D6/><U54/><E119/><V63/><F5/><W44/><G44/><T11/><D14/><U116/><E116/><V30/><F105/><W111/><G111/><T27/><D27/><U58/><E31/><V112/><F30/><W98/><G98/><T51/><D28/><U70/><E29/><V84/><F112/><W110/><G110/><T67/><D133/><U86/><E70/><V81/><REACH who="2" step="1"/><F22/><REACH who="2" ten="379,299,287,15" step="2"/><W115/><G115/><T45/><D20/><N who="1" m="11271" /><E86/><V34/><F34/><W62/><G62/><AGARI ba="0,2" hai="49,54,58,60,61,62,76,78" m="11271,51687" machi="62" ten="30,12000,1" yaku="8,1,52,3,54,1" doraHai="59" who="1" fromWho="3" sc="379,0,299,140,287,0,15,-120" /><AGARI ba="0,0" hai="18,19,48,50,62,63,69,71,81,83,84,85,104,106" machi="62" ten="25,8000,1" yaku="1,1,22,2,52,2,53,0" doraHai="59" doraHaiUra="109" who="2" fromWho="3" sc="379,0,439,0,287,80,-105,-80" owari="379,18.0,439,54.0,367,-3.0,-185,-69.0" /></mjloggm>