<mjloggm ver="2.3"><GO type="169" lobby="0"/><UN n0="%E3%82%B1%E3%83%A2%E8%80%B3%E3%82%B4%E3%82%AD%E3%83%96%E3%83%AA" n1="%E9%9B%B7%E8%94%B5" n2="%E6%97%A9%E7%A8%B2%E7%94%B0%E5%A4%A7%E5%AD%A6%34%E5%B9%B4" n3="%30%47%54" dan="16,16,17,16" rate="2095.12,2063.66,2213.38,2063.46" sx="M,M,F,F"/><TAIKYOKU oya="0"/><INIT seed="0,0,0,2,1,97" ten="250,250,250,250" oya="0" hai0="99,69,11,56,95,79,85,13,26,33,123,5,116" hai1="82,102,44,42,107,32,125,24,65,135,75,35,114" hai2="70,21,48,34,15,109,93,8,45,86,18,58,20" hai3="80,16,29,61,105,23,118,119,112,88,115,106,52"/><T133/><D69/><U62/><E135/><V30/><F34/><W27/><G106/><T0/><D116/><U76/><E125/><V55/><F70/><W89/><G105/><T39/><D133/><U10/><E114/><V25/><F109/><W47/><G118/><T12/><D123/><U103/><E107/><V101/><F8/><W57/><G119/><T131/><D39/><U108/><E10/><V121/><F121/><W36/><G89/><T54/><D131/><U104/><E104/><V111/><F111/><W90/><G90/><T120/><D120/><U49/><E108/><V53/><F86/><W31/><G36/><T122/><D122/><U66/><E66/><V22/><F22/><W128/><G128/><T17/><D85/><U63/><E63/><V74/><F74/><W117/><G117/><T38/><D79/><U77/><E77/><V43/><REACH who="2" step="1"/><F58/><REACH who="2" ten="250,250,240,250" step="2"/><W1/><G1/><T71/><D71/><U132/><E132/><V100/><F100/><W110/><G110/><T41/><D33/><U40/><E32/><V127/><F127/><W72/><G72/><T83/><D0/><U9/><E9/><V92/><F92/><W98/><G80/><T68/><D68/><U2/><E2/><V60/><F60/><W50/><G112/><T67/><D83/><U130/><E130/><V14/><F14/><W91/><G115/><T134/><D13/><U126/><E126/><V87/><F87/><W19/><G23/><T94/><D94/><U96/><E96/><AGARI ba="0,1" hai="15,18,20,21,25,30,43,45,48,53,55,93,96,101" machi="96" ten="40,8000,1" yaku="1,1,8,1,52,1,53,1" doraHai="97" doraHaiUra="37" who="2" fromWho="1" sc="250,0,250,-80,240,90,250,0" /><INIT seed="1,0,0,2,1,62" ten="250,170,330,250" oya="1" hai0="87,101,126,17,26,43,56,16,111,22,49,64,118" hai1="130,42,20,115,125,59,119,28,117,121,15,12,80" hai2="38,47,93,73,27,46,19,81,113,106,123,13,99" hai3="34,95,37,100,132,5,96,10,31,71,131,53,8"/><U110/><E42/><V134/><F106/><W33/><G37/><T108/><D118/><N who="1" m="45067" /><E59/><V61/><F123/><W120/><G120/><T76/><D126/><U54/><E54/><V107/><F107/><W97/><G71/><T116/><D116/><U48/><E48/><V78/><F134/><W122/><G132/><T77/><D101/><U18/><E80/><V109/><F109/><N who="0" m="42058" /><D17/><N who="1" m="10279" /><E110/><V51/><F27/><W40/><G95/><T91/><D43/><U3/><E121/><V67/><F113/><W36/><G53/><N who="0" m="31791" /><D64/><U68/><E68/><V24/><F38/><W75/><G40/><T104/><D104/><U29/><E115/><V0/><F51/><W58/><G36/><T55/><D55/><U112/><E112/><V66/><F66/><W90/><G58/><T129/><D129/><U52/><E52/><V60/><F60/><W63/><G131/><T41/><D41/><U127/><E130/><V44/><F67/><W102/><G90/><T105/><D105/><U57/><E57/><V74/><F61/><W128/><G128/><T82/><AGARI ba="0,0" hai="16,22,26,76,77,82,87,91" m="31791,42058" machi="82" ten="30,2000,0" yaku="14,1,54,1" doraHai="62" who="0" fromWho="0" sc="250,20,170,-10,330,-5,250,-5" /><INIT seed="2,0,0,2,2,107" ten="270,160,325,245" oya="2" hai0="87,28,109,100,79,36,22,19,71,50,131,51,72" hai1="40,46,67,81,115,70,110,122,55,20,117,10,78" hai2="7,125,121,74,108,8,26,21,31,88,77,119,96" hai3="56,33,92,9,6,80,113,53,112,126,32,114,103"/><V73/><F119/><W75/><G103/><T129/><D36/><U1/><E117/><V133/><F121/><W13/><G92/><T90/><D71/><U116/><E115/><V66/><F108/><W83/><G126/><T97/><D28/><U37/><E110/><V85/><F96/><W58/><G58/><T54/><D109/><U128/><E128/><N who="0" m="49225" /><D54/><U49/><E122/><V82/><F125/><W69/><G69/><T134/><D134/><U35/><E35/><N who="3" m="13386" /><G75/><T14/><D72/><U23/><E116/><V101/><F133/><W106/><G106/><N who="0" m="63759" /><D79/><U57/><E10/><V27/><F101/><W5/><G5/><T120/><D120/><U12/><E12/><V124/><F124/><W44/><G44/><T0/><D0/><U102/><E1/><V25/><F66/><W61/><AGARI ba="0,0" hai="6,9,13,53,56,61,80,83,112,113,114" m="13386" machi="61" ten="40,1500,0" yaku="11,1" doraHai="107" who="3" fromWho="3" sc="270,-4,160,-4,325,-7,245,15" /><INIT seed="3,0,0,0,0,18" ten="266,156,318,260" oya="3" hai0="32,84,57,65,16,28,51,110,74,122,119,50,118" hai1="26,60,36,53,125,35,75,88,46,70,10,73,27" hai2="17,127,91,95,121,1,97,81,5,47,123,58,103" hai3="49,76,3,15,40,14,63,71,96,105,85,55,89"/><W29/><G3/><T0/><D74/><U111/><E111/><V116/><F116/><W62/><G76/><T9/><D122/><N who="2" m="46602" /><F127/><W77/><G77/><T30/><D110/><U78/><E125/><V7/><F47/><W133/><G133/><T112/><D112/><U117/><E10/><N who="2" m="2351" /><F7/><W67/><G62/><T107/><D0/><U64/><E78/><V22/><F58/><W48/><G29/><T69/><D57/><U31/><E26/><N who="2" m="14671" /><F81/><W44/><G105/><T80/><D80/><U12/><E12/><V21/><F21/><W90/><G15/><T42/><D107/><U33/><E33/><V102/><AGARI ba="0,0" hai="91,95,97,102,103" m="14671,2351,46602" machi="102" ten="30,2000,0" yaku="13,1,52,1" doraHai="18" who="2" fromWho="2" sc="266,-5,156,-5,318,20,260,-10" /><INIT seed="4,0,0,1,1,127" ten="261,151,338,250" oya="0" hai0="99,74,90,14,83,106,31,1,73,48,96,38,125" hai1="93,69,49,61,33,40,36,120,77,76,12,71,34" hai2="18,109,119,25,43,118,3,122,89,86,129,9,110" hai3="17,5,111,102,65,101,123,100,87,11,8,126,57"/><T7/><D38/><U75/><E120/><V132/><F122/><W23/><G111/><T80/><D1/><U112/><E36/><V117/><F132/><W28/><G126/><T19/><D31/><U56/><E93/><V46/><F129/><W133/><G133/><T114/><D7/><U70/><E75/><N who="0" m="28681" /><D48/><U4/><E112/><V30/><F18/><W82/><G123/><T121/><D19/><U58/><E40/><V63/><F63/><W94/><G28/><T128/><D14/><U81/><E81/><N who="0" m="31305" /><D121/><U29/><E49/><N who="2" m="26847" /><F9/><W113/><G113/><T21/><D21/><U26/><E33/><N who="2" m="20687" /><F3/><W50/><G5/><T78/><D114/><U47/><E47/><V35/><F35/><W68/><G68/><T62/><D62/><U39/><E39/><V52/><F52/><W135/><G135/><T91/><D125/><U55/><E4/><V97/><F97/><N who="0" m="37450" /><D128/><U45/><E12/><V103/><F103/><W124/><G100/><T53/><D53/><U98/><E45/><V72/><F72/><W104/><G101/><T64/><D64/><U22/><E34/><V130/><F130/><W108/><G102/><T85/><D106/><U66/><E66/><V0/><F0/><W88/><G104/><T60/><D60/><U105/><E56/><V16/><F16/><W84/><G124/><T59/><D59/><U44/><E44/><V24/><F24/><W15/><G65/><T54/><D54/><U134/><E134/><V92/><AGARI ba="0,0" hai="86,89,92,109,110,117,118,119" m="20687,26847" machi="92" ten="30,1100,0" yaku="12,1" doraHai="127" who="2" fromWho="2" sc="261,-5,151,-3,338,11,250,-3" /><INIT seed="5,0,0,3,0,71" ten="256,148,349,247" oya="1" hai0="9,14,120,22,0,49,25,30,75,10,64,69,113" hai1="6,94,86,112,3,7,119,78,33,11,126,28,51" hai2="66,130,87,100,121,16,45,85,109,44,13,46,105" hai3="74,95,1,61,81,35,102,129,5,108,122,98,60"/><U96/><E112/><V40/><F109/><W70/><G108/><T34/><D75/><U91/><E126/><V116/><F116/><W134/><G122/><T20/><D64/><U93/><E119/><V41/><F121/><W73/><G61/><T23/><D69/><U125/><E125/><V80/><F130/><W118/><G118/><T131/><D49/><U56/><E6/><V2/><F2/><W42/><G129/><T65/><D65/><U50/><E33/><V31/><F31/><W26/><G134/><T57/><D57/><U39/><E28/><V53/><F66/><W127/><G95/><T19/><D120/><U99/><E39/><V79/><F105/><W133/><G133/><T62/><D62/><U63/><E78/><V101/><F87/><W48/><G81/><T72/><D72/><U88/><REACH who="1" step="1"/><E86/><REACH who="1" ten="256,138,349,247" step="2"/><V43/><REACH who="2" step="1"/><F53/><AGARI ba="0,1" hai="3,7,11,50,51,53,56,63,88,91,93,94,96,99" machi="53" ten="30,18000,2" yaku="1,1,2,1,7,1,9,1,54,1,53,2" doraHai="71" doraHaiUra="47" who="1" fromWho="2" sc="256,0,138,190,349,-180,247,0" /><INIT seed="5,1,0,2,1,15" ten="256,328,169,247" oya="1" hai0="78,64,88,99,68,62,8,91,103,50,84,77,16" hai1="69,9,72,5,65,23,44,108,114,82,53,43,34" hai2="6,46,13,104,132,98,19,1,126,94,49,54,124" hai3="11,119,66,51,42,40,109,133,127,7,24,61,118"/><U105/><E34/><V45/><F104/><W14/><G109/><T95/><D50/><U27/><E105/><V60/><F132/><W115/><G133/><T39/><D39/><U129/><E114/><V35/><F35/><W87/><G115/><T37/><D37/><U102/><E102/><V81/><F60/><W48/><G127/><N who="2" m="48681" /><F81/><W93/><G24/><T120/><D120/><U135/><E53/><V31/><F31/><W92/><G48/><T74/><D74/><U56/><E69/><V21/><F21/><W22/><G51/><T10/><D10/><U12/><E135/><V47/><F47/><W75/><BYE who="2" /><G75/><T70/><D70/><U20/><E129/><V0/><F0/><W130/><G130/><T101/><D101/><U30/><E108/><V100/><F100/><W121/><G87/><T71/><D71/><U33/><E44/><V113/><F113/><W73/><G73/><T86/><D86/><U80/><E43/><N who="3" m="16426" /><G22/><T36/><D36/><U59/><E33/><V2/><F2/><W3/><G3/><T38/><D38/><U128/><E128/><V122/><F122/><W111/><G111/><T89/><REACH who="0" step="1"/><D84/><REACH who="0" ten="246,328,169,247" step="2"/><U4/><E72/><V83/><F83/><W29/><G121/><T28/><D28/><U67/><E30/><UN n2="%E6%97%A9%E7%A8%B2%E7%94%B0%E5%A4%A7%E5%AD%A6%34%E5%B9%B4" /><V32/><F49/><W18/><G29/><T58/><D58/><U116/><E9/><N who="2" m="2255" /><F46/><W117/><G7/><T25/><D25/><U17/><E27/><V52/><F32/><W57/><AGARI ba="1,1" hai="11,14,18,57,61,66,92,93,117,118,119" m="16426" machi="57" ten="40,2700,0" yaku="12,1,52,1" doraHai="15" who="3" fromWho="3" sc="246,-8,328,-14,169,-8,247,40" /><INIT seed="6,0,0,4,4,118" ten="238,314,161,287" oya="2" hai0="44,40,96,37,131,30,29,78,25,54,89,48,117" hai1="28,76,52,15,42,133,62,58,121,88,79,99,61" hai2="108,65,20,120,38,16,85,126,67,5,100,1,4" hai3="98,94,86,2,66,13,43,0,132,122,113,7,130"/><V34/><F38/><W23/><G43/><T8/><D117/><U107/><E107/><V11/><F34/><W104/><G104/><T46/><D131/><U82/><E133/><V101/><F5/><W59/><G132/><T36/><D78/><N who="1" m="29739" /><E121/><V14/><F120/><W49/><G86/><T129/><D129/><U32/><E32/><V74/><F74/><W115/><G130/><T64/><D64/><U27/><E42/><V80/><F108/><W55/><G66/><T26/><D8/><U93/><E15/><V106/><F126/><W127/><G127/><T6/><D6/><U116/><E116/><V83/><F83/><W125/><G125/><T57/><D96/><U71/><E71/><V24/><F1/><W92/><G92/><T135/><D135/><U95/><E82/><V50/><F50/><W119/><G122/><T110/><D89/><N who="1" m="55727" /><E27/><V56/><F106/><W114/><G119/><T18/><D18/><U31/><E61/><N who="2" m="38055" /><F67/><W3/><G7/><T9/><D9/><U17/><E17/><V73/><F73/><W69/><G69/><T33/><D110/><U41/><E41/><V77/><AGARI ba="0,0" hai="4,11,14,16,20,24,77,80,85,100,101" m="38055" machi="77" ten="30,3000,0" yaku="8,1,54,1" doraHai="118" who="2" fromWho="2" sc="238,-10,314,-10,161,30,287,-10" /><INIT seed="6,1,0,1,2,88" ten="228,304,191,277" oya="2" hai0="83,123,128,105,52,80,5,19,101,28,131,87,126" hai1="16,111,69,77,65,60,6,107,29,115,89,109,117" hai2="21,72,102,110,86,41,132,95,10,104,114,96,64" hai3="9,55,2,42,76,20,7,63,124,36,47,22,113"/><V38/><F72/><W32/><G124/><T134/><D28/><U15/><E117/><V67/><F114/><W50/><G32/><T39/><D39/><U26/><E107/><V56/><F132/><W59/><G113/><T108/><D108/><U0/><E115/><V25/><F110/><W70/><G76/><T11/><D123/><U82/><E89/><V133/><F133/><W27/><G27/><T118/><D134/><U112/><E112/><V71/><F71/><W24/><G24/><T17/><D126/><U14/><E14/><V122/><F122/><W62/><G62/><T84/><D101/><U18/><E6/><V61/><F67/><AGARI ba="1,0" hai="2,7,9,20,22,36,42,47,50,55,59,63,67,70" machi="67" ten="40,2600,0" yaku="24,2" doraHai="88" who="3" fromWho="2" sc="228,0,304,0,191,-29,277,29" /><INIT seed="7,0,0,5,0,102" ten="228,304,162,306" oya="3" hai0="80,74,86,14,11,114,112,123,125,98,20,7,79" hai1="26,49,91,36,104,40,119,0,111,44,59,73,94" hai2="128,89,129,10,17,60,29,45,126,30,82,122,13" hai3="118,69,51,121,116,1,42,65,101,85,38,32,53"/><W22/><G32/><T83/><D123/><U105/><E111/><V56/><F126/><W113/><G1/><T5/><D125/><U115/><E0/><V132/><F132/><W27/><G121/><T57/><D98/><U12/><E73/><V64/><F122/><W92/><G113/><T96/><D96/><U97/><E119/><V88/><F45/><W107/><G107/><T131/><D131/><U124/><E115/><N who="0" m="44073" /><D20/><U4/><E124/><V77/><F128/><W67/><G101/><T15/><D57/><U52/><REACH who="1" step="1"/><E26/><REACH who="1" ten="228,294,162,306" step="2"/><V19/><F129/><W48/><G27/><T63/><D15/><U41/><E41/><V133/><F133/><W117/><G42/><T71/><D71/><U2/><E2/><V120/><F120/><W93/><G69/><T8/><D63/><U70/><E70/><V76/><F19/><W34/><G117/><T68/><D68/><U31/><E31/><V75/><REACH who="2" step="1"/><F76/><REACH who="2" ten="228,294,152,306" step="2"/><W109/><G118/><T3/><D3/><U24/><E24/><V78/><F78/><W106/><G116/><T110/><D110/><U50/><E50/><V127/><F127/><W55/><G51/><T23/><D14/><U37/><E37/><V25/><F25/><W81/><G38/><T16/><D7/><U39/><E39/><V99/><F99/><W43/><G48/><T35/><D5/><U33/><E33/><V108/><F108/><W21/><G34/><T100/><D35/><U18/><E18/><V95/><F95/><W66/><G93/><T9/><D16/><U84/><E84/><V72/><F72/><W6/><G109/><RYUUKYOKU ba="0,2" sc="228,-15,294,15,152,15,306,-15" hai1="4,12,36,40,44,49,52,59,91,94,97,104,105" hai2="10,13,17,29,30,56,60,64,75,77,82,88,89" owari="213,-19.0,329,43.0,167,-33.0,291,9.0" /></mjloggm>