<mjloggm ver="2.3"><GO type="225" lobby="0"/><UN n0="%E3%82%B8%E3%83%A3%E3%83%9E%E3%83%BC%E3%83%AB%E3%83%9E%E3%83%AC%E3%83%BC" n1="%E4%BC%BD%E8%97%8D%E5%A0%82%E7%B4%97%E7%BE%85" n2="%E9%B3%B4%E3%81%8D%E3%83%80%E3%83%AB%E3%83%9E" n3="%E3%81%97%E3%82%85%E3%81%BF%E3%82%8C" dan="17,16,16,16" rate="2177.64,2226.93,2131.18,2122.08" sx="M,F,M,F"/><TAIKYOKU oya="0"/><INIT seed="0,0,0,2,2,71" ten="250,250,250,250" oya="0" hai0="133,78,51,14,91,115,107,7,86,6,11,69,123" hai1="23,105,100,104,98,34,55,116,96,108,120,132,62" hai2="60,130,90,109,12,42,93,126,99,87,16,95,63" hai3="106,48,15,89,18,119,67,31,110,128,49,118,111"/><T4/><D115/><U24/><E116/><V10/><F109/><N who="3" m="41483" /><G106/><T25/><D123/><U84/><E120/><V41/><F126/><W46/><G128/><T92/><D69/><U114/><E108/><V27/><F130/><W19/><G67/><T39/><D107/><U22/><E132/><V50/><F27/><W59/><G31/><T40/><D133/><U36/><E114/><V124/><F124/><W66/><G89/><T112/><D112/><U56/><E84/><V121/><F121/><W29/><G29/><T83/><D25/><U82/><E82/><V101/><REACH who="2" step="1"/><F50/><REACH who="2" ten="250,250,240,250" step="2"/><W5/><G119/><T117/><D117/><U33/><E24/><V35/><F35/><W58/><G118/><T134/><D134/><U37/><E33/><V26/><F26/><W81/><G49/><T72/><REACH who="0" step="1"/><D51/><REACH who="0" ten="240,250,240,250" step="2"/><U28/><E28/><V57/><F57/><W127/><G59/><T125/><D125/><U64/><E34/><V9/><F9/><N who="3" m="4527" /><G127/><T80/><D80/><U53/><E22/><V85/><F85/><W17/><G81/><T88/><D88/><U74/><E23/><V122/><F122/><W102/><G58/><T44/><AGARI ba="0,2" hai="4,6,7,11,14,39,40,44,72,78,83,86,91,92" machi="44" ten="30,6000,0" yaku="1,1,0,1,52,1,53,0" doraHai="71" doraHaiUra="135" who="0" fromWho="0" sc="240,80,250,-20,240,-20,250,-20" /><INIT seed="0,1,0,4,1,132" ten="320,230,220,230" oya="0" hai0="4,55,31,105,121,130,96,25,6,77,69,79,123" hai1="108,30,80,8,115,91,3,117,82,81,92,74,11" hai2="18,39,102,13,119,134,72,103,19,133,26,87,43" hai3="101,71,68,113,27,50,60,127,24,67,36,135,17"/><T51/><D69/><U57/><E117/><V54/><F72/><W90/><G36/><T20/><D130/><U114/><E3/><V15/><F119/><W59/><G113/><N who="1" m="43018" /><E108/><V44/><F26/><W40/><G135/><N who="2" m="51721" /><F87/><W110/><G110/><T29/><D105/><U107/><E107/><V61/><F61/><W56/><G101/><N who="2" m="38409" /><F54/><W118/><G118/><T0/><D96/><N who="1" m="57375" /><E74/><V111/><F111/><W47/><G71/><T122/><D31/><U2/><E2/><V9/><F15/><W125/><G90/><T28/><D28/><U85/><E30/><V112/><F112/><W100/><G100/><T109/><D109/><U7/><E7/><AGARI ba="1,0" hai="7,9,13,18,19,39,43,44" m="38409,51721" machi="7" ten="30,1000,0" yaku="20,1" doraHai="132" who="2" fromWho="1" sc="320,0,230,-13,220,13,230,0" /><INIT seed="1,0,0,5,4,91" ten="320,217,233,230" oya="1" hai0="74,121,122,112,80,129,22,86,89,58,125,64,66" hai1="56,41,0,113,73,126,4,13,128,119,7,11,133" hai2="96,30,54,99,47,82,104,23,102,92,52,57,71" hai3="123,135,103,63,109,68,124,84,14,61,90,130,65"/><U18/><E73/><V24/><F71/><W50/><G123/><N who="0" m="47115" /><D112/><U20/><E113/><V40/><F82/><W85/><G109/><T101/><D125/><U78/><E78/><V12/><F12/><W105/><G124/><T108/><D108/><U43/><E126/><V131/><F131/><W93/><G130/><T97/><D129/><U127/><E127/><V48/><REACH who="2" step="1"/><F57/><REACH who="2" ten="320,217,223,230" step="2"/><W10/><G135/><T39/><D58/><U31/><E128/><V87/><F87/><W110/><G110/><T94/><D74/><U35/><E133/><V114/><F114/><W17/><G85/><T79/><D79/><U98/><E119/><V25/><F25/><W132/><G132/><T38/><D22/><U59/><E98/><V27/><F27/><W28/><G68/><T42/><D80/><U9/><E56/><V111/><F111/><W76/><G76/><T83/><D83/><U34/><E59/><V62/><F62/><W100/><G63/><T29/><D86/><U60/><E60/><V55/><F55/><W46/><G61/><T95/><D64/><U70/><E70/><V6/><F6/><W69/><G65/><T33/><D66/><U116/><E116/><V32/><F32/><N who="1" m="12329" /><E43/><V117/><F117/><W49/><G69/><T45/><D42/><U16/><E41/><V106/><F106/><W72/><G105/><T1/><D33/><U21/><E31/><V36/><F36/><W44/><G28/><T51/><D29/><U107/><E107/><V15/><F15/><W8/><G72/><T67/><D38/><U37/><E37/><V120/><F120/><RYUUKYOKU ba="0,1" sc="320,-15,217,15,223,15,230,-15" hai1="0,4,7,9,11,13,16,18,20,21" hai2="23,24,30,40,47,48,52,54,92,96,99,102,104" /><INIT seed="1,1,1,3,3,81" ten="305,232,238,215" oya="1" hai0="48,8,21,78,122,89,101,70,132,3,82,50,87" hai1="77,104,105,120,66,68,11,41,84,4,128,96,26" hai2="108,60,83,85,53,32,135,90,57,62,99,109,42" hai3="10,121,56,64,111,5,80,134,86,25,117,34,91"/><U51/><E120/><V97/><F32/><W92/><G121/><T36/><D122/><U19/><E128/><V73/><F135/><W13/><G134/><T71/><D132/><U75/><E75/><V100/><F73/><W127/><G111/><N who="2" m="42569" /><F42/><W6/><G127/><T2/><D36/><U52/><E41/><V110/><F110/><W18/><G117/><T107/><D21/><U16/><E68/><V126/><F126/><W118/><G118/><T15/><D70/><U129/><E129/><V133/><F133/><W93/><G34/><T31/><D31/><U54/><E66/><V37/><F37/><W65/><G56/><T124/><D71/><U22/><E19/><V55/><F100/><W74/><G74/><T43/><D89/><U123/><E123/><V102/><F102/><W38/><G38/><T76/><D76/><U1/><E96/><N who="2" m="36939" /><F55/><W67/><G5/><T61/><D101/><U49/><E54/><V27/><F27/><W46/><G46/><T115/><D43/><U29/><E29/><V116/><F116/><W119/><G119/><T59/><D124/><U40/><E40/><V0/><F0/><W47/><G47/><T125/><D3/><U131/><E131/><V23/><F23/><AGARI ba="1,1" hai="6,10,13,18,23,25,64,65,67,80,86,91,92,93" machi="23" ten="40,2600,0" yaku="8,1,52,1" doraHai="81" who="3" fromWho="2" sc="305,0,232,0,238,-29,215,39" /><INIT seed="2,0,0,3,3,64" ten="305,232,209,254" oya="2" hai0="81,70,50,83,68,107,2,9,61,122,26,109,40" hai1="97,98,96,35,51,133,48,63,53,60,99,76,85" hai2="45,69,118,108,66,103,114,8,46,33,94,121,11" hai3="77,49,93,4,82,135,5,71,31,43,124,75,6"/><V42/><F114/><W102/><G124/><T74/><D107/><U123/><E35/><V12/><F118/><W41/><G135/><T38/><D122/><U95/><E123/><V14/><F121/><W78/><G78/><N who="0" m="44247" /><D109/><U127/><E127/><V18/><F33/><W29/><G71/><T39/><D26/><U7/><E133/><V128/><F108/><W44/><REACH who="3" step="1"/><G43/><REACH who="3" ten="305,232,209,244" step="2"/><T3/><D68/><U0/><E76/><V52/><F128/><W115/><G115/><T27/><D40/><U22/><E0/><V72/><F42/><W34/><G34/><T106/><D70/><U117/><E117/><V32/><F32/><W130/><G130/><T25/><D3/><U65/><E65/><V88/><F66/><W113/><G113/><T131/><D2/><U80/><E53/><V19/><F69/><W110/><G110/><T58/><D131/><U84/><E99/><AGARI ba="0,1" hai="4,5,6,29,31,41,44,49,75,77,82,93,99,102" machi="99" ten="40,2600,0" yaku="1,1,53,1" doraHai="64" doraHaiUra="105" who="3" fromWho="1" sc="305,0,232,-26,209,0,244,36" /><INIT seed="3,0,0,5,4,31" ten="305,206,209,280" oya="3" hai0="123,42,113,73,27,29,47,0,65,30,22,19,116" hai1="82,118,90,11,120,35,67,54,41,15,69,23,132" hai2="43,131,25,128,135,17,102,105,126,52,2,99,97" hai3="104,8,55,125,18,10,38,124,115,129,98,121,79"/><W45/><G115/><T77/><D116/><U94/><E120/><V20/><F2/><W100/><G121/><T13/><D123/><U63/><E118/><V111/><F111/><W101/><G129/><N who="2" m="49737" /><F126/><N who="3" m="48747" /><G79/><T70/><D0/><U51/><E132/><V40/><F135/><W44/><G101/><T134/><D113/><U86/><E23/><V14/><F52/><W117/><G117/><T3/><D3/><U66/><E41/><N who="2" m="15947" /><F99/><W80/><G80/><T59/><D42/><U91/><E66/><V32/><F32/><W34/><G38/><T6/><D65/><U83/><E91/><V57/><F57/><W62/><G34/><T1/><D59/><U107/><E107/><V110/><F110/><W68/><G68/><T122/><D70/><U119/><E35/><V39/><F39/><W133/><G133/><T7/><D1/><U75/><E75/><V112/><F112/><W74/><G74/><T76/><D73/><U46/><REACH who="1" step="1"/><E119/><REACH who="1" ten="305,196,209,280" step="2"/><V106/><F105/><W130/><G130/><T48/><D134/><U60/><E60/><V114/><F114/><W72/><G72/><T26/><D122/><U53/><E53/><V85/><F85/><W127/><G127/><T78/><D48/><U12/><E12/><AGARI ba="0,1" hai="12,14,17,20,25,97,102,106" m="15947,49737" machi="12" ten="30,1000,0" yaku="19,1" doraHai="31" who="2" fromWho="1" sc="305,0,196,-10,209,20,280,0" owari="305,40.0,186,-31.0,229,-17.0,280,8.0" /></mjloggm>