<mjloggm ver="2.3"><GO type="169" lobby="0"/><UN n0="%4A%4F%4A%4F%31%39%38%35" n1="%64%6F%6F%6F%6F%77%79%31" n2="%E9%AB%98%E6%A9%8B%E6%B7%B3" n3="%E3%83%AF%E3%83%8B%54%41" dan="16,17,16,16" rate="2097.88,2182.98,2118.34,2171.02" sx="M,M,M,M"/><TAIKYOKU oya="0"/><INIT seed="0,0,0,1,2,112" ten="250,250,250,250" oya="0" hai0="57,104,83,49,128,51,55,92,120,116,7,115,34" hai1="50,46,77,60,72,10,54,123,70,82,135,76,59" hai2="94,68,88,111,32,93,124,96,67,33,40,80,95" hai3="28,79,75,14,90,127,43,18,97,21,5,13,106"/><T63/><D115/><U130/><E130/><V41/><F111/><W20/><G127/><T15/><D120/><U74/><E135/><V24/><F124/><W131/><G131/><T6/><D128/><U12/><E123/><V39/><F39/><W26/><G43/><T81/><D104/><U62/><E70/><V35/><F24/><W16/><G106/><T1/><D1/><U134/><E134/><V3/><F3/><W27/><G5/><T66/><D34/><U71/><E71/><V86/><REACH who="2" step="1"/><F96/><REACH who="2" ten="250,250,240,250" step="2"/><W45/><G28/><T56/><D15/><U47/><E47/><V113/><F113/><W129/><G129/><T22/><D6/><U99/><E99/><V110/><F110/><W30/><G30/><T108/><D7/><U78/><E74/><V125/><F125/><W69/><G69/><T98/><D108/><U53/><REACH who="1" step="1"/><E62/><AGARI ba="0,1" hai="32,33,35,40,41,62,67,68,80,86,88,93,94,95" machi="62" ten="50,6400,0" yaku="1,1,54,1,53,1" doraHai="112" doraHaiUra="85" who="2" fromWho="1" sc="250,0,250,-64,240,74,250,0" /><INIT seed="1,0,0,2,2,130" ten="250,186,314,250" oya="1" hai0="76,90,8,48,122,85,26,60,129,16,84,15,99" hai1="83,52,92,88,24,62,93,44,86,77,32,50,39" hai2="51,22,33,18,103,59,70,1,115,56,104,38,134" hai3="72,4,3,34,53,96,42,13,112,132,124,68,10"/><U67/><E39/><V36/><F70/><W5/><G68/><T7/><D129/><U11/><E32/><V30/><F1/><W12/><G72/><T95/><D122/><U61/><E24/><V25/><F115/><W64/><G64/><T91/><D76/><U123/><E123/><V29/><F29/><W80/><G112/><T87/><D60/><U119/><E119/><V43/><F59/><W81/><G34/><T100/><D48/><U109/><E109/><V73/><F73/><W27/><G27/><T74/><REACH who="0" step="1"/><D74/><REACH who="0" ten="240,186,314,250" step="2"/><U121/><E121/><V117/><F51/><W135/><G124/><T49/><D49/><U114/><E114/><V113/><F38/><W47/><G42/><T125/><D125/><U128/><E128/><V107/><F43/><W21/><G53/><T98/><D98/><U133/><E133/><N who="3" m="51274" /><G47/><T41/><D41/><U46/><E46/><V127/><F127/><W69/><G69/><T82/><D82/><U131/><E131/><V110/><F113/><W35/><G96/><T14/><D14/><U63/><E67/><V105/><F134/><W20/><G80/><T94/><D94/><N who="1" m="36459" /><E11/><V102/><F105/><W106/><G81/><T58/><D58/><U116/><E116/><V118/><F107/><W71/><G106/><T57/><D57/><U79/><AGARI ba="0,1" hai="44,50,52,61,62,63,77,79,83,86,88" m="36459" machi="79" ten="30,6000,0" yaku="8,1,54,2" doraHai="130" who="1" fromWho="1" sc="240,-20,186,70,314,-20,250,-20" /><INIT seed="1,1,0,2,1,50" ten="220,256,294,230" oya="1" hai0="114,124,62,0,96,42,103,14,134,120,80,44,104" hai1="15,32,110,33,64,109,101,56,37,71,52,8,81" hai2="135,118,6,82,38,117,95,13,27,119,100,24,10" hai3="61,73,88,55,16,74,20,90,130,121,9,35,47"/><U48/><E101/><V79/><F38/><W113/><G121/><T17/><D114/><U49/><E37/><V84/><REACH who="2" step="1"/><F135/><REACH who="2" ten="220,256,284,230" step="2"/><W127/><G113/><T19/><D134/><U128/><E128/><V57/><F57/><N who="3" m="35007" /><G130/><T94/><D120/><U46/><E81/><V77/><F77/><W58/><G127/><T107/><D124/><U83/><E83/><V115/><F115/><W68/><G68/><T66/><D80/><U69/><E69/><V4/><F4/><W89/><G74/><T43/><D104/><U39/><E39/><V70/><F70/><W126/><G73/><T3/><D107/><U18/><E71/><V76/><F76/><W26/><G126/><T97/><D94/><U7/><E7/><V132/><F132/><W102/><G58/><T111/><D111/><N who="1" m="42507" /><E64/><V112/><F112/><W122/><G122/><T72/><D66/><U23/><E8/><V108/><F108/><W133/><G133/><T87/><D72/><U123/><E123/><V34/><F34/><W129/><G35/><T59/><D59/><U21/><E21/><V86/><F86/><W53/><G129/><T91/><D87/><U67/><E67/><V31/><F31/><W85/><G9/><T65/><D65/><U131/><E131/><V60/><F60/><W41/><G85/><T30/><D62/><U5/><E5/><V63/><F63/><W54/><G102/><T29/><D103/><U45/><E56/><V78/><F78/><W99/><G99/><AGARI ba="1,1" hai="6,10,13,24,27,79,82,84,95,99,100,117,118,119" machi="99" ten="40,1300,0" yaku="1,1,53,0" doraHai="50" doraHaiUra="125" who="2" fromWho="3" sc="220,0,256,0,284,26,230,-16" /><INIT seed="2,0,0,5,4,31" ten="220,256,310,214" oya="2" hai0="95,93,83,103,61,47,76,108,87,33,8,27,116" hai1="5,28,126,10,62,11,59,20,104,56,130,9,14" hai2="55,127,88,82,13,60,111,67,109,6,134,73,121" hai3="43,132,50,16,99,52,48,68,66,129,39,128,114"/><V74/><F121/><W107/><G107/><T49/><D108/><N who="2" m="41546" /><F134/><W112/><G99/><T92/><D116/><U119/><E104/><V70/><F127/><W72/><G72/><N who="2" m="27753" /><F55/><W96/><G16/><T110/><D110/><U64/><E119/><V3/><F3/><W17/><G17/><T85/><D8/><U124/><E130/><N who="3" m="50282" /><G96/><T42/><D103/><U23/><E124/><V75/><N who="2" m="27761" /><V106/><DORA hai="35" /><F106/><W120/><G120/><T25/><D33/><U131/><E126/><V77/><F77/><W51/><G132/><T0/><D0/><U45/><E131/><V105/><F105/><W122/><G122/><T118/><D118/><U7/><E7/><V46/><F46/><N who="3" m="23935" /><G112/><T24/><REACH who="0" step="1"/><D61/><REACH who="0" ten="210,256,310,214" step="2"/><U115/><E62/><V53/><F60/><N who="3" m="40007" /><G114/><T91/><AGARI ba="0,1" hai="24,25,27,42,47,49,76,83,85,87,91,92,93,95" machi="91" ten="30,4000,0" yaku="1,1,0,1,8,1,53,0" doraHai="31,35" doraHaiUra="32,63" who="0" fromWho="0" sc="210,50,256,-10,310,-20,214,-10" /><INIT seed="3,0,0,1,5,17" ten="260,246,290,204" oya="3" hai0="93,67,122,10,37,24,42,14,104,90,0,53,132" hai1="64,30,113,11,96,4,65,33,1,40,118,38,80" hai2="19,133,130,2,85,101,16,87,112,74,71,92,121" hai3="105,103,91,70,123,45,81,23,61,60,102,97,124"/><W84/><G124/><T56/><D122/><U35/><E113/><V109/><F71/><W21/><G123/><T27/><D104/><U110/><E110/><V51/><F74/><W18/><G70/><T41/><D0/><U49/><E118/><V15/><F2/><W28/><G45/><T44/><D67/><U128/><E128/><V119/><F112/><W95/><G28/><T125/><D42/><U83/><E38/><V120/><F119/><W34/><G34/><T69/><D132/><U20/><E35/><V62/><F109/><W39/><G39/><T36/><D36/><U75/><E33/><V63/><F92/><W55/><G18/><T78/><D78/><U116/><E96/><V8/><F51/><W76/><G103/><T82/><D82/><U46/><E116/><V115/><F101/><W9/><G9/><T6/><D125/><U111/><E111/><V22/><F115/><W135/><G135/><T57/><D69/><U79/><REACH who="1" step="1"/><E83/><REACH who="1" ten="260,236,290,204" step="2"/><V89/><F130/><W31/><G105/><T73/><D37/><U86/><E86/><V106/><F106/><W59/><G76/><T66/><D73/><U131/><E131/><V7/><F133/><W47/><G31/><T32/><D32/><U54/><E54/><V108/><F108/><W3/><G81/><T126/><D53/><U99/><E99/><V129/><F87/><W68/><G84/><N who="0" m="52423" /><D126/><U88/><E88/><V26/><F129/><W50/><G91/><T29/><D29/><U77/><E77/><V117/><F120/><W134/><G134/><T5/><D66/><U13/><E13/><RYUUKYOKU ba="0,1" sc="260,-10,236,30,290,-10,204,-10" hai1="1,4,11,20,30,40,46,49,64,65,75,79,80" /><INIT seed="4,1,1,0,4,55" ten="250,266,280,194" oya="0" hai0="35,7,49,54,85,30,18,73,32,121,65,82,52" hai1="62,45,41,21,109,53,116,72,104,44,36,14,48" hai2="42,86,74,81,112,113,128,31,79,83,27,129,115" hai3="2,123,133,114,69,118,105,135,4,125,90,97,127"/><T9/><D121/><U91/><E104/><V126/><F42/><W111/><G4/><T132/><D73/><U95/><E72/><V77/><REACH who="2" step="1"/><F126/><REACH who="2" ten="250,266,270,194" step="2"/><N who="3" m="48139" /><G2/><T12/><D132/><N who="3" m="50761" /><G69/><T33/><D33/><AGARI ba="1,2" hai="27,31,33,74,77,79,81,83,86,112,113,115,128,129" machi="33" ten="40,2600,0" yaku="1,1,15,1,53,0" doraHai="55" doraHaiUra="98" who="2" fromWho="0" sc="250,-29,266,0,270,49,194,0" /><INIT seed="5,0,0,5,0,51" ten="221,266,319,194" oya="1" hai0="50,101,91,90,61,71,1,82,5,37,123,106,42" hai1="22,29,100,104,69,74,26,129,54,103,41,16,81" hai2="27,14,72,44,60,55,40,4,24,33,130,107,25" hai3="131,45,23,92,116,99,21,10,17,13,6,84,111"/><U64/><E129/><V18/><F72/><W80/><G111/><T97/><D123/><U105/><E41/><V48/><F107/><W67/><G131/><T57/><D37/><U127/><E127/><V39/><F130/><W124/><G116/><T3/><D71/><U32/><E104/><V53/><F33/><W59/><G124/><T46/><D5/><U89/><E105/><V85/><F4/><W117/><G117/><T20/><D20/><U98/><E69/><V96/><F96/><W0/><G45/><T19/><D19/><U128/><E64/><V114/><F114/><W109/><G109/><T122/><D122/><U95/><E128/><V58/><F85/><W118/><G118/><T8/><D8/><U11/><E11/><N who="2" m="6495" /><F39/><W52/><G67/><AGARI ba="0,0" hai="24,25,27,40,44,48,53,55,58,60,67" m="6495" machi="67" ten="30,3900,0" yaku="8,1,52,2" doraHai="51" who="2" fromWho="3" sc="221,0,266,0,319,39,194,-39" /><INIT seed="6,0,0,4,0,35" ten="221,266,358,155" oya="2" hai0="61,123,96,100,34,93,16,65,130,56,32,107,44" hai1="43,77,113,60,105,132,133,57,82,69,73,59,116" hai2="58,64,119,14,108,106,115,89,102,121,30,28,97" hai3="110,122,13,21,41,37,24,33,1,129,42,0,10"/><V78/><F119/><W38/><G42/><T20/><D130/><U29/><E116/><V9/><F121/><W67/><G67/><T124/><D124/><U54/><E113/><V120/><F115/><W104/><G41/><T51/><D107/><U95/><E105/><V128/><F120/><W66/><G66/><T84/><D84/><U17/><E69/><V40/><F78/><W74/><G104/><T45/><D123/><U111/><E111/><V63/><F128/><W68/><G122/><T125/><D125/><U3/><E29/><V75/><F75/><W79/><G129/><T92/><D92/><U6/><E43/><V5/><F108/><W127/><G127/><T103/><D103/><U26/><E95/><V48/><F89/><W87/><G87/><T22/><D22/><U53/><E17/><V18/><F48/><W134/><G110/><T126/><D126/><U50/><REACH who="1" step="1"/><E26/><REACH who="1" ten="221,256,358,155" step="2"/><V114/><F40/><W8/><G68/><T112/><D112/><U135/><E135/><V11/><REACH who="2" step="1"/><F114/><REACH who="2" ten="221,256,348,155" step="2"/><W83/><G134/><T72/><D93/><U109/><E109/><V88/><F88/><W39/><G33/><T25/><D32/><U19/><E19/><V70/><F70/><W7/><REACH who="3" step="1"/><G8/><AGARI ba="0,2" hai="3,6,8,50,53,54,57,59,60,73,77,82,132,133" machi="8" ten="40,2600,0" yaku="1,1,52,1,53,0" doraHai="35" doraHaiUra="81" who="1" fromWho="3" sc="221,0,256,46,348,0,155,-26" /><INIT seed="7,0,0,1,0,89" ten="221,302,348,129" oya="3" hai0="40,90,76,53,34,127,31,79,92,37,6,15,119" hai1="16,39,122,133,14,46,98,87,95,20,112,5,60" hai2="10,105,125,81,116,74,123,25,26,32,51,128,135" hai3="50,54,109,44,69,47,63,7,0,101,102,13,64"/><W12/><G0/><T57/><D119/><U18/><E122/><V56/><F105/><W78/><G109/><T17/><D127/><U129/><E112/><V24/><F116/><W35/><G35/><T107/><D107/><U9/><E129/><V62/><F128/><W41/><G78/><T33/><D6/><U130/><E130/><V2/><F51/><W4/><G4/><T70/><D70/><U124/><E124/><V94/><F2/><W61/><G12/><T86/><D40/><U8/><E133/><V99/><F10/><W36/><REACH who="3" step="1"/><G63/><REACH who="3" ten="221,302,348,119" step="2"/><T66/><D76/><U103/><E60/><V45/><F32/><W120/><G120/><T22/><D79/><U113/><E5/><V83/><F62/><W126/><G126/><T73/><D33/><U80/><E113/><V49/><F125/><W23/><G23/><T30/><D34/><U93/><E20/><V67/><F123/><W118/><G118/><T68/><D22/><U29/><E14/><V108/><F108/><W21/><G21/><T117/><D15/><U71/><E8/><AGARI ba="0,1" hai="7,8,13,36,41,44,47,50,54,61,64,69,101,102" machi="8" ten="40,2000,0" yaku="1,1,53,0" doraHai="89" doraHaiUra="77" who="3" fromWho="1" sc="221,0,302,-20,348,0,119,30" /><INIT seed="7,1,0,0,3,100" ten="221,282,348,149" oya="3" hai0="47,38,35,36,29,93,120,74,64,101,55,43,79" hai1="92,109,18,67,71,94,51,1,112,117,21,59,80" hai2="110,17,58,33,10,16,121,82,115,102,26,34,103" hai3="125,48,134,49,130,14,97,84,32,63,99,60,127"/><W129/><G14/><T52/><D120/><U56/><E1/><V88/><F110/><W6/><G84/><T53/><D35/><U133/><E109/><V50/><F115/><W98/><G6/><T12/><D29/><U70/><E112/><V20/><F34/><W3/><G3/><T75/><D36/><U4/><E80/><V96/><F33/><W66/><G32/><T91/><D79/><U89/><E133/><V73/><F73/><W131/><G134/><T132/><D132/><U118/><E4/><V105/><F105/><W45/><G45/><T42/><D42/><U28/><E28/><V0/><F121/><W65/><G49/><T114/><D114/><U72/><E72/><V124/><F124/><N who="3" m="47691" /><G48/><T41/><D41/><U123/><E123/><V119/><F119/><W27/><G27/><T83/><D83/><U126/><E126/><V2/><F2/><W54/><G54/><T39/><D39/><U85/><E51/><V78/><F78/><W7/><G7/><T15/><D64/><AGARI ba="1,0" hai="60,63,64,65,66,97,98,99,129,130,131" m="47691" machi="64" ten="40,12000,1" yaku="28,2,19,1,18,1" doraHai="100" who="3" fromWho="0" sc="221,-123,282,0,348,0,149,123" /><INIT seed="7,2,0,5,5,92" ten="98,282,348,272" oya="3" hai0="109,82,98,121,9,18,74,61,16,123,7,94,102" hai1="63,56,48,122,129,112,34,126,133,13,111,51,81" hai2="88,78,10,26,28,30,2,55,105,89,31,134,29" hai3="43,62,96,76,5,23,15,87,124,114,100,53,107"/><W104/><G114/><T103/><D109/><U83/><E112/><V59/><F105/><W4/><G104/><T24/><D61/><U132/><E111/><V41/><F41/><W110/><G110/><T101/><D74/><U116/><E34/><V68/><F68/><W93/><G43/><T60/><D82/><N who="1" m="31243" /><E122/><V8/><F78/><W17/><G124/><T66/><D121/><U118/><E13/><V90/><F2/><W50/><G62/><T0/><D123/><U38/><E38/><V97/><F97/><W37/><G37/><T73/><D73/><U80/><E80/><V75/><F75/><W95/><G107/><T47/><D47/><U57/><E129/><V71/><F71/><W127/><G127/><T19/><REACH who="0" step="1"/><D24/><REACH who="0" ten="88,282,348,272" step="2"/><U12/><E126/><V40/><F26/><W21/><G76/><T120/><D120/><U27/><E27/><V65/><F65/><W52/><G53/><T128/><D128/><U39/><E63/><V69/><F55/><W86/><G93/><T36/><D36/><U130/><E39/><V11/><F40/><W113/><G113/><T79/><D79/><U72/><E72/><V85/><F69/><W125/><G125/><T115/><D115/><U108/><E130/><V77/><F77/><W32/><G32/><T35/><D35/><U33/><E33/><V1/><F59/><N who="1" m="22601" /><E108/><V45/><F45/><N who="3" m="27727" /><G21/><T6/><D6/><AGARI ba="2,1" hai="4,5,6,15,17,23,86,87,95,96,100" m="27727" machi="6" ten="30,5800,0" yaku="8,1,52,1,54,1" doraHai="92" who="3" fromWho="0" sc="88,-64,282,0,348,0,272,74" /><INIT seed="7,3,0,3,0,109" ten="24,282,348,346" oya="3" hai0="30,74,81,96,90,135,123,75,116,26,126,27,65" hai1="39,73,32,1,37,84,19,66,78,120,128,93,72" hai2="47,97,77,24,89,28,41,50,62,104,100,34,31" hai3="10,119,127,44,58,110,70,76,83,64,118,133,57"/><W80/><G110/><T103/><D65/><U12/><E32/><V55/><F31/><W132/><G127/><T101/><D30/><U17/><E1/><V48/><F77/><W92/><G92/><T63/><D63/><U52/><E66/><V21/><F89/><W94/><G94/><T9/><D26/><U35/><E35/><V98/><F97/><W67/><G10/><T117/><D27/><U13/><E128/><V99/><F98/><W14/><G14/><T106/><D9/><U4/><E120/><V25/><F62/><W20/><G20/><T51/><D123/><U82/><E4/><V111/><F111/><W134/><G44/><T45/><D45/><U115/><E93/><V61/><F61/><N who="3" m="40207" /><G67/><T38/><D51/><U22/><E115/><V71/><F71/><W43/><G43/><T23/><D38/><U0/><E0/><V6/><F6/><W102/><G102/><T49/><D49/><U114/><E114/><V46/><F34/><W56/><G76/><N who="0" m="44183" /><D126/><U3/><E3/><V88/><F88/><W130/><G130/><T121/><D121/><U107/><E39/><V125/><F125/><W68/><G68/><T36/><D36/><U29/><E37/><V91/><F91/><W105/><G105/><N who="0" m="63655" /><D75/><U54/><E29/><V59/><F47/><W95/><G95/><T87/><D23/><U7/><E7/><V108/><F108/><W15/><G15/><T131/><D131/><U33/><E33/><V112/><F112/><W11/><G11/><T124/><D124/><U86/><E22/><V113/><F113/><W122/><G122/><RYUUKYOKU ba="3,0" sc="24,-15,282,-15,348,15,346,15" hai2="21,24,25,28,41,46,48,50,55,59,99,100,104" hai3="56,57,58,80,83,118,119,132,133,134" /><INIT seed="7,4,0,1,3,114" ten="9,267,363,361" oya="3" hai0="51,48,15,123,108,35,131,68,72,112,46,58,109" hai1="71,110,49,64,83,19,70,26,56,59,86,53,127" hai2="32,121,43,22,66,106,78,80,76,96,13,125,105" hai3="24,36,50,45,122,119,126,38,42,97,111,67,37"/><W34/><BYE who="0" /><G97/><T74/><D74/><U20/><E127/><V30/><F125/><W95/><G126/><T3/><D3/><U5/><E110/><UN n0="%4A%4F%4A%4F%31%39%38%35" /><V99/><BYE who="0" /><F121/><UN n0="%4A%4F%4A%4F%31%39%38%35" /><W31/><BYE who="0" /><G122/><T79/><D79/><U128/><E128/><V63/><F43/><UN n0="%4A%4F%4A%4F%31%39%38%35" /><W132/><G111/><T75/><D75/><U82/><BYE who="0" /><E70/><N who="2" m="42335" /><F99/><W52/><G119/><T85/><D85/><U11/><E71/><V134/><F106/><W100/><G132/><T69/><D69/><U102/><E102/><N who="2" m="62663" /><F134/><W91/><G100/><T87/><D87/><U81/><E64/><V8/><F22/><W9/><G67/><T135/><D135/><U55/><E86/><V88/><F88/><W65/><G65/><T73/><D73/><U41/><E41/><V77/><F80/><W17/><G95/><T116/><D116/><U101/><E101/><V84/><F84/><W7/><G17/><T18/><D18/><U98/><E98/><V16/><F77/><W103/><G91/><T115/><D115/><U10/><REACH who="1" step="1"/><E5/><REACH who="1" ten="9,257,363,361" step="2"/><V21/><F76/><W47/><G103/><T107/><D107/><U40/><E40/><V33/><F78/><W0/><AGARI ba="4,1" hai="0,7,9,24,31,34,36,37,38,42,45,47,50,52" machi="0" ten="20,3900,0" yaku="0,1,7,1,54,1" doraHai="114" who="3" fromWho="3" sc="9,-17,257,-17,363,-17,361,61" owari="-8,-51.0,240,-16.0,346,15.0,422,52.0" /></mjloggm>