<mjloggm ver="2.3"><GO type="169" lobby="0"/><UN n0="%E6%98%AF%E6%94%BF%E3%81%AE%E5%A4%95%E9%99%BD" n1="%E3%81%8A%E3%81%98%E3%81%95%E3%82%93" n2="%E8%A5%BF%E6%9D%91%E9%9B%84%E4%B8%80%E9%83%8E" n3="%E5%B1%8A%E3%81%8B%E3%81%AA%E3%81%84%E6%81%8B" dan="16,16,19,16" rate="2169.29,2132.25,2290.51,2211.34" sx="M,M,M,M"/><TAIKYOKU oya="0"/><INIT seed="0,0,0,2,4,26" ten="250,250,250,250" oya="0" hai0="39,60,44,126,122,76,41,91,105,93,123,75,86" hai1="77,35,107,25,95,40,49,106,32,31,80,65,79" hai2="63,12,24,87,110,10,4,70,6,59,57,74,99" hai3="96,64,89,27,46,100,102,130,50,90,109,88,5"/><T116/><D116/><U85/><E35/><V69/><F74/><W13/><G130/><T97/><D126/><U42/><E65/><V38/><F38/><W58/><G109/><T43/><D43/><U117/><E117/><V8/><F110/><W20/><G13/><T98/><D98/><U104/><E79/><V48/><F87/><W124/><G5/><T19/><D60/><U118/><E118/><V103/><F48/><W84/><G84/><T52/><D19/><U22/><E32/><V82/><F82/><W23/><G23/><T9/><D9/><U62/><E62/><V121/><F24/><W127/><G58/><T30/><D52/><U45/><E42/><V71/><F121/><W83/><G83/><T55/><D55/><U15/><E15/><V73/><F73/><W34/><G34/><T66/><D30/><U33/><E33/><V81/><F81/><W113/><G64/><T92/><D66/><U29/><REACH who="1" step="1"/><E95/><REACH who="1" ten="250,240,250,250" step="2"/><V132/><F63/><W125/><G113/><T2/><D93/><U3/><E3/><V119/><F119/><W0/><G0/><T17/><D2/><U53/><E53/><V72/><F12/><W36/><G125/><T21/><D75/><U112/><E112/><V135/><F72/><W37/><G127/><T54/><D54/><U133/><E133/><N who="2" m="51275" /><F57/><W108/><G108/><T120/><D76/><U129/><E129/><V128/><F59/><W56/><G56/><T1/><D1/><U94/><E94/><N who="2" m="58871" /><F128/><W134/><G134/><T16/><D21/><U68/><E68/><V14/><F8/><W47/><G124/><RYUUKYOKU ba="0,1" sc="250,10,240,10,250,10,250,-30" hai0="16,17,39,41,44,86,91,92,97,105,120,122,123" hai1="22,25,29,31,40,45,49,77,80,85,104,106,107" hai2="4,6,10,14,69,70,71" /><INIT seed="0,1,1,3,3,130" ten="260,250,260,220" oya="0" hai0="56,103,94,25,34,79,45,80,75,20,33,26,68" hai1="17,42,52,54,46,128,66,38,101,19,22,15,7" hai2="24,55,132,73,60,123,74,121,30,39,89,51,47" hai3="63,12,92,102,106,131,98,4,13,77,1,21,83"/><T35/><D68/><U96/><E128/><V14/><F39/><W58/><G131/><T134/><D134/><U10/><E66/><V87/><F132/><W16/><G1/><T104/><D104/><U125/><E125/><V8/><F60/><W76/><G106/><T126/><D126/><U11/><E11/><V57/><F57/><W82/><G4/><T44/><D26/><U48/><E38/><V23/><F123/><W36/><G36/><T86/><D56/><U95/><REACH who="1" step="1"/><E19/><REACH who="1" ten="260,240,260,220" step="2"/><V62/><F121/><W99/><G99/><T32/><N who="0" m="8192" /><DORA hai="127" /><T6/><D6/><U119/><E119/><V120/><F120/><W107/><G107/><T78/><D78/><U84/><E84/><V124/><F124/><W71/><G76/><T100/><D86/><U88/><E88/><V70/><F70/><W50/><G71/><T118/><D118/><U93/><E93/><V28/><F28/><W64/><G77/><T133/><D133/><U69/><E69/><V116/><F116/><W41/><G82/><T113/><D113/><U117/><E117/><V67/><F67/><W59/><G83/><T9/><D9/><U49/><E49/><V37/><F37/><W40/><G50/><T108/><D108/><U115/><E115/><V109/><F62/><W122/><G122/><T112/><D112/><U110/><E110/><V29/><F29/><W27/><REACH who="3" step="1"/><G58/><REACH who="3" ten="260,240,260,210" step="2"/><T91/><D45/><U114/><E114/><V5/><REACH who="2" step="1"/><F109/><REACH who="2" ten="260,240,250,210" step="2"/><W0/><G0/><AGARI ba="1,4" hai="0,7,10,15,17,22,42,46,48,52,54,95,96,101" machi="0" ten="30,7700,0" yaku="1,1,7,1,54,1,53,1" doraHai="130,127" doraHaiUra="85,43" who="1" fromWho="3" sc="260,0,240,120,250,0,210,-80" /><INIT seed="1,0,0,2,5,106" ten="260,360,250,130" oya="1" hai0="46,126,50,43,52,31,132,34,92,99,17,22,3" hai1="119,107,56,42,18,88,101,24,71,54,68,127,51" hai2="81,130,72,45,93,55,124,2,20,89,47,61,133" hai3="13,117,113,135,26,35,109,65,7,95,128,112,14"/><U80/><E119/><V36/><F2/><W111/><G65/><T129/><D126/><U44/><E127/><V25/><F124/><W9/><G95/><T64/><D132/><U23/><E101/><V62/><F133/><W32/><G135/><T85/><D3/><U38/><REACH who="1" step="1"/><E107/><REACH who="1" ten="260,350,250,130" step="2"/><V39/><F130/><W96/><G128/><T11/><D129/><U12/><E12/><V66/><F36/><W29/><G117/><T104/><D104/><U123/><E123/><V10/><F39/><W15/><G96/><T110/><D110/><N who="3" m="41993" /><G35/><T100/><D34/><U73/><E73/><V48/><F72/><W114/><AGARI ba="0,1" hai="7,9,13,14,15,26,29,32,112,113,114" m="41993" machi="114" ten="40,5200,0" yaku="14,1,34,2" doraHai="106" who="3" fromWho="3" sc="260,-13,350,-26,250,-13,130,62" /><INIT seed="2,0,0,2,4,114" ten="247,324,237,192" oya="2" hai0="29,36,121,88,15,47,106,109,77,6,67,33,133" hai1="3,97,127,51,30,87,85,134,72,52,59,96,128" hai2="62,68,112,1,39,32,63,82,65,86,11,31,7" hai3="20,17,98,41,115,69,90,37,73,26,78,101,84"/><V58/><F112/><W10/><G69/><T34/><D106/><U42/><E72/><V66/><F39/><W45/><G115/><T48/><D36/><U113/><E3/><V50/><F31/><W80/><G10/><T44/><D121/><U2/><E2/><V107/><F107/><W43/><G43/><T81/><D109/><U129/><E113/><V64/><F32/><W102/><REACH who="3" step="1"/><G98/><REACH who="3" ten="247,324,237,182" step="2"/><T56/><D133/><U89/><E97/><V14/><F1/><W83/><AGARI ba="0,1" hai="17,20,26,37,41,45,73,78,80,83,84,90,101,102" machi="83" ten="20,5200,0" yaku="1,1,2,1,0,1,7,1,53,0" doraHai="114" doraHaiUra="124" who="3" fromWho="3" sc="247,-13,324,-13,237,-26,182,62" /><INIT seed="3,0,0,0,5,68" ten="234,311,211,244" oya="3" hai0="117,25,100,10,52,54,89,34,95,66,50,83,76" hai1="41,65,45,133,108,92,87,122,3,24,112,0,18" hai2="39,118,48,70,69,79,120,36,106,132,101,111,107" hai3="73,28,94,30,109,42,99,53,105,13,37,96,127"/><W11/><G73/><T59/><D117/><U113/><E122/><V103/><F120/><W9/><G127/><T90/><D34/><U124/><E124/><V32/><F32/><W88/><G109/><T16/><D66/><U123/><E123/><V22/><F48/><W43/><G9/><T62/><D100/><U58/><E108/><V27/><F111/><W6/><G53/><T15/><D25/><U126/><E126/><V102/><F118/><W84/><G105/><T47/><REACH who="0" step="1"/><D95/><REACH who="0" ten="224,311,211,244" step="2"/><U104/><E92/><V130/><F102/><W121/><G121/><T38/><D38/><U19/><E24/><V75/><F27/><W63/><G37/><T31/><D31/><N who="3" m="11817" /><G63/><T26/><D26/><U115/><E65/><V119/><F119/><W80/><G96/><T71/><D71/><U23/><E112/><V61/><F61/><W134/><G134/><T40/><D40/><U8/><E41/><V74/><F132/><W1/><G1/><T44/><D44/><U17/><E45/><V55/><F55/><W4/><G4/><T29/><D29/><U93/><E0/><V56/><F56/><W51/><G51/><T33/><D33/><U67/><E58/><V91/><F69/><W128/><G128/><T110/><D110/><U14/><E3/><V7/><F70/><W5/><G5/><T114/><D114/><U81/><E113/><V77/><F7/><W129/><G129/><T98/><D98/><U97/><E115/><V78/><F130/><W21/><G99/><T85/><AGARI ba="0,1" hai="10,15,16,47,50,52,54,59,62,76,83,85,89,90" machi="85" ten="20,12000,2" yaku="1,1,0,1,7,1,8,1,54,2,53,0" doraHai="68" doraHaiUra="131" who="0" fromWho="0" sc="224,130,311,-30,211,-30,244,-60" /><INIT seed="4,0,0,1,0,55" ten="354,281,181,184" oya="0" hai0="76,96,95,117,45,32,11,4,115,40,30,27,79" hai1="101,134,59,114,44,7,53,49,25,77,18,100,108" hai2="72,67,54,65,23,121,85,74,21,91,2,20,87" hai3="92,83,133,75,64,46,71,24,111,81,119,62,42"/><T132/><D117/><U52/><E108/><V69/><F121/><W16/><G119/><T103/><D115/><U99/><E134/><V89/><F2/><W112/><G111/><T107/><D107/><U19/><E114/><V120/><F120/><W6/><G112/><T131/><D131/><U3/><E77/><V50/><F69/><W0/><G133/><T122/><D122/><U106/><E100/><V84/><F54/><W56/><G71/><T78/><D132/><U63/><REACH who="1" step="1"/><E25/><REACH who="1" ten="354,271,181,184" step="2"/><V60/><F50/><W26/><G26/><T37/><REACH who="0" step="1"/><D78/><REACH who="0" ten="344,271,181,184" step="2"/><U57/><E57/><V43/><F89/><W1/><G56/><T68/><D68/><U41/><E41/><V51/><F91/><W38/><G42/><T8/><D8/><AGARI ba="0,2" hai="3,7,8,18,19,44,49,52,53,59,63,99,101,106" machi="8" ten="40,5200,0" yaku="1,1,52,1,54,1,53,0" doraHai="55" doraHaiUra="29" who="1" fromWho="0" sc="344,-52,271,72,181,0,184,0" /><INIT seed="5,0,0,4,1,64" ten="292,343,181,184" oya="1" hai0="9,18,65,128,61,56,72,73,106,10,42,30,119" hai1="88,129,91,11,108,40,80,121,103,3,134,82,60" hai2="126,45,84,131,12,59,58,8,107,54,95,4,52" hai3="122,29,130,132,97,112,99,87,50,55,32,66,110"/><U13/><E121/><V43/><F107/><W109/><G122/><T62/><D119/><U98/><E129/><V105/><F105/><W33/><G66/><T28/><D106/><U26/><E134/><V118/><F118/><W35/><G29/><T79/><D128/><U39/><E3/><V100/><F126/><W5/><G5/><T115/><D115/><U102/><E108/><V51/><F131/><W7/><G7/><T27/><D30/><U44/><E26/><V22/><F22/><W38/><G38/><T70/><D42/><U67/><E80/><V77/><F100/><W41/><G41/><T47/><D47/><U81/><E81/><N who="2" m="47151" /><F95/><W53/><G130/><T46/><D46/><U104/><E82/><V127/><F127/><W74/><G74/><T124/><D124/><U24/><E24/><V69/><F69/><W37/><G37/><T89/><D89/><U34/><E34/><V16/><F4/><W75/><G75/><T93/><D93/><U6/><REACH who="1" step="1"/><E103/><REACH who="1" ten="292,333,181,184" step="2"/><V123/><F123/><W83/><G110/><T57/><D79/><U71/><AGARI ba="0,1" hai="6,11,13,39,40,44,60,67,71,88,91,98,102,104" machi="71" ten="20,18000,2" yaku="1,1,2,1,0,1,7,1,52,1,54,1,53,0" doraHai="64" doraHaiUra="48" who="1" fromWho="1" sc="292,-60,333,190,181,-60,184,-60" /><INIT seed="5,1,0,0,3,125" ten="232,523,121,124" oya="1" hai0="36,98,73,47,62,54,105,107,132,50,124,38,63" hai1="121,21,113,69,31,79,68,131,91,93,127,58,116" hai2="7,18,133,51,76,43,57,75,111,86,14,100,46" hai3="67,15,10,120,85,115,70,0,135,112,49,52,90"/><U17/><E116/><V39/><F111/><W28/><G120/><T8/><D73/><U104/><E104/><V106/><F75/><W22/><G0/><T94/><D124/><U83/><E121/><V24/><F133/><W33/><G33/><T72/><D72/><U23/><E131/><V6/><F24/><W99/><G99/><T60/><D132/><U5/><E5/><V89/><F76/><W26/><G135/><T95/><D95/><U3/><E3/><V19/><F19/><W55/><G67/><T42/><D8/><U122/><E113/><N who="3" m="43594" /><G49/><T78/><D78/><U45/><E45/><V65/><F100/><W129/><G70/><T92/><D92/><U2/><E2/><V25/><F106/><W109/><G129/><T32/><D32/><U102/><E102/><V40/><F40/><W29/><G29/><T87/><D87/><U4/><E93/><N who="2" m="54455" /><F39/><W41/><G41/><T35/><D35/><U103/><E58/><V117/><F25/><W16/><G109/><T134/><D134/><U30/><E68/><V81/><F117/><W82/><AGARI ba="1,0" hai="10,15,16,22,26,28,52,55,82,85,90" m="43594" machi="82" ten="30,4000,0" yaku="15,1,54,2" doraHai="125" who="3" fromWho="3" sc="232,-11,523,-21,121,-11,124,43" /><INIT seed="6,0,0,1,5,90" ten="221,502,110,167" oya="2" hai0="121,22,123,53,86,130,85,59,74,23,10,78,131" hai1="134,4,82,30,13,52,118,108,46,1,11,26,88" hai2="36,98,120,106,3,112,114,92,15,20,129,6,27" hai3="12,45,73,87,58,102,34,55,80,67,99,91,49"/><V33/><F120/><W97/><G34/><T100/><D100/><U38/><E108/><V43/><F106/><W75/><G97/><T18/><D22/><U19/><E118/><V126/><F126/><W14/><G73/><T77/><D10/><U35/><E134/><V21/><F129/><W60/><REACH who="3" step="1"/><G75/><REACH who="3" ten="221,502,110,157" step="2"/><T7/><D74/><U5/><E35/><V81/><F33/><W127/><G127/><T117/><D121/><U56/><E1/><V132/><F132/><W71/><G71/><T29/><D123/><U72/><E72/><V24/><F3/><W41/><G41/><T63/><D130/><U133/><E133/><V51/><F114/><W76/><G76/><T39/><D78/><U44/><E38/><V68/><F68/><W17/><G17/><T37/><D77/><U69/><E19/><N who="2" m="12319" /><F36/><W64/><G64/><T0/><D131/><U116/><E69/><V9/><F112/><W61/><G61/><T32/><D39/><U2/><E116/><V107/><F107/><AGARI ba="0,1" hai="12,14,45,49,55,58,60,67,80,87,91,99,102,107" machi="107" ten="30,2000,0" yaku="1,1,7,1,53,0" doraHai="90" doraHaiUra="70" who="3" fromWho="2" sc="221,0,502,0,110,-20,157,30" /><INIT seed="7,0,0,3,2,0" ten="221,502,90,187" oya="3" hai0="79,76,41,118,128,62,78,106,88,18,59,82,115" hai1="80,35,40,51,111,132,109,49,64,121,68,74,36" hai2="66,21,99,113,92,47,83,102,44,58,1,96,16" hai3="133,33,72,87,77,110,27,8,126,10,61,29,19"/><W7/><G72/><T6/><D118/><U5/><E5/><V15/><F113/><W130/><G126/><T13/><D106/><U42/><E80/><V22/><F1/><W26/><G130/><T30/><D30/><U94/><E94/><V70/><F70/><W85/><G77/><T34/><D34/><U131/><E35/><V120/><F120/><W14/><G133/><T89/><D128/><U56/><E68/><V48/><F99/><W116/><G116/><T54/><D115/><U57/><E64/><V45/><F83/><W93/><G110/><T112/><D112/><U3/><E3/><V119/><F119/><W23/><G93/><T134/><D134/><U67/><E67/><V75/><F75/><W39/><G39/><T97/><D41/><U104/><E42/><V127/><F127/><W63/><G10/><T38/><D38/><U122/><E36/><V123/><F123/><W50/><G50/><T91/><D6/><U98/><E104/><V65/><REACH who="2" step="1"/><F22/><REACH who="2" ten="221,502,80,187" step="2"/><N who="3" m="13663" /><G33/><T31/><D82/><U43/><E51/><V105/><F105/><W107/><G107/><T60/><D97/><U125/><E49/><V95/><F95/><W71/><G71/><T46/><D62/><AGARI ba="0,1" hai="7,8,14,23,27,29,61,62,63,85,87" m="13663" machi="62" ten="30,2900,0" yaku="8,1,52,1" doraHai="0" who="3" fromWho="0" sc="221,-29,502,0,80,0,187,39" /><INIT seed="7,1,0,1,4,64" ten="192,502,80,226" oya="3" hai0="44,47,12,94,7,9,111,43,122,134,23,0,91" hai1="49,109,57,82,4,124,88,126,74,28,115,20,2" hai2="132,71,26,33,101,80,42,66,31,97,8,127,48" hai3="108,98,103,35,41,15,125,34,84,3,75,61,39"/><W13/><G3/><T45/><D122/><U22/><E109/><V16/><F127/><W113/><G75/><T131/><D111/><U81/><E115/><V62/><F132/><W86/><G108/><T73/><D73/><U40/><E88/><V1/><F80/><W102/><G61/><T105/><D105/><U92/><E40/><V133/><F133/><W72/><G72/><T85/><D134/><U6/><E20/><V106/><F42/><W14/><G113/><T76/><D131/><U104/><E22/><V67/><F67/><W18/><G18/><T68/><D68/><U65/><E28/><V114/><F48/><W83/><G41/><T38/><D76/><U32/><E65/><V96/><F96/><W100/><G98/><T63/><D63/><U130/><E104/><V123/><F114/><W121/><G39/><T56/><D56/><U79/><E74/><V119/><F119/><W29/><G29/><T51/><D38/><U11/><E57/><V59/><F59/><W90/><G121/><T129/><D129/><U36/><E36/><V117/><F123/><W95/><G125/><T52/><D43/><U55/><E2/><V78/><F78/><W89/><G35/><T24/><D0/><U53/><E32/><V135/><F135/><W116/><G34/><T19/><AGARI ba="1,0" hai="7,9,12,19,23,24,44,45,47,51,52,85,91,94" machi="19" ten="20,5200,0" yaku="0,1,7,1,8,1,54,1" doraHai="64" who="0" fromWho="0" sc="192,55,502,-14,80,-14,226,-27" owari="247,5.0,488,58.0,66,-43.0,199,-20.0" /></mjloggm>