<mjloggm ver="2.3"><GO type="225" lobby="0"/><UN n0="%E3%81%99%E3%81%84%E3%81%BE%E3%81%9B%E3%83%BC%E3%82%93" n1="%4B%61%74%65" n2="%E3%81%95%E3%81%8F%E3%82%89%E3%81%93" n3="%70%68%65%6E%6F%6D%65" dan="17,17,16,17" rate="2149.74,2213.13,2159.15,2238.24" sx="M,M,M,M"/><TAIKYOKU oya="0"/><INIT seed="0,0,0,3,5,111" ten="250,250,250,250" oya="0" hai0="2,49,123,71,47,104,82,63,133,22,81,52,41" hai1="68,135,97,107,89,102,16,30,35,14,42,118,29" hai2="78,18,44,32,56,88,91,26,7,64,109,112,43" hai3="120,76,92,105,86,38,77,9,132,39,117,17,116"/><T59/><D123/><U106/><E118/><V79/><F109/><W53/><G120/><T10/><D133/><U113/><E68/><V85/><F7/><W67/><G105/><T36/><D104/><U65/><E65/><V40/><F112/><W108/><G132/><T119/><D119/><U101/><E89/><V12/><F32/><W27/><G67/><N who="0" m="41471" /><D22/><U60/><E60/><N who="2" m="37895" /><F26/><W46/><G108/><T66/><D66/><U33/><E42/><N who="2" m="15915" /><F44/><W20/><G39/><T34/><D34/><U134/><E14/><V8/><F91/><W54/><G38/><T96/><D96/><U84/><E84/><V31/><F31/><W45/><G45/><T114/><D114/><U72/><E16/><V3/><F3/><W130/><G46/><T74/><D74/><U15/><E15/><V87/><F87/><W83/><G116/><T5/><AGARI ba="0,0" hai="2,5,10,36,41,47,49,52,59,81,82" m="41471" machi="5" ten="30,3000,0" yaku="24,1,54,1" doraHai="111" who="0" fromWho="0" sc="250,30,250,-10,250,-10,250,-10" /><INIT seed="0,1,0,2,2,10" ten="280,240,240,240" oya="0" hai0="67,57,92,86,65,102,81,97,0,3,93,127,52" hai1="108,70,115,129,85,79,71,36,72,100,118,60,88" hai2="15,55,31,78,66,117,38,13,27,34,120,17,91" hai3="45,1,2,105,53,84,7,43,69,30,12,87,37"/><T134/><D134/><U124/><E118/><V116/><F120/><W54/><G105/><T32/><D127/><U28/><E36/><V14/><F38/><W33/><G69/><T89/><D32/><U74/><E28/><V16/><F66/><W11/><G84/><T46/><D46/><U107/><E60/><V114/><F78/><W90/><G30/><T95/><D0/><U4/><E4/><V135/><F114/><W9/><G33/><T63/><REACH who="0" step="1"/><D3/><REACH who="0" ten="270,240,240,240" step="2"/><U24/><E124/><V68/><F135/><W6/><REACH who="3" step="1"/><G1/><REACH who="3" ten="270,240,240,230" step="2"/><T125/><D125/><U96/><E115/><V41/><F116/><W25/><G25/><T131/><D131/><U112/><E24/><V48/><F117/><W5/><G5/><T26/><D26/><U23/><E129/><V94/><F27/><W83/><AGARI ba="1,2" hai="2,6,7,9,11,12,37,43,45,53,54,83,87,90" machi="83" ten="20,5200,0" yaku="1,1,0,1,7,1,52,1,53,0" doraHai="10" doraHaiUra="56" who="3" fromWho="3" sc="270,-27,240,-14,240,-14,230,75" /><INIT seed="1,0,0,1,1,47" ten="243,226,226,305" oya="1" hai0="120,84,82,107,62,133,66,71,6,110,102,38,97" hai1="39,59,30,63,73,28,98,50,26,129,19,135,13" hai2="104,91,34,131,49,125,74,21,54,72,94,88,117" hai3="9,67,86,112,42,15,36,64,58,60,118,134,46"/><U124/><E39/><V7/><F117/><W121/><G121/><T100/><D110/><U3/><E3/><V17/><F104/><W126/><G112/><T108/><D108/><U10/><E73/><V2/><F34/><W23/><G126/><T25/><D120/><U89/><E124/><V33/><F33/><W113/><G113/><T48/><D38/><U32/><E129/><V37/><F37/><W81/><G134/><T78/><D133/><U31/><E135/><V80/><F131/><W52/><G23/><T57/><D102/><U85/><E98/><V27/><F7/><W92/><G92/><T123/><D123/><U44/><E59/><V109/><F2/><W29/><G29/><T20/><D6/><U75/><E63/><V65/><F65/><W68/><G68/><T53/><D20/><U130/><E75/><V70/><F70/><W24/><G24/><T18/><D18/><U12/><E12/><V111/><F125/><W83/><G83/><T51/><D25/><U122/><E122/><V4/><F4/><W114/><G118/><T103/><D103/><U77/><E77/><V14/><F27/><W106/><G106/><T0/><D0/><U61/><E61/><AGARI ba="0,0" hai="48,51,53,57,61,62,66,71,78,82,84,97,100,107" machi="61" ten="30,3900,0" yaku="7,1,52,2" doraHai="47" who="0" fromWho="1" sc="243,39,226,-39,226,0,305,0" /><INIT seed="2,0,0,3,2,92" ten="282,187,226,305" oya="2" hai0="114,135,37,75,76,61,118,73,46,10,29,11,50" hai1="32,44,117,97,68,13,96,67,4,36,116,64,62" hai2="2,28,128,56,51,84,80,102,14,38,71,7,39" hai3="88,42,127,55,77,24,107,65,1,119,104,81,43"/><V113/><F113/><W132/><G119/><T134/><D114/><U18/><E32/><V111/><F71/><W19/><G1/><T70/><D37/><U40/><E4/><V22/><F2/><W89/><G65/><N who="0" m="41263" /><D29/><U106/><E67/><V120/><F128/><W63/><G127/><T58/><D58/><U34/><E34/><V83/><F120/><W25/><G132/><N who="0" m="50731" /><D118/><U90/><E90/><V105/><F83/><W26/><G19/><T115/><D115/><U8/><REACH who="1" step="1"/><E106/><REACH who="1" ten="282,177,226,305" step="2"/><V60/><F7/><W91/><G104/><T54/><D76/><U72/><E72/><AGARI ba="0,1" hai="10,11,46,50,54,72,73,75" m="50731,41263" machi="72" ten="30,1000,0" yaku="20,1" doraHai="92" who="0" fromWho="1" sc="282,20,177,-10,226,0,305,0" /><INIT seed="3,0,0,3,2,76" ten="302,167,226,305" oya="3" hai0="73,38,34,81,125,2,55,10,122,77,127,82,120" hai1="102,3,28,97,88,89,59,64,24,4,53,22,118" hai2="110,94,68,105,32,26,111,35,25,41,7,60,47" hai3="15,87,43,49,11,113,92,129,50,132,114,40,104"/><W72/><G104/><T5/><D34/><U75/><E75/><V18/><F105/><W19/><G72/><T123/><D82/><U95/><E118/><V128/><F7/><W103/><G129/><T1/><D38/><U124/><E124/><N who="0" m="47689" /><D55/><U46/><E3/><AGARI ba="0,0" hai="1,2,3,5,10,73,77,81,120,122,123" m="47689" machi="3" ten="40,5200,0" yaku="18,1,23,1,52,1" doraHai="76" who="0" fromWho="1" sc="302,52,167,-52,226,0,305,0" owari="354,44.0,115,-38.0,226,-17.0,305,11.0" /></mjloggm>