<mjloggm ver="2.3"><GO type="169" lobby="0"/><UN n0="%6D%61%74%6F%30%36%30%33" n1="%E3%82%82%E3%81%8B%E3%81%BE%E3%82%8B" n2="%E3%81%93%E3%81%B0%E3%81%A1" n3="%E3%81%9B%E3%81%A9%E3%81%AA%E3%82%8A%E3%81%82%E3%82%93" dan="17,16,16,16" rate="2192.24,2042.31,2019.68,2094.15" sx="M,M,M,M"/><TAIKYOKU oya="0"/><INIT seed="0,0,0,3,4,68" ten="250,250,250,250" oya="0" hai0="24,121,123,26,28,129,74,32,118,71,56,46,125" hai1="89,9,20,11,95,10,72,77,12,114,66,107,76" hai2="63,133,93,69,130,85,92,7,97,45,128,19,52" hai3="111,91,30,51,59,14,135,3,13,108,126,120,87"/><T17/><BYE who="1" /><D71/><U27/><E27/><V22/><F7/><W83/><G126/><T43/><D74/><U131/><E131/><N who="2" m="50219" /><F133/><UN n1="%E3%82%82%E3%81%8B%E3%81%BE%E3%82%8B" /><W36/><G135/><T78/><D129/><U104/><E114/><V105/><F85/><W58/><G3/><T2/><D78/><U34/><E34/><V33/><F33/><W41/><G30/><T117/><D56/><U38/><E66/><N who="2" m="41183" /><F105/><W35/><G35/><T67/><D67/><U127/><E104/><V99/><F99/><W31/><G31/><N who="0" m="19559" /><D46/><U81/><E107/><V18/><F18/><W55/><G59/><T113/><D43/><U75/><E127/><V8/><F8/><W119/><G120/><N who="0" m="46155" /><D125/><U94/><E89/><V37/><F97/><W122/><G122/><T39/><D39/><U88/><E38/><V70/><F70/><W23/><G23/><N who="0" m="15455" /><D113/><U49/><E72/><V102/><F102/><W65/><G65/><T0/><D17/><N who="1" m="10279" /><E75/><V50/><F37/><W57/><G57/><T112/><D112/><U115/><E115/><V1/><F1/><AGARI ba="0,0" hai="0,1,2,117,118" m="15455,46155,19559" machi="1" ten="30,2900,0" yaku="34,2" doraHai="68" who="0" fromWho="2" sc="250,29,250,0,250,-29,250,0" /><INIT seed="0,1,0,0,3,32" ten="279,250,221,250" oya="0" hai0="56,68,66,134,26,95,86,92,19,121,23,72,110" hai1="46,12,15,38,64,101,94,77,112,114,69,93,84" hai2="74,24,13,50,0,91,58,70,27,47,39,99,109" hai3="120,90,111,29,63,129,4,34,128,105,67,7,78"/><T75/><D121/><U14/><E64/><V96/><F74/><W17/><G111/><T18/><D68/><U127/><E69/><V3/><F70/><W55/><G105/><T104/><D104/><U76/><E101/><V65/><F39/><W28/><G67/><T54/><D66/><U85/><E127/><V51/><F109/><W35/><G78/><N who="1" m="30314" /><E46/><V89/><F13/><N who="1" m="3329" /><U131/><DORA hai="79" /><E38/><V132/><F65/><W45/><G17/><T41/><D41/><U122/><E122/><V106/><F106/><W125/><G90/><T113/><D18/><U36/><E36/><V133/><REACH who="2" step="1"/><F47/><REACH who="2" ten="279,250,211,250" step="2"/><W60/><G45/><T124/><D72/><U107/><E107/><V100/><F100/><W88/><G120/><T25/><D75/><U87/><E131/><V16/><F16/><W102/><G102/><T11/><D19/><U40/><E40/><V10/><F10/><W62/><G125/><T71/><D124/><U33/><E33/><N who="3" m="12298" /><G55/><T6/><D54/><U115/><AGARI ba="1,1" hai="84,85,87,93,94,112,114,115" m="3329,30314" machi="115" ten="50,6400,0" yaku="28,2,11,1" doraHai="32,79" who="1" fromWho="1" sc="279,-33,250,77,211,-17,250,-17" /><INIT seed="1,0,0,0,4,131" ten="246,327,194,233" oya="1" hai0="94,81,6,62,51,54,97,120,37,98,75,55,61" hai1="16,9,91,27,109,124,71,90,47,102,5,40,20" hai2="34,19,25,3,78,8,57,105,135,89,39,30,29" hai3="1,53,24,117,17,80,108,23,31,121,14,79,26"/><U85/><E124/><V111/><F105/><W38/><G108/><T113/><D113/><U92/><E71/><V52/><F39/><W106/><G121/><T130/><D37/><U7/><E109/><V15/><F111/><W107/><G26/><T82/><D130/><U100/><E91/><V44/><F44/><W115/><G115/><T125/><D125/><U96/><E9/><V50/><F78/><W21/><G1/><T84/><D75/><U86/><E86/><V103/><F103/><W10/><G10/><T58/><D120/><U36/><REACH who="1" step="1"/><E102/><REACH who="1" ten="246,317,194,233" step="2"/><V133/><F89/><W69/><G69/><T119/><D84/><U32/><E32/><V88/><F88/><W116/><G116/><T60/><D119/><U46/><E46/><V132/><F30/><W76/><G117/><T42/><D98/><U63/><E63/><V99/><F99/><W56/><G79/><T128/><D62/><U101/><E101/><V43/><F43/><W93/><G76/><T65/><D42/><U13/><E13/><V123/><F123/><W129/><G129/><T67/><D61/><U0/><E0/><AGARI ba="0,1" hai="0,3,8,15,19,25,29,34,50,52,57,132,133,135" machi="0" ten="40,8000,1" yaku="20,1,52,3,54,1" doraHai="131" who="2" fromWho="1" sc="246,0,317,-80,194,90,233,0" /><INIT seed="2,0,0,1,0,45" ten="246,237,284,233" oya="2" hai0="109,94,68,40,37,80,9,131,74,31,38,14,8" hai1="81,72,122,95,60,20,12,88,66,18,24,17,106" hai2="104,105,126,79,69,98,121,32,62,128,133,100,130" hai3="6,49,48,1,64,25,22,75,50,116,28,99,108"/><V55/><F121/><W93/><G116/><T52/><D68/><U51/><E106/><V33/><F105/><W119/><G119/><T29/><D109/><U47/><E122/><V0/><F55/><W82/><G108/><T57/><D131/><U43/><E72/><V61/><F61/><W76/><G64/><T13/><D94/><U101/><E81/><V23/><F23/><W67/><G67/><T102/><D102/><U96/><E18/><V73/><F126/><W7/><REACH who="3" step="1"/><G1/><REACH who="3" ten="246,237,284,223" step="2"/><T3/><D3/><U15/><REACH who="1" step="1"/><E101/><AGARI ba="0,1" hai="6,7,22,25,28,48,49,50,75,76,82,93,99,101" machi="101" ten="40,12000,2" yaku="1,1,2,1,52,3,53,1" doraHai="45" doraHaiUra="77" who="3" fromWho="1" sc="246,0,237,-120,284,0,223,130" /><INIT seed="3,0,0,1,4,125" ten="246,117,284,353" oya="3" hai0="7,86,4,75,69,113,23,37,54,110,133,73,30" hai1="3,78,51,126,80,76,2,47,123,117,99,121,96" hai2="67,33,107,91,116,12,17,25,46,38,36,8,62" hai3="97,20,72,131,71,106,87,108,83,42,82,56,112"/><W53/><G71/><T14/><D37/><U94/><E126/><V115/><F116/><W132/><G112/><T129/><D69/><U35/><E35/><V43/><F107/><W127/><G132/><T109/><D54/><U19/><E117/><V10/><F115/><W45/><G127/><T39/><D86/><U104/><E19/><V52/><F36/><W84/><G108/><T0/><D39/><U32/><E32/><V122/><F91/><W100/><G72/><T5/><D0/><U22/><E22/><V119/><F122/><W29/><G45/><T70/><D70/><U57/><E57/><V130/><F67/><W118/><G42/><T34/><D75/><U55/><E104/><V27/><F8/><W58/><G118/><T93/><D73/><U114/><E114/><V44/><F44/><W40/><G40/><T1/><D93/><U68/><E68/><V6/><F6/><W111/><G111/><N who="0" m="42507" /><D1/><U74/><E78/><V49/><F38/><W21/><G29/><T98/><D98/><U24/><E24/><V105/><F25/><W124/><G124/><T15/><D133/><U50/><E96/><V101/><F27/><W16/><G56/><T134/><D134/><U31/><E31/><V11/><F105/><W135/><G135/><T41/><D113/><U65/><E65/><V26/><F26/><W95/><G58/><T59/><D59/><U61/><E61/><V89/><F62/><W92/><G106/><T88/><D34/><U79/><E51/><V66/><F33/><W103/><G97/><T64/><D30/><U48/><E48/><RYUUKYOKU ba="0,0" sc="246,0,117,0,284,0,353,0" /><INIT seed="4,1,0,2,2,130" ten="246,117,284,353" oya="0" hai0="103,102,4,19,53,13,47,10,30,42,12,133,3" hai1="5,119,80,38,92,2,111,8,64,15,48,126,40" hai2="93,22,73,129,76,49,37,57,44,32,116,61,123" hai3="35,110,131,91,50,87,21,11,114,127,104,26,82"/><T135/><D30/><U33/><E111/><V99/><F32/><W100/><G110/><T69/><D53/><U84/><E38/><V89/><F37/><W65/><G35/><T106/><D69/><U16/><E119/><V124/><F124/><W70/><G131/><T66/><D66/><U23/><E126/><V63/><F63/><W105/><G127/><T45/><D3/><U6/><E64/><V94/><F123/><W55/><G114/><T78/><D78/><U74/><E74/><V118/><F129/><W71/><G100/><N who="0" m="38443" /><D42/><U79/><E33/><V43/><F76/><W115/><G115/><T95/><D95/><U121/><E121/><V113/><F94/><W56/><G11/><N who="0" m="6559" /><D106/><U27/><E92/><V1/><F1/><W101/><G101/><T36/><D36/><U81/><E81/><V25/><F73/><W88/><G91/><T134/><AGARI ba="1,0" hai="4,10,13,45,47,133,134,135" m="6559,38443" machi="134" ten="40,12000,1" yaku="20,1,52,3" doraHai="130" who="0" fromWho="0" sc="246,123,117,-41,284,-41,353,-41" /><INIT seed="4,2,0,5,2,11" ten="369,76,243,312" oya="0" hai0="14,51,16,90,7,91,92,108,49,58,102,30,114" hai1="84,21,43,68,109,13,22,31,96,128,134,83,23" hai2="10,105,0,39,87,82,18,53,107,133,122,73,117" hai3="131,64,3,41,93,45,59,80,126,74,124,20,106"/><T55/><D114/><U78/><E134/><V60/><F39/><W69/><G106/><T71/><D71/><U119/><E128/><V46/><F73/><W85/><G131/><T132/><D132/><U15/><E119/><V48/><F122/><W79/><G3/><T89/><D108/><U5/><E109/><V47/><F47/><W111/><G69/><T129/><D30/><U4/><E68/><V29/><F29/><W26/><G111/><T9/><D129/><U127/><E127/><N who="3" m="48682" /><G93/><T62/><D7/><N who="1" m="2635" /><E43/><V44/><F44/><W61/><G74/><T56/><D56/><U52/><E96/><AGARI ba="2,0" hai="9,14,16,49,51,55,58,62,89,90,91,92,96,102" machi="96" ten="40,7700,0" yaku="8,1,52,1,54,1" doraHai="11" who="0" fromWho="1" sc="369,83,76,-83,243,0,312,0" owari="452,56.0,-7,-51.0,243,-16.0,312,11.0" /></mjloggm>