<mjloggm ver="2.3"><GO type="169" lobby="0"/><UN n0="%E3%82%B5%E3%83%95%E3%82%A9%E3%83%BC%E3%82%AF%E3%81%AE%E7%94%BA" n1="%E3%83%94%E3%83%B3%E3%82%B5%E3%83%AD%E5%BA%97%E5%93%A1" n2="%E3%82%82%E3%82%8A%E3%81%9E%E3%83%BC%33%38" n3="%E7%8F%BE%E5%A0%B4%E3%81%AD%E3%81%93" dan="16,18,17,16" rate="2162.16,2254.56,2179.63,2066.65" sx="M,M,M,M"/><TAIKYOKU oya="0"/><INIT seed="0,0,0,4,5,126" ten="250,250,250,250" oya="0" hai0="43,45,27,64,81,71,122,53,80,8,130,38,67" hai1="125,14,4,28,40,128,65,50,51,49,59,22,119" hai2="61,98,75,16,111,68,89,121,106,74,6,48,52" hai3="44,56,133,35,79,78,108,21,104,36,95,76,135"/><T46/><D122/><U25/><E119/><V102/><F111/><W0/><G35/><T99/><D27/><U13/><E125/><V86/><F6/><W58/><G104/><T92/><D8/><U69/><E69/><V10/><F61/><W41/><G0/><T63/><D64/><U30/><E40/><V12/><F68/><W83/><G83/><T88/><REACH who="0" step="1"/><D130/><REACH who="0" ten="240,250,250,250" step="2"/><U113/><E128/><V73/><F121/><W124/><G124/><T42/><D42/><U31/><E113/><V66/><F66/><W120/><G120/><T105/><D105/><U94/><E65/><V9/><F10/><W34/><G34/><T29/><D29/><U116/><E30/><V20/><F75/><W37/><G21/><T112/><D112/><U131/><E28/><V7/><F7/><W19/><G19/><T97/><D97/><U84/><E131/><V87/><F87/><W5/><G5/><T2/><D2/><U129/><E129/><V85/><F85/><W26/><G26/><T115/><D115/><U101/><E4/><V60/><F60/><W107/><G107/><T127/><D127/><U18/><E116/><V24/><F24/><W17/><G17/><T72/><D72/><U15/><E31/><V132/><F9/><W114/><G114/><T109/><D109/><U57/><E84/><V33/><F33/><W23/><G23/><T118/><D118/><U70/><E70/><V100/><F73/><W55/><G108/><T117/><D117/><U134/><E134/><V1/><F74/><W47/><G133/><T3/><D3/><U54/><E54/><RYUUKYOKU ba="0,1" sc="240,15,250,15,250,-15,250,-15" hai0="38,43,45,46,53,63,67,71,80,81,88,92,99" hai1="13,14,15,18,22,25,49,50,51,57,59,94,101" /><INIT seed="0,1,1,1,1,79" ten="255,265,235,235" oya="0" hai0="98,75,131,102,18,54,6,4,65,64,12,117,120" hai1="71,15,69,118,95,107,81,100,86,80,60,38,85" hai2="105,37,21,121,135,76,58,48,0,126,124,88,91" hai3="42,11,27,68,132,74,10,20,116,122,3,109,104"/><T57/><D75/><U84/><E118/><V40/><F121/><W55/><G55/><T8/><D120/><U67/><E38/><V103/><F0/><W94/><G42/><T106/><D131/><U123/><E123/><V108/><F108/><W72/><G94/><T28/><D28/><U90/><E69/><V26/><F135/><W89/><G89/><T23/><D117/><U1/><E1/><V97/><F37/><W32/><G20/><T93/><D106/><U36/><E36/><V87/><F76/><W24/><G3/><T83/><D4/><U115/><E115/><V114/><F114/><W59/><G59/><T111/><D111/><U101/><E107/><V25/><F91/><W133/><G104/><T70/><D83/><U22/><E15/><V43/><F58/><W51/><G116/><T50/><REACH who="0" step="1"/><D70/><REACH who="0" ten="245,265,235,235" step="2"/><U56/><E71/><V113/><F113/><W17/><G68/><T130/><D130/><U82/><REACH who="1" step="1"/><E22/><REACH who="1" ten="245,255,235,235" step="2"/><V63/><F21/><W99/><G122/><T128/><D128/><U45/><E45/><V77/><F105/><W29/><G109/><T35/><D35/><U9/><E9/><V41/><F126/><W110/><G110/><T119/><D119/><U16/><E16/><V13/><F124/><W14/><G32/><T44/><D44/><U134/><E134/><V62/><F13/><AGARI ba="1,3" hai="6,8,12,13,18,23,50,54,57,64,65,93,98,102" machi="13" ten="30,5800,0" yaku="1,1,7,1,8,1,53,0" doraHai="79" doraHaiUra="78" who="0" fromWho="2" sc="245,91,255,0,235,-61,235,0" /><INIT seed="0,2,0,1,4,13" ten="336,255,174,235" oya="0" hai0="122,59,62,118,96,80,130,68,67,87,75,60,64" hai1="116,125,69,8,22,131,111,32,42,99,30,94,29" hai2="70,79,123,44,26,86,49,78,76,55,85,50,134" hai3="108,91,84,35,83,107,23,56,103,31,128,9,53"/><T61/><D118/><U54/><E69/><V105/><F123/><W16/><G108/><T45/><D122/><U110/><E32/><V2/><F70/><W81/><G128/><T15/><D75/><U127/><E42/><V21/><F2/><W24/><G9/><T71/><D130/><U51/><E131/><V117/><F105/><W18/><G107/><T89/><D45/><N who="1" m="28015" /><E8/><V14/><F134/><W88/><G103/><T101/><D15/><U1/><E1/><V19/><F117/><W7/><G7/><T109/><D109/><N who="1" m="41483" /><E116/><V135/><F135/><W6/><G6/><T95/><D61/><U129/><E129/><V113/><F113/><W97/><G35/><T120/><D120/><U46/><E46/><V28/><REACH who="2" step="1"/><F50/><REACH who="2" ten="336,255,164,235" step="2"/><N who="3" m="30775" /><G97/><T65/><D71/><U20/><E125/><V93/><F93/><W12/><G12/><T77/><D68/><U34/><E127/><V3/><F3/><W114/><G114/><T4/><D96/><U73/><E94/><V72/><F72/><W58/><G58/><T38/><D59/><U106/><E73/><V90/><F90/><N who="3" m="34347" /><G83/><T63/><D101/><U17/><E106/><V124/><F124/><W5/><G5/><T119/><D119/><U0/><E0/><V41/><F41/><W39/><G39/><T11/><D38/><U52/><E99/><V48/><F48/><W133/><G133/><T126/><D126/><U40/><E40/><V92/><F92/><W112/><G112/><T104/><D104/><U37/><E37/><V36/><F36/><W25/><G25/><T121/><D121/><U82/><E82/><RYUUKYOKU ba="2,1" sc="336,-15,255,-15,164,15,235,15" hai2="14,19,21,26,28,44,49,55,76,78,79,85,86" hai3="16,18,23,24,31,81,84" /><INIT seed="1,3,1,4,1,87" ten="321,240,179,250" oya="1" hai0="118,85,33,125,105,19,112,80,62,88,89,74,67" hai1="46,128,109,96,21,106,117,129,42,12,6,75,126" hai2="25,28,61,40,66,113,63,44,68,99,29,0,53" hai3="32,52,14,51,39,56,18,108,76,50,45,5,43"/><U15/><E117/><V107/><F0/><W58/><G108/><T20/><D33/><U135/><E75/><V57/><F113/><W65/><G32/><T81/><D112/><U26/><E106/><V115/><F115/><W134/><G134/><T94/><D105/><U35/><E96/><V84/><F25/><W98/><G39/><T47/><D118/><U119/><E119/><V100/><REACH who="2" step="1"/><F84/><REACH who="2" ten="321,240,169,250" step="2"/><W72/><G72/><T38/><D74/><U49/><E135/><V114/><F114/><W122/><G122/><T30/><D85/><U77/><E109/><V24/><F24/><W91/><G76/><T4/><D81/><U73/><E35/><V17/><F17/><W86/><G5/><T133/><D19/><N who="1" m="12607" /><E6/><V8/><F8/><W95/><G86/><T59/><D133/><U111/><E111/><V101/><F101/><W41/><G65/><T90/><D67/><U7/><E7/><V11/><F11/><W130/><G130/><N who="1" m="50282" /><E126/><V1/><F1/><W55/><G45/><T102/><D125/><U36/><E36/><AGARI ba="3,2" hai="28,29,36,40,44,53,57,61,63,66,68,99,100,107" machi="36" ten="30,2000,0" yaku="1,1,7,1,53,0" doraHai="87" doraHaiUra="104" who="2" fromWho="1" sc="321,0,240,-29,169,49,250,0" /><INIT seed="2,0,0,0,1,47" ten="321,211,218,250" oya="2" hai0="43,2,9,113,50,92,135,68,80,60,93,39,25" hai1="51,117,130,69,89,67,98,112,66,6,34,86,104" hai2="119,105,15,111,19,55,13,48,114,133,8,20,41" hai3="76,110,127,124,106,90,53,107,88,45,33,11,84"/><V132/><F114/><W134/><G33/><T7/><D113/><U52/><E112/><V122/><F119/><W17/><G76/><T121/><D121/><U125/><E117/><V46/><F122/><W101/><G101/><T10/><D39/><U116/><E116/><V99/><F111/><W87/><G110/><T74/><D10/><U12/><E34/><V73/><F73/><W22/><G11/><T115/><D115/><U63/><E130/><V79/><F79/><W102/><G102/><T126/><D74/><U100/><E125/><V83/><F83/><W75/><G75/><T108/><D80/><U3/><E3/><V94/><F105/><W103/><G103/><T32/><D126/><N who="3" m="48169" /><G87/><T82/><D82/><U120/><E66/><V42/><F132/><W78/><G78/><T129/><D129/><U31/><E31/><V58/><F133/><W71/><G71/><T30/><D135/><U0/><E0/><V37/><F41/><W95/><G90/><T85/><D85/><U49/><E120/><V128/><F128/><W29/><G29/><T70/><D70/><U1/><E1/><V44/><F58/><W123/><G123/><T24/><D108/><U65/><E86/><V62/><F94/><W72/><G72/><T77/><D77/><U27/><E89/><V4/><F99/><W40/><G134/><T36/><D32/><U54/><E69/><V96/><F96/><W28/><G107/><T16/><D2/><U131/><E131/><V23/><F23/><W109/><G106/><T81/><D68/><N who="1" m="42047" /><E104/><V5/><F5/><W38/><G109/><RYUUKYOKU ba="0,0" sc="321,-10,211,-10,218,30,250,-10" hai2="4,8,13,15,19,20,37,42,44,46,48,55,62" /><INIT seed="2,1,0,5,0,126" ten="311,201,248,240" oya="2" hai0="104,66,2,92,5,85,69,17,123,12,134,99,7" hai1="6,82,3,51,129,52,48,103,80,110,16,91,1" hai2="4,34,68,41,90,36,119,77,23,73,67,8,124" hai3="79,31,27,0,50,56,87,71,43,89,22,115,70"/><V88/><F119/><W105/><G0/><T10/><D123/><U127/><E127/><V20/><F34/><W96/><G115/><T39/><D39/><U42/><E110/><V13/><F124/><W53/><G43/><T128/><D104/><U25/><E103/><V97/><F68/><W29/><G29/><T38/><D38/><U125/><E125/><V18/><F67/><W40/><G40/><T101/><D134/><U86/><E129/><V30/><F30/><W95/><REACH who="3" step="1"/><G79/><REACH who="3" ten="311,201,248,230" step="2"/><T132/><D2/><U9/><E3/><V107/><F41/><W130/><G130/><T28/><D28/><U84/><E42/><V98/><F36/><W58/><G58/><T55/><D128/><U60/><E1/><V122/><F77/><W49/><G49/><T33/><D69/><U64/><E48/><V15/><F122/><W46/><G46/><T81/><D132/><U63/><E51/><V102/><F73/><W37/><G37/><T114/><D114/><U54/><E60/><V109/><F109/><W83/><G83/><T78/><D33/><U57/><E82/><V108/><F108/><W133/><G133/><T21/><D81/><U72/><E72/><V14/><F98/><W111/><G111/><T76/><D99/><U100/><E80/><V94/><F107/><W131/><G131/><T62/><D76/><U24/><E57/><V59/><F59/><W113/><G113/><T44/><D78/><U118/><E63/><V32/><F32/><W47/><G47/><T26/><D62/><U120/><E120/><V135/><F135/><W19/><G19/><AGARI ba="1,1" hai="4,8,13,14,15,18,19,20,23,88,90,94,97,102" machi="19" ten="40,12000,1" yaku="6,1,9,1,8,1,54,1" doraHai="126" who="2" fromWho="3" sc="311,0,201,0,248,133,230,-123" /><INIT seed="2,2,0,4,2,108" ten="311,201,381,107" oya="2" hai0="22,115,60,121,98,53,120,44,122,112,63,61,80" hai1="41,135,38,18,81,89,4,129,74,110,52,127,111" hai2="45,88,29,17,25,68,14,13,114,57,46,113,77" hai3="83,90,72,51,54,86,5,27,101,32,102,1,59"/><V62/><F68/><W71/><G71/><T50/><D22/><U8/><E129/><V117/><F117/><W6/><G72/><T93/><REACH who="0" step="1"/><D80/><REACH who="0" ten="301,201,381,107" step="2"/><U2/><E81/><V37/><F77/><W126/><G126/><T130/><D130/><U21/><E127/><V116/><F116/><W35/><G35/><T87/><D87/><U28/><E21/><V19/><F29/><W133/><G133/><T79/><D79/><U132/><E28/><V64/><F25/><W12/><G32/><T109/><D109/><U36/><E135/><V125/><F125/><W75/><G75/><T73/><D73/><U16/><E74/><V106/><F37/><W20/><G1/><T0/><D0/><U84/><E36/><V43/><F114/><W100/><REACH who="3" step="1"/><G12/><REACH who="3" ten="301,201,381,97" step="2"/><T124/><D124/><U94/><E132/><V15/><F113/><W34/><G34/><T92/><D92/><U66/><E2/><V47/><F106/><W58/><G58/><T82/><D82/><U96/><E94/><V70/><F70/><W67/><G67/><T91/><AGARI ba="2,2" hai="44,50,53,60,61,63,91,93,98,112,115,120,121,122" machi="91" ten="40,8000,1" yaku="1,1,0,1,52,2,53,0" doraHai="108" doraHaiUra="26" who="0" fromWho="0" sc="301,106,201,-22,381,-42,97,-22" /><INIT seed="3,0,0,1,0,91" ten="407,179,339,75" oya="3" hai0="60,35,21,12,92,24,37,11,33,101,62,28,107" hai1="111,66,39,68,43,126,69,116,67,50,103,93,96" hai2="10,95,4,15,124,115,36,108,22,77,114,104,81" hai3="6,127,42,105,3,85,64,17,122,134,32,86,59"/><W123/><G105/><T120/><D120/><U100/><E39/><V30/><F104/><W110/><G42/><T58/><D37/><U90/><E111/><V88/><F36/><W40/><G40/><T83/><D107/><U0/><E0/><V57/><F108/><W55/><G64/><T44/><D44/><N who="1" m="25887" /><E69/><V45/><F124/><W25/><G110/><T56/><D83/><U27/><E68/><V8/><F45/><W52/><G3/><T128/><D128/><U121/><E121/><V119/><F119/><W41/><G41/><T72/><D72/><U20/><E126/><V133/><F133/><W76/><G6/><T89/><D101/><N who="1" m="38987" /><E116/><V135/><F135/><W9/><G127/><T2/><D2/><U132/><E132/><V75/><F10/><W48/><G134/><T109/><D109/><U14/><E14/><V7/><F7/><W49/><G76/><T13/><D33/><U1/><E1/><V16/><F57/><N who="0" m="22122" /><D35/><U129/><E129/><V113/><F30/><AGARI ba="0,0" hai="20,27,30,66,67,90,93,96" m="38987,25887" machi="30" ten="30,2000,0" yaku="8,1,52,1" doraHai="91" who="1" fromWho="2" sc="407,0,179,20,339,-20,75,0" /><INIT seed="4,0,0,2,0,89" ten="407,199,319,75" oya="0" hai0="117,126,23,88,77,87,127,33,63,55,80,11,41" hai1="30,124,38,43,123,25,75,19,121,56,83,97,53" hai2="92,17,64,106,46,27,72,128,99,48,91,79,110" hai3="52,21,51,67,3,45,26,34,35,74,5,40,113"/><T116/><D33/><U115/><E124/><N who="0" m="47657" /><D41/><U32/><E115/><V107/><F110/><W20/><G113/><T86/><D11/><U61/><E75/><V112/><F128/><W119/><G119/><T90/><D23/><U100/><E83/><V59/><F112/><W28/><G74/><T76/><D55/><U68/><E68/><V82/><F64/><W133/><G133/><T58/><D58/><U0/><E0/><V22/><REACH who="2" step="1"/><F59/><REACH who="2" ten="407,199,309,75" step="2"/><W70/><G67/><T71/><D71/><U47/><REACH who="1" step="1"/><E19/><REACH who="1" ten="407,189,309,75" step="2"/><V135/><F135/><W15/><G70/><T114/><D114/><U120/><E120/><V29/><F29/><W2/><G28/><T131/><D131/><U66/><E66/><V84/><F84/><W8/><G2/><T57/><D117/><U18/><E18/><V6/><F6/><W95/><G3/><T12/><D116/><U132/><E132/><V96/><F96/><W24/><G34/><T105/><D87/><U81/><E81/><V134/><F134/><W102/><G35/><T44/><D80/><U109/><E109/><V111/><F111/><W104/><G5/><T39/><D86/><U78/><E78/><V31/><F31/><W129/><G129/><T54/><D76/><U37/><E37/><V14/><F14/><W125/><G125/><T103/><D77/><U118/><E118/><V50/><F50/><W7/><G51/><T36/><D12/><U49/><E49/><V42/><AGARI ba="0,2" hai="17,22,27,42,46,48,72,79,82,91,92,99,106,107" machi="42" ten="20,5200,0" yaku="1,1,0,1,7,1,52,1,53,0" doraHai="89" doraHaiUra="108" who="2" fromWho="2" sc="407,-26,189,-13,309,72,75,-13" /><INIT seed="5,0,0,3,3,130" ten="381,176,381,62" oya="1" hai0="116,48,46,107,39,88,71,14,66,75,87,79,97" hai1="65,132,6,4,47,44,86,62,90,30,12,89,40" hai2="23,11,111,0,22,36,73,98,7,94,92,118,29" hai3="113,17,55,129,101,2,45,60,53,105,54,91,121"/><U41/><E30/><V24/><F111/><W135/><G121/><T32/><D32/><U26/><E26/><V127/><F118/><W108/><G108/><T9/><D39/><U10/><E132/><V96/><F36/><W28/><G129/><T61/><D116/><U102/><E102/><V59/><F73/><W126/><G126/><T95/><D75/><U64/><E62/><V115/><F127/><W77/><G77/><T19/><D79/><U27/><E27/><V72/><F72/><W25/><G17/><T43/><REACH who="0" step="1"/><D107/><REACH who="0" ten="371,176,381,62" step="2"/><U58/><E6/><V37/><F37/><W114/><G105/><T3/><D3/><U103/><E4/><V134/><F115/><W117/><G2/><T20/><D20/><U63/><E10/><V80/><F23/><W69/><G117/><T85/><AGARI ba="0,1" hai="9,14,19,43,46,48,61,66,71,85,87,88,95,97" machi="85" ten="30,4000,0" yaku="1,1,0,1,54,1,53,0" doraHai="130" doraHaiUra="35" who="0" fromWho="0" sc="371,50,176,-20,381,-10,62,-10" /><INIT seed="6,0,0,3,3,74" ten="421,156,371,52" oya="2" hai0="119,115,88,68,67,9,3,91,132,61,78,47,103" hai1="72,104,60,87,31,57,63,69,121,54,45,34,42" hai2="130,1,111,113,23,123,65,114,64,11,125,36,52" hai3="127,8,33,59,26,56,108,32,112,94,131,118,82"/><V25/><F123/><W20/><G118/><T35/><D35/><U55/><E72/><V16/><F36/><W12/><G108/><T48/><D119/><U135/><E104/><V39/><F39/><W40/><G40/><T97/><D78/><U30/><E34/><V129/><F111/><W28/><G127/><T14/><D3/><U22/><E135/><V46/><F125/><W75/><G131/><N who="2" m="50185" /><F1/><W53/><G94/><T37/><D37/><U5/><E42/><V79/><F79/><W110/><G110/><T19/><D115/><N who="2" m="44042" /><F11/><W38/><G38/><T85/><D85/><U0/><E0/><V99/><F99/><W101/><G112/><T70/><D70/><U15/><E69/><V50/><AGARI ba="0,0" hai="16,23,25,46,50,52,64,65" m="44042,50185" machi="50" ten="40,12000,1" yaku="19,1,15,1,54,2" doraHai="74" who="2" fromWho="2" sc="421,-40,156,-40,371,120,52,-40" /><INIT seed="6,1,0,0,3,44" ten="381,116,491,12" oya="2" hai0="113,51,31,23,13,88,128,103,118,33,94,114,102" hai1="45,93,97,53,39,120,122,115,49,123,69,10,19" hai2="76,84,119,111,74,124,91,2,109,37,107,95,129" hai3="14,100,26,11,65,61,75,22,86,126,38,17,85"/><V24/><F2/><W60/><G75/><T96/><D33/><U16/><E115/><N who="0" m="44041" /><D128/><U41/><E69/><V46/><F119/><W32/><G126/><T0/><D0/><U116/><E10/><V15/><F124/><W48/><G38/><T121/><D121/><U133/><E133/><V110/><F107/><W81/><G32/><T66/><D66/><U20/><E116/><V80/><F129/><W27/><G27/><N who="0" m="16895" /><D13/><U35/><E35/><V28/><F15/><W70/><G100/><T117/><D103/><N who="1" m="60847" /><E20/><N who="2" m="15367" /><F46/><AGARI ba="1,0" hai="16,19,39,41,45,46,49,53,120,122,123" m="60847" machi="46" ten="30,3900,0" yaku="13,1,52,1,54,1" doraHai="44" who="1" fromWho="2" sc="381,0,116,42,491,-42,12,0" /><INIT seed="7,0,0,3,1,59" ten="381,158,449,12" oya="3" hai0="133,60,87,37,94,15,9,41,3,39,82,75,55" hai1="64,95,72,32,27,19,26,104,30,102,89,12,100" hai2="4,125,31,69,79,128,123,71,66,21,132,36,86" hai3="42,50,92,25,61,51,68,13,103,85,106,6,83"/><W47/><G106/><T88/><D3/><U43/><E72/><V81/><F36/><W22/><G103/><T111/><D111/><U33/><E104/><V119/><F119/><W40/><G92/><T54/><D133/><U44/><E64/><V10/><F132/><W121/><G121/><T112/><D112/><U7/><E7/><V38/><F38/><W110/><G110/><T101/><D41/><U130/><E130/><V80/><F128/><W14/><G6/><T70/><D37/><U77/><E77/><V20/><F69/><W115/><G115/><T8/><D39/><U74/><E74/><V126/><F31/><W28/><G68/><T84/><D75/><U127/><E127/><N who="2" m="48651" /><F80/><W34/><G34/><T76/><D101/><U52/><E52/><V118/><F118/><W114/><G114/><T0/><D0/><U73/><E44/><V18/><F18/><W49/><G61/><T96/><D8/><U120/><E89/><V53/><F53/><W29/><G29/><T135/><D135/><U1/><E12/><N who="3" m="4714" /><G47/><T117/><D117/><U109/><E1/><N who="2" m="271" /><F123/><W2/><G2/><T93/><D70/><U24/><E102/><V63/><AGARI ba="0,0" hai="20,21,63,66,71,79,81,86" m="271,48651" machi="63" ten="30,2000,0" yaku="18,1,52,1" doraHai="59" who="2" fromWho="2" sc="381,-5,158,-5,449,20,12,-10" owari="376,18.0,153,-25.0,469,57.0,2,-50.0" /></mjloggm>