<mjloggm ver="2.3"><GO type="169" lobby="0"/><UN n0="%E6%9D%BE%E5%B1%8B%E3%81%8A%E3%81%98%E3%81%95%E3%82%93" n1="%52%6F%6E%E6%B0%8F" n2="%43%E3%82%A8%E3%83%BC%E3%82%B8%E3%82%A7%E3%83%B3%E3%83%88" n3="%E3%83%AF%E3%83%B3%E3%83%81%E3%83%A3%E3%83%B3" dan="17,16,17,16" rate="2149.73,2151.76,2135.21,2110.20" sx="M,M,M,M"/><TAIKYOKU oya="0"/><INIT seed="0,0,0,3,0,106" ten="250,250,250,250" oya="0" hai0="103,31,105,16,79,55,12,19,91,0,34,24,94" hai1="82,73,33,2,135,52,66,59,42,69,36,101,20" hai2="78,65,110,83,71,72,54,11,37,45,125,123,116" hai3="108,85,81,134,120,14,8,88,77,1,64,104,15"/><T48/><D0/><U119/><E33/><V90/><F123/><W6/><G108/><T32/><D32/><U75/><E2/><V10/><F110/><W41/><G104/><T126/><D126/><U87/><E101/><V43/><F125/><W27/><G134/><T68/><D68/><U9/><E9/><V122/><F122/><W80/><G120/><T18/><D79/><U96/><E96/><V58/><F116/><W25/><G64/><T114/><D114/><U127/><E127/><V22/><F22/><W115/><G115/><T53/><D53/><U93/><E93/><V130/><F90/><W44/><G25/><T30/><D30/><U63/><E20/><V13/><F130/><W129/><G27/><T28/><D28/><U23/><E23/><V107/><F13/><W51/><REACH who="3" step="1"/><G129/><REACH who="3" ten="250,250,250,240" step="2"/><T102/><D105/><U40/><E135/><V50/><REACH who="2" step="1"/><F107/><REACH who="2" ten="250,250,240,240" step="2"/><W76/><G76/><T98/><REACH who="0" step="1"/><D12/><REACH who="0" ten="240,250,240,240" step="2"/><U7/><E119/><V89/><F89/><W26/><G26/><T86/><D86/><AGARI ba="0,3" hai="1,6,8,14,15,41,44,51,77,80,81,85,86,88" machi="86" ten="30,3900,0" yaku="1,1,7,1,54,1,53,0" doraHai="106" doraHaiUra="124" who="3" fromWho="0" sc="240,-39,250,0,240,0,240,69" /><INIT seed="1,0,0,5,3,15" ten="201,250,240,309" oya="1" hai0="111,82,39,92,114,126,52,8,55,85,41,56,3" hai1="100,7,68,98,96,57,102,2,122,47,107,87,104" hai2="86,65,110,14,35,83,5,132,24,76,23,54,124" hai3="38,67,97,60,30,43,17,6,59,91,115,70,89"/><U29/><E68/><V105/><F105/><W20/><G115/><T71/><D114/><U50/><E122/><V12/><F110/><W134/><G134/><T31/><D111/><U125/><E125/><V32/><F132/><W53/><G6/><T18/><D71/><U128/><E128/><V90/><F124/><W78/><G78/><T36/><D31/><U75/><E75/><V66/><F54/><W21/><G30/><T94/><D55/><U51/><E29/><V19/><F76/><W37/><G21/><T0/><D126/><U118/><E118/><V88/><F90/><W62/><G97/><T99/><D3/><U63/><E87/><V77/><F77/><W84/><G43/><T40/><D39/><U112/><E47/><V120/><F120/><W44/><G44/><T61/><D0/><U103/><E103/><V16/><F32/><W127/><G91/><N who="0" m="51639" /><D36/><U27/><E27/><V48/><F48/><W46/><G46/><T106/><D106/><U121/><E121/><V13/><F35/><W9/><G9/><T4/><D4/><U80/><E80/><V116/><F116/><W45/><G45/><T72/><D72/><U25/><E25/><N who="2" m="14567" /><F5/><W81/><REACH who="3" step="1"/><G127/><REACH who="3" ten="201,250,240,299" step="2"/><T64/><D41/><U49/><E112/><V28/><F28/><W101/><G101/><T131/><D40/><U69/><E7/><V42/><F42/><W108/><G108/><T129/><D129/><U95/><E2/><V74/><F74/><W109/><G109/><T135/><D135/><U58/><E107/><V10/><F10/><W79/><G79/><T130/><D130/><RYUUKYOKU ba="0,1" sc="201,-30,250,10,240,10,299,10" hai1="49,50,51,57,58,63,69,95,96,98,100,102,104" hai2="12,13,14,19,24,65,66,83,86,88" hai3="17,20,37,38,53,59,60,62,67,70,81,84,89" /><INIT seed="1,1,1,0,4,94" ten="171,260,250,309" oya="1" hai0="98,95,96,37,59,106,35,134,62,57,109,22,50" hai1="102,118,83,31,103,81,92,38,9,42,88,129,27" hai2="107,99,85,108,26,69,46,97,74,63,34,40,23" hai3="110,14,60,54,36,33,82,5,44,72,6,101,125"/><U55/><E118/><V10/><F74/><W113/><G33/><T86/><D35/><U90/><E129/><V87/><F34/><W25/><G110/><T4/><D37/><U43/><E38/><V1/><F107/><W127/><G25/><T12/><D109/><U7/><E55/><V11/><F69/><W2/><G113/><T17/><D134/><U114/><E114/><V45/><F63/><W21/><G6/><T53/><D106/><U71/><E71/><V128/><F128/><W80/><G80/><N who="1" m="30794" /><E9/><N who="2" m="3083" /><F1/><W66/><G5/><T18/><D18/><U24/><E7/><V84/><F108/><W120/><G120/><T78/><D78/><U132/><E132/><V126/><F126/><W16/><G2/><T124/><D124/><U3/><E3/><V0/><F0/><W70/><G101/><N who="1" m="38410" /><E90/><V93/><F93/><W13/><G54/><N who="0" m="31959" /><D4/><U68/><E68/><V49/><F45/><W135/><G135/><T76/><D76/><U123/><E123/><V91/><F91/><AGARI ba="1,1" hai="12,17,22,53,59,62,86,91,95,96,98" m="31959" machi="91" ten="30,7700,0" yaku="25,1,8,1,52,2" doraHai="94" who="0" fromWho="2" sc="171,90,260,0,250,-80,309,0" /><INIT seed="2,0,0,0,1,73" ten="261,260,170,309" oya="2" hai0="109,12,33,64,42,90,76,91,9,25,36,123,74" hai1="55,107,81,21,35,15,131,82,10,3,17,112,50" hai2="20,128,47,129,117,61,60,63,95,96,68,19,31" hai3="67,125,108,134,110,53,30,114,65,133,97,49,0"/><V59/><F117/><W62/><G0/><T52/><D123/><U86/><E107/><V115/><F115/><W27/><G114/><T5/><D64/><U26/><E112/><V127/><F31/><W32/><G67/><T122/><D122/><U126/><E126/><V124/><F47/><W29/><G29/><T38/><D109/><N who="3" m="42089" /><G125/><N who="2" m="48201" /><F59/><N who="3" m="33199" /><G97/><T6/><D38/><U89/><E131/><N who="2" m="50251" /><F68/><AGARI ba="0,0" hai="27,30,32,62,65,68,133,134" m="33199,42089" machi="68" ten="30,1000,0" yaku="14,1" doraHai="73" who="3" fromWho="2" sc="261,0,260,0,170,-10,309,10" /><INIT seed="3,0,0,2,4,76" ten="261,260,160,319" oya="3" hai0="5,39,118,65,60,28,99,107,79,66,0,70,51" hai1="123,27,67,1,20,35,50,113,41,100,24,73,74" hai2="116,61,90,26,122,106,49,13,33,47,124,85,88" hai3="48,3,98,135,111,120,32,83,12,21,22,121,8"/><W129/><G135/><T53/><D118/><U36/><E1/><V6/><F106/><W29/><G129/><T40/><D66/><U56/><E36/><V7/><F124/><W42/><G98/><T95/><D28/><U86/><E123/><V89/><F122/><W75/><G111/><T104/><D79/><U96/><E113/><V15/><F61/><W128/><G128/><T57/><D5/><U63/><E35/><V115/><F115/><W11/><G75/><T87/><D87/><U71/><E86/><V23/><F33/><W62/><G62/><T125/><D0/><U52/><E41/><V4/><F85/><W2/><G48/><T46/><REACH who="0" step="1"/><D125/><REACH who="0" ten="251,260,160,319" step="2"/><U132/><E132/><V97/><F116/><W108/><G29/><T18/><D18/><U81/><E73/><V59/><F97/><W130/><G130/><T94/><D94/><U64/><E64/><V9/><F9/><W126/><G11/><T101/><AGARI ba="0,1" hai="39,40,46,51,53,57,60,65,70,95,99,101,104,107" machi="101" ten="20,8000,1" yaku="1,1,0,1,7,1,24,2,53,0" doraHai="76" doraHaiUra="84" who="0" fromWho="0" sc="251,90,260,-20,160,-20,319,-40" /><INIT seed="4,0,0,0,0,48" ten="341,240,140,279" oya="0" hai0="11,82,97,0,55,84,23,15,40,49,133,115,8" hai1="130,81,27,53,37,108,118,58,2,32,54,79,75" hai2="29,128,28,38,90,110,64,73,78,77,31,129,30" hai3="66,132,47,76,9,69,46,91,7,26,51,106,34"/><T86/><D115/><U72/><E118/><V83/><F110/><W88/><G106/><T116/><D116/><U112/><E108/><V102/><F38/><W42/><G132/><T24/><D133/><U33/><E37/><V71/><F102/><W56/><G69/><T3/><D40/><U107/><E2/><V126/><F126/><W50/><G76/><T74/><D74/><U98/><E112/><V62/><N who="2" m="7168" /><DORA hai="17" /><V67/><F67/><W13/><G34/><T52/><D97/><U5/><E5/><V92/><REACH who="2" step="1"/><F77/><REACH who="2" ten="341,240,130,279" step="2"/><W94/><G26/><T22/><D24/><U87/><E27/><V12/><F12/><W127/><G127/><T21/><D0/><U134/><E134/><V80/><F80/><W119/><G119/><T10/><D3/><U100/><E130/><V68/><F68/><W105/><G105/><T57/><D15/><U6/><E32/><V63/><F63/><N who="3" m="38247" /><G94/><T103/><D103/><U135/><E135/><V65/><F65/><W41/><AGARI ba="0,1" hai="7,9,13,41,42,46,47,50,51,88,91" m="38247" machi="41" ten="30,2000,0" yaku="8,1,54,1" doraHai="48,17" who="3" fromWho="3" sc="341,-10,240,-5,130,-5,279,30" /><INIT seed="5,0,0,1,2,122" ten="331,235,125,309" oya="1" hai0="5,71,95,109,135,52,3,54,1,55,108,19,133" hai1="18,119,43,20,96,116,4,87,76,118,46,35,56" hai2="84,41,128,64,27,126,67,24,93,98,120,102,131" hai3="58,100,51,117,13,107,99,33,81,25,65,124,112"/><U42/><E35/><V97/><F120/><W127/><G112/><T114/><D114/><U63/><E4/><V105/><F41/><W44/><G117/><T9/><D71/><U130/><E130/><V132/><F132/><N who="0" m="50762" /><D3/><U22/><E22/><V30/><F84/><W77/><G13/><N who="0" m="7599" /><D95/><U68/><E68/><V49/><F49/><W103/><G103/><T72/><D72/><U32/><E32/><V6/><F6/><W101/><G101/><T90/><D90/><U94/><E87/><V16/><F126/><W62/><G25/><T36/><D36/><U28/><E28/><V37/><F37/><W57/><G33/><T121/><D121/><U83/><E83/><V8/><F97/><W70/><G127/><T50/><D50/><U134/><E134/><V10/><F105/><W82/><G82/><T111/><D111/><U80/><E80/><V89/><F102/><W0/><G0/><T29/><D29/><U113/><E113/><V123/><F123/><W38/><G38/><T61/><D61/><U106/><E106/><V47/><F128/><W34/><G34/><T15/><D15/><N who="1" m="9311" /><E76/><V79/><F79/><W88/><G124/><T59/><D59/><U91/><E46/><V115/><F131/><W40/><REACH who="3" step="1"/><G88/><REACH who="3" ten="331,235,125,299" step="2"/><T21/><D21/><U14/><E14/><N who="2" m="7239" /><F115/><W7/><G7/><T60/><D5/><U17/><E17/><V86/><F10/><W129/><G129/><T104/><D1/><U31/><E31/><V26/><F30/><W78/><G78/><T75/><D104/><U69/><E69/><V85/><F47/><W39/><G39/><RYUUKYOKU ba="0,1" sc="331,-30,235,10,125,10,299,10" hai1="42,43,56,63,91,94,96,116,118,119" hai2="24,26,27,64,67,85,86,89,93,98" hai3="40,44,51,57,58,62,65,70,77,81,99,100,107" /><INIT seed="5,1,1,2,3,20" ten="301,245,135,309" oya="1" hai0="12,109,117,57,84,15,70,16,5,35,89,11,123" hai1="83,17,19,118,42,126,132,32,3,67,61,108,92" hai2="111,104,36,63,40,64,2,110,30,78,43,120,39" hai3="59,53,72,27,115,8,26,125,73,98,87,55,65"/><U76/><E118/><V112/><F104/><W49/><G125/><T33/><D70/><U135/><E3/><V31/><F2/><W62/><G115/><T51/><D109/><U130/><E108/><N who="2" m="41515" /><F78/><W107/><G107/><T131/><D131/><U68/><E130/><V0/><F0/><W48/><G98/><T4/><D117/><U100/><E126/><V23/><F23/><W54/><G8/><T105/><D105/><U66/><E66/><V91/><F91/><W90/><G73/><T41/><D123/><U99/><E32/><V37/><F30/><W6/><G6/><T58/><D5/><U71/><E42/><N who="2" m="15915" /><F31/><W102/><G102/><T80/><D57/><U24/><E71/><N who="2" m="42399" /><F112/><W96/><G96/><T116/><D116/><U88/><E100/><V134/><F134/><N who="1" m="51241" /><E24/><N who="3" m="9258" /><G72/><AGARI ba="1,1" hai="17,19,61,67,68,72,76,83,88,92,99" m="51241" machi="72" ten="30,2900,0" yaku="20,1,54,1" doraHai="20" who="1" fromWho="3" sc="301,0,245,42,135,0,309,-32" /><INIT seed="5,2,0,0,5,43" ten="301,287,135,277" oya="1" hai0="62,116,44,25,82,79,17,63,52,123,39,42,129" hai1="87,20,51,92,38,3,119,96,84,133,76,65,32" hai2="61,97,50,13,15,16,73,55,99,111,114,115,7" hai3="12,36,48,35,135,109,113,40,11,134,8,26,90"/><U31/><E38/><V83/><F111/><W1/><G36/><T132/><D116/><U46/><E32/><V0/><F61/><W127/><G109/><T80/><D132/><N who="3" m="50729" /><G90/><T85/><D129/><U10/><E65/><V70/><F70/><W93/><G93/><T101/><D123/><U28/><E119/><V89/><F0/><W94/><G94/><T124/><D124/><U122/><E122/><V24/><F73/><W30/><G127/><T9/><D101/><U59/><E59/><V72/><F72/><W21/><G48/><N who="0" m="28679" /><D42/><U95/><E133/><V58/><F83/><W121/><G40/><T22/><D39/><U68/><E68/><V110/><F110/><W107/><G107/><T14/><D80/><U117/><E117/><V125/><F89/><W53/><G53/><T19/><AGARI ba="2,0" hai="9,14,17,19,22,25,62,63,79,82,85" m="28679" machi="19" ten="30,4000,0" yaku="8,1,52,1,54,1" doraHai="43" who="0" fromWho="0" sc="301,46,287,-22,135,-12,277,-12" /><INIT seed="6,0,0,0,0,26" ten="347,265,123,265" oya="2" hai0="129,54,107,94,21,25,62,68,109,123,63,20,104" hai1="91,82,90,92,115,76,10,122,75,31,53,44,57" hai2="118,130,23,110,72,32,73,16,74,113,49,93,66" hai3="15,60,11,2,24,124,117,79,83,106,22,96,1"/><V33/><F118/><W13/><G124/><T134/><D109/><U27/><E44/><V88/><F113/><W87/><G117/><T121/><D94/><U133/><E133/><V17/><F130/><W42/><G42/><T7/><D7/><U84/><E115/><V61/><F49/><W67/><G15/><T56/><D21/><U51/><E10/><V46/><F46/><W95/><G106/><T36/><D36/><U119/><E119/><V37/><F37/><W132/><G132/><T114/><D114/><U9/><E9/><V100/><F100/><W45/><G45/><T18/><D134/><U59/><E122/><V41/><F41/><W4/><G95/><T101/><D129/><U52/><E90/><V8/><F8/><W55/><G96/><T85/><D85/><U131/><E131/><V86/><F110/><W102/><G55/><T47/><D47/><U105/><E105/><V43/><F43/><W126/><G126/><T30/><D104/><U111/><E111/><V97/><F97/><W112/><G102/><T34/><D101/><U14/><E14/><V70/><REACH who="2" step="1"/><F23/><REACH who="2" ten="347,265,113,265" step="2"/><W99/><G99/><T128/><D128/><U19/><E51/><V127/><F127/><W50/><G50/><T77/><D121/><U135/><E135/><V120/><F120/><W6/><G112/><T65/><D123/><U3/><E3/><V64/><F64/><W58/><G4/><T5/><D5/><U116/><E116/><V78/><F78/><W125/><G125/><T71/><D77/><U69/><E76/><V29/><F29/><AGARI ba="0,1" hai="1,2,6,11,13,22,24,29,58,60,67,79,83,87" machi="29" ten="30,2000,0" yaku="7,1,52,1" doraHai="26" who="3" fromWho="2" sc="347,0,265,0,113,-20,265,30" /><INIT seed="7,0,0,3,1,120" ten="347,265,93,295" oya="3" hai0="69,61,102,49,48,106,4,39,17,25,67,52,78" hai1="113,1,14,58,28,100,31,57,27,134,115,122,101" hai2="97,126,110,20,79,94,66,116,108,118,70,35,135" hai3="131,130,42,90,33,18,47,16,65,38,23,85,132"/><W91/><G33/><T82/><D39/><U75/><E14/><V45/><F35/><W81/><G65/><T93/><D106/><U76/><E122/><V109/><F20/><W124/><G124/><T60/><D4/><U0/><E76/><V127/><F45/><W32/><G32/><T55/><D102/><N who="1" m="39531" /><E27/><V22/><F22/><W13/><G132/><T83/><D93/><U77/><E77/><V73/><F66/><W80/><G18/><T74/><D82/><U29/><E134/><V119/><F70/><W112/><G112/><N who="1" m="43082" /><E75/><V5/><F5/><W37/><G38/><T10/><D60/><U30/><E30/><V86/><F73/><W44/><G47/><T92/><D92/><U63/><E63/><V88/><F135/><W121/><G121/><T64/><D64/><U129/><E129/><V125/><F79/><W84/><AGARI ba="0,0" hai="13,16,23,37,42,44,80,81,84,85,90,91,130,131" machi="84" ten="30,6000,0" yaku="0,1,9,1,54,1" doraHai="120" who="3" fromWho="3" sc="347,-20,265,-20,93,-20,295,60" owari="327,13.0,245,-15.0,73,-43.0,355,45.0" /></mjloggm>