<mjloggm ver="2.3"><GO type="169" lobby="0"/><UN n0="%E9%BA%BB%E9%9B%80%49%51%31%32%30" n1="%E3%83%8F%E5%B4%8E%E7%9C%9F%E6%82%9F" n2="%E3%81%97%E3%82%89%E3%81%99%EF%BC%A1" n3="%4A%4F%4A%4F%31%39%38%35" dan="17,17,16,17" rate="2190.12,2212.75,2103.57,2129.38" sx="M,M,M,M"/><TAIKYOKU oya="0"/><INIT seed="0,0,0,5,1,8" ten="250,250,250,250" oya="0" hai0="7,57,32,100,80,76,38,9,87,60,21,106,99" hai1="90,28,75,110,91,124,67,19,49,15,70,125,103" hai2="63,118,27,14,94,62,55,115,25,56,130,35,117" hai3="34,72,120,107,18,92,69,79,121,122,39,13,78"/><T11/><D32/><U101/><E75/><V10/><F115/><W86/><G107/><T113/><D113/><U66/><E28/><V95/><F130/><W123/><N who="3" m="30720" /><DORA hai="104" /><W24/><G69/><T88/><D38/><U73/><E49/><V50/><F50/><W77/><G39/><T30/><D30/><U45/><E45/><V29/><F27/><W93/><G34/><T16/><D76/><U129/><E73/><V54/><F54/><W108/><G24/><T42/><D42/><U111/><E70/><V22/><F35/><W0/><G0/><T131/><D7/><U46/><E46/><V2/><F62/><W127/><G127/><N who="1" m="48714" /><E91/><V31/><F31/><W128/><G128/><T58/><D58/><U26/><E90/><V135/><F135/><W23/><G108/><N who="1" m="41514" /><E26/><V132/><F2/><W47/><G47/><T61/><D61/><U6/><E6/><N who="2" m="3415" /><F132/><W112/><G112/><T83/><D83/><U37/><E37/><V126/><F126/><W43/><G43/><T3/><D3/><U40/><E40/><V85/><F85/><W65/><G65/><N who="1" m="24586" /><E129/><V97/><F97/><W84/><G72/><T134/><D134/><U102/><E103/><V17/><F29/><W98/><REACH who="3" step="1"/><G92/><REACH who="3" ten="250,250,250,240" step="2"/><T71/><D71/><U116/><E116/><V68/><F68/><W105/><G105/><T36/><D36/><U51/><E51/><V96/><F95/><W48/><G48/><T52/><D131/><U5/><E5/><V82/><F82/><W114/><G114/><T109/><D109/><U64/><E64/><V1/><F1/><W44/><G44/><RYUUKYOKU ba="0,1" sc="250,0,250,0,250,0,240,0" hai0="9,11,16,21,52,57,60,80,87,88,99,100,106" hai1="15,19,101,102" hai2="17,22,25,55,56,63,94,96,117,118" hai3="13,18,23,77,78,79,84,86,93,98" /><INIT seed="0,1,1,5,5,22" ten="250,250,250,240" oya="0" hai0="93,23,120,78,108,68,126,131,90,47,43,42,44" hai1="7,20,2,65,87,67,26,75,118,95,9,15,100" hai2="51,130,17,32,99,77,134,127,97,14,76,119,135" hai3="102,41,103,122,98,40,83,115,45,58,16,106,36"/><T117/><D117/><U28/><E75/><V21/><F32/><W59/><G115/><T35/><D120/><U121/><E118/><V6/><F130/><W91/><G122/><T5/><D35/><U61/><E121/><V132/><F119/><W96/><G40/><T111/><D68/><U92/><E2/><V10/><F51/><W81/><G91/><T84/><D131/><U112/><E112/><V50/><F50/><W3/><G3/><T19/><D5/><U94/><E67/><V11/><F11/><W54/><G58/><T57/><D57/><N who="1" m="37039" /><E87/><V60/><F60/><W85/><G85/><T55/><D78/><N who="2" m="30314" /><F127/><W133/><G133/><N who="2" m="34049" /><V30/><DORA hai="33" /><F30/><W24/><G54/><T31/><D31/><U105/><E105/><V71/><F71/><W49/><G59/><T18/><D55/><U25/><E25/><AGARI ba="1,1" hai="6,10,14,17,21,25,97,99" m="34049,30314" machi="25" ten="40,2600,0" yaku="20,1,52,1" doraHai="22,33" who="2" fromWho="1" sc="250,0,250,-29,250,39,240,0" /><INIT seed="1,0,0,1,0,107" ten="250,221,289,240" oya="1" hai0="90,23,98,60,111,117,94,85,114,126,64,133,57" hai1="100,39,50,115,41,73,101,25,63,14,112,27,108" hai2="36,92,1,21,120,26,54,47,13,31,30,51,81" hai3="66,119,70,74,59,11,89,34,118,38,43,113,71"/><U22/><E73/><V32/><F120/><W72/><G113/><T45/><D117/><N who="3" m="44553" /><G34/><T2/><D111/><U127/><E39/><V86/><F1/><W80/><G11/><T9/><D126/><U61/><E14/><V3/><F3/><W105/><G105/><T95/><D133/><U124/><E50/><V116/><F116/><W87/><G59/><T106/><D106/><U91/><E91/><V67/><F36/><W7/><G7/><T131/><D131/><U52/><E41/><V5/><F67/><W121/><G121/><T123/><D114/><U8/><E8/><V56/><F92/><W135/><G135/><T33/><D33/><U40/><E40/><V62/><F32/><W55/><G55/><T84/><D123/><U78/><E22/><V102/><F102/><W17/><G17/><T49/><D2/><U125/><E125/><V18/><F26/><W46/><G66/><T12/><D23/><U35/><E35/><V75/><F5/><W88/><G89/><T83/><D95/><U109/><REACH who="1" step="1"/><E52/><REACH who="1" ten="250,211,289,240" step="2"/><V77/><F75/><AGARI ba="0,1" hai="38,43,46,70,71,72,74,75,80,87,88" m="44553" machi="75" ten="30,8000,1" yaku="12,1,52,3,54,1" doraHai="107" who="3" fromWho="2" sc="250,0,211,0,289,-80,240,90" /><INIT seed="2,0,0,1,3,26" ten="250,211,209,330" oya="2" hai0="113,105,91,52,18,111,119,32,88,55,116,63,34" hai1="108,104,76,57,28,102,66,45,17,79,0,82,3" hai2="70,93,107,37,114,51,42,9,6,1,49,94,117" hai3="13,89,97,21,40,20,99,72,109,90,86,122,64"/><V65/><F114/><W131/><G122/><T35/><D113/><U27/><E108/><V98/><F117/><N who="0" m="45130" /><D105/><U60/><E17/><V80/><F107/><W120/><G120/><T56/><D111/><U83/><E45/><V44/><F93/><W134/><G72/><T85/><D18/><U47/><E47/><V101/><F65/><W12/><G86/><T128/><D128/><U7/><E102/><V133/><F70/><W48/><G48/><T33/><N who="0" m="8192" /><DORA hai="62" /><T77/><D55/><U124/><E124/><V53/><F133/><W59/><G59/><T22/><D22/><U87/><E7/><V24/><F24/><W95/><G134/><T75/><D75/><U106/><E104/><V11/><F11/><W67/><G95/><T118/><D118/><U19/><E19/><V129/><F129/><W30/><G131/><T43/><D43/><U31/><E106/><V38/><REACH who="2" step="1"/><F80/><AGARI ba="0,0" hai="52,56,63,77,80,85,88,91" m="8192,45130" machi="80" ten="60,7700,0" yaku="12,1,54,2" doraHai="26,62" who="0" fromWho="2" sc="250,77,211,0,209,-77,330,0" /><INIT seed="3,0,0,1,0,121" ten="327,211,132,330" oya="3" hai0="52,88,49,28,94,57,23,76,109,133,39,33,13" hai1="75,67,29,95,41,36,78,89,20,91,27,12,130" hai2="110,46,117,72,59,115,87,47,85,45,43,73,10" hai3="24,116,100,56,101,80,98,0,65,104,82,84,93"/><W96/><G0/><T4/><D133/><U122/><E122/><V127/><F127/><W9/><G116/><T16/><D39/><U79/><E130/><V68/><F115/><W63/><G9/><T77/><D109/><U81/><E78/><V2/><F117/><W66/><G24/><T19/><D4/><U58/><E36/><V71/><F43/><W50/><G50/><T124/><D124/><U99/><E41/><V17/><F59/><W38/><G38/><T131/><D131/><U120/><E120/><V53/><F53/><W92/><G104/><T83/><D19/><U112/><E112/><V102/><F102/><W44/><G44/><T113/><D113/><U125/><E12/><V30/><F30/><W111/><G111/><T11/><D33/><U128/><E128/><V97/><F97/><W51/><G51/><T90/><D90/><U26/><E26/><V32/><F32/><W7/><G7/><T114/><D114/><U6/><E6/><V106/><F106/><W134/><G134/><T70/><D70/><U135/><E125/><V15/><F2/><W123/><G123/><T86/><D83/><N who="3" m="31785" /><G84/><T60/><D49/><U37/><E37/><V108/><F85/><W55/><AGARI ba="0,0" hai="55,56,63,65,66,92,93,96,98,100,101" m="31785" machi="55" ten="30,1500,0" yaku="8,1" doraHai="121" who="3" fromWho="3" sc="327,-5,211,-5,132,-5,330,15" /><INIT seed="3,1,0,0,1,85" ten="322,206,127,345" oya="3" hai0="82,67,129,72,75,132,34,42,44,18,45,61,107" hai1="127,120,36,2,7,78,118,128,46,135,126,93,38" hai2="1,125,23,131,41,124,15,121,76,53,102,98,109" hai3="40,101,14,94,111,134,10,114,54,108,84,73,110"/><W59/><G114/><T56/><D107/><U71/><E120/><V50/><F109/><W0/><G73/><T47/><D34/><U20/><E135/><V96/><F1/><W24/><G134/><T52/><D132/><U119/><E78/><V4/><F131/><W106/><G106/><T86/><D129/><U43/><E128/><V130/><F130/><W5/><G40/><T83/><D18/><U112/><E20/><V80/><F41/><W30/><G101/><T60/><D83/><U92/><E112/><V97/><F102/><W122/><G94/><N who="1" m="36458" /><E71/><V27/><F121/><W33/><G84/><T6/><D6/><U81/><E81/><V95/><F95/><W37/><G37/><T29/><D29/><U117/><E38/><V79/><F15/><W48/><REACH who="3" step="1"/><G122/><REACH who="3" ten="322,206,127,335" step="2"/><T89/><REACH who="0" step="1"/><D42/><REACH who="0" ten="312,206,127,335" step="2"/><U123/><E123/><V105/><F105/><W116/><G116/><T31/><D31/><U91/><E119/><V21/><F96/><W3/><AGARI ba="1,2" hai="0,3,5,10,14,24,30,33,48,54,59,108,110,111" machi="3" ten="40,12000,1" yaku="1,1,0,1,14,1,10,1,53,0" doraHai="85" doraHaiUra="74" who="3" fromWho="3" sc="312,-41,206,-41,127,-41,335,143" /><INIT seed="3,2,0,4,1,59" ten="271,165,86,478" oya="3" hai0="15,130,37,7,99,11,48,120,76,34,46,61,9" hai1="94,92,5,29,100,133,19,51,70,97,41,104,47" hai2="103,8,122,77,109,62,105,14,44,98,115,107,53" hai3="71,39,2,124,1,6,102,65,33,127,121,134,84"/><W26/><G121/><T114/><D130/><U49/><E133/><V13/><F109/><W50/><G39/><T90/><D34/><U35/><E5/><V72/><F115/><W83/><G102/><T40/><D114/><U80/><E19/><V42/><F122/><W131/><G50/><T119/><D119/><U85/><E70/><V96/><F77/><W116/><G116/><T4/><D76/><U30/><E51/><V88/><F72/><W56/><G56/><T132/><D132/><U52/><E41/><V67/><F53/><W22/><G33/><T21/><D21/><U129/><E129/><V108/><F108/><W113/><G6/><T68/><D37/><U54/><E54/><V18/><F13/><W106/><G106/><T81/><D120/><U73/><E73/><V82/><F105/><W118/><G118/><T24/><D24/><U69/><E69/><V43/><F44/><W95/><G95/><T10/><D4/><U16/><E16/><V89/><F89/><N who="3" m="51359" /><G131/><T93/><D81/><U87/><E87/><V86/><REACH who="2" step="1"/><F96/><REACH who="2" ten="271,165,76,478" step="2"/><W101/><G113/><T17/><D99/><U123/><E123/><V112/><F112/><W36/><G134/><T12/><D90/><U58/><E47/><V91/><F91/><W125/><G1/><T64/><D93/><N who="1" m="35947" /><E80/><V3/><F3/><W63/><G2/><T126/><D9/><U57/><E85/><V45/><F45/><W25/><G124/><T27/><D126/><U55/><E104/><V0/><F0/><W38/><G125/><T128/><D128/><U117/><E97/><V78/><F78/><RYUUKYOKU ba="2,1" sc="271,15,165,-15,76,15,478,-15" hai0="7,10,11,12,15,17,27,40,46,48,61,64,68" hai2="8,14,18,42,43,62,67,82,86,88,98,103,107" /><INIT seed="4,3,1,1,4,41" ten="286,150,91,463" oya="0" hai0="25,85,79,74,6,10,122,70,29,94,114,75,108" hai1="71,132,55,15,36,103,81,101,109,42,112,131,24" hai2="8,105,77,97,46,92,12,57,106,59,104,20,78" hai3="111,64,53,65,39,102,34,1,93,107,126,27,80"/><T50/><D122/><U56/><E109/><V121/><F121/><W45/><G111/><T87/><D70/><U115/><E71/><V21/><F59/><W35/><G1/><T68/><D68/><U2/><E2/><V98/><F57/><W52/><G93/><T123/><D114/><N who="1" m="43563" /><E131/><V40/><F21/><W44/><G80/><T88/><D108/><U38/><E132/><V66/><F20/><W90/><G90/><T54/><D123/><U130/><E130/><V110/><F66/><W116/><G27/><T95/><D79/><U17/><E81/><V119/><F119/><W69/><G69/><T22/><D87/><U3/><E3/><V89/><F98/><W120/><G120/><T28/><D28/><U83/><E83/><V49/><REACH who="2" step="1"/><F110/><REACH who="2" ten="286,150,81,463" step="2"/><W61/><G64/><T43/><D22/><N who="1" m="11583" /><E24/><V128/><F128/><W99/><G65/><T51/><D25/><U72/><E72/><V129/><F129/><W7/><G99/><T96/><D75/><U32/><E32/><V135/><F135/><W37/><G34/><T58/><D74/><U11/><E11/><V84/><F84/><W18/><G35/><T113/><D113/><U5/><E56/><V91/><F91/><W86/><G86/><T16/><D85/><U124/><E103/><V76/><F76/><W13/><G116/><T73/><D73/><U125/><E101/><V67/><F67/><W19/><G102/><T117/><D117/><U14/><E125/><V47/><F47/><W127/><G126/><T0/><D58/><U26/><E124/><V60/><F60/><W4/><G61/><RYUUKYOKU ba="3,2" sc="286,-10,150,-10,81,30,463,-10" hai2="8,12,40,46,49,77,78,89,92,97,104,105,106" /><INIT seed="5,4,2,3,1,82" ten="276,140,111,453" oya="1" hai0="87,3,17,99,127,131,79,130,53,18,9,75,43" hai1="135,48,24,81,61,56,125,7,72,70,107,103,116" hai2="39,52,47,6,14,109,92,132,42,108,10,41,105" hai3="83,69,112,33,4,26,68,67,40,71,13,85,110"/><U2/><E116/><V66/><F105/><W46/><G110/><T64/><D75/><U126/><E48/><V11/><F132/><W1/><G1/><T91/><D127/><N who="1" m="48651" /><E70/><V8/><F66/><W133/><G26/><T19/><D43/><U0/><E135/><V16/><F42/><W97/><G97/><T50/><D64/><N who="1" m="38951" /><E7/><V55/><F10/><N who="3" m="4295" /><G33/><T36/><D53/><U62/><E62/><V58/><F92/><W90/><G68/><T76/><D50/><U80/><E24/><V32/><F32/><W102/><G69/><T134/><D36/><U38/><E38/><V29/><F29/><W78/><G71/><T65/><D65/><U23/><E23/><V94/><F94/><W117/><G67/><T129/><D9/><U119/><E119/><V122/><F122/><W88/><G117/><T21/><D21/><U49/><E49/><V22/><F8/><W27/><G27/><T34/><D34/><U57/><E57/><V123/><F123/><W30/><G133/><T25/><D25/><U63/><E63/><V121/><F121/><W101/><G30/><T114/><D134/><U115/><E115/><V106/><F106/><W54/><G112/><T20/><D20/><U104/><E104/><V120/><F120/><W100/><G40/><T37/><D37/><U118/><E118/><V15/><REACH who="2" step="1"/><F52/><REACH who="2" ten="276,140,101,453" step="2"/><W96/><G54/><T59/><D114/><U45/><E45/><V44/><F44/><W98/><G46/><T84/><D59/><U128/><E107/><V89/><F89/><W77/><G90/><T124/><D124/><U95/><E95/><RYUUKYOKU ba="4,3" sc="276,-15,140,-15,101,15,453,15" hai2="6,11,14,15,16,22,39,41,47,55,58,108,109" hai3="77,78,83,85,88,96,98,100,101,102" /><INIT seed="6,5,3,2,5,15" ten="261,125,116,468" oya="2" hai0="103,128,71,124,121,134,83,84,4,35,86,5,89" hai1="113,100,99,129,65,117,55,32,70,132,133,109,7" hai2="2,16,57,44,13,88,22,102,8,23,76,131,77" hai3="37,68,58,135,36,90,14,52,59,107,130,40,63"/><V82/><F131/><W126/><G107/><T61/><D121/><U20/><E32/><V11/><F102/><W50/><G90/><T108/><D108/><U53/><E109/><V46/><F57/><W9/><G68/><T81/><D35/><U91/><E117/><V39/><F39/><W116/><G116/><T56/><D71/><U101/><E129/><V3/><F3/><W118/><G40/><T49/><D124/><U97/><E7/><V75/><F76/><W41/><G41/><T54/><D134/><N who="1" m="51819" /><E91/><V127/><F127/><W64/><G118/><T79/><D128/><U98/><E20/><V122/><F122/><W80/><G80/><T112/><D112/><U24/><E24/><V30/><F88/><W33/><G33/><T114/><D114/><U93/><E113/><V92/><F92/><W110/><G110/><T87/><D87/><U1/><E1/><V21/><REACH who="2" step="1"/><F30/><REACH who="2" ten="261,125,106,468" step="2"/><W106/><G36/><T85/><D103/><N who="1" m="39499" /><E93/><V119/><F119/><W125/><G58/><N who="0" m="33103" /><D86/><U31/><E31/><V51/><F51/><W19/><G130/><T94/><D94/><U62/><AGARI ba="5,4" hai="53,55,62,65,70,97,98,99" m="39499,51819" machi="62" ten="40,1500,0" yaku="20,1" doraHai="15" who="1" fromWho="1" sc="261,-9,125,70,106,-12,468,-9" /><INIT seed="7,0,0,1,3,117" ten="252,195,94,459" oya="3" hai0="133,119,46,122,125,71,32,108,73,104,95,91,57" hai1="96,28,103,100,111,78,89,67,51,53,77,36,98" hai2="0,59,9,80,25,64,15,82,63,85,16,68,94" hai3="102,26,66,135,10,120,49,70,132,88,35,24,60"/><W130/><G120/><T129/><RYUUKYOKU type="yao9" ba="0,0" sc="252,0,195,0,94,0,459,0" hai0="32,46,57,71,73,91,95,104,108,119,122,125,129,133" /><INIT seed="7,1,0,3,3,68" ten="252,195,94,459" oya="3" hai0="59,121,96,97,72,82,135,86,24,62,14,122,115" hai1="22,60,52,26,124,25,2,69,71,57,84,80,53" hai2="89,130,37,1,18,111,128,116,87,114,40,133,31" hai3="108,4,11,106,35,118,132,10,47,17,90,94,99"/><W8/><G35/><T7/><D72/><U20/><E2/><V6/><F111/><W63/><G17/><T51/><D135/><U54/><E124/><V120/><F116/><W5/><G63/><T27/><D115/><U85/><E69/><V15/><F114/><W56/><G56/><T95/><D51/><U103/><E103/><V134/><F31/><W125/><G47/><T73/><D73/><U65/><E71/><V41/><F6/><W50/><G90/><T42/><D42/><U113/><E113/><V0/><F120/><W126/><G94/><T100/><D97/><U119/><E119/><V39/><F15/><W70/><G11/><N who="0" m="4479" /><D122/><U76/><E84/><V107/><F107/><W66/><G66/><N who="0" m="39263" /><D121/><U101/><E101/><V23/><F23/><AGARI ba="1,0" hai="20,22,23,25,26,52,53,54,57,60,65,76,80,85" machi="23" ten="40,2600,0" yaku="8,1,54,1" doraHai="68" who="1" fromWho="2" sc="252,0,195,29,94,-29,459,0" owari="252,5.0,224,-18.0,65,-43.0,459,56.0" /></mjloggm>