<mjloggm ver="2.3"><GO type="169" lobby="0"/><UN n0="%73%75%6E%72%69%67%68%74" n1="%E8%B1%9A%E3%81%AE%E7%8E%8B" n2="%4B%6F%4B%4B%4F" n3="%E3%82%B7%E3%83%B3%E3%83%9C%E3%83%AA%E3%83%AB%E3%83%89%E3%83%AB%E3%83%95" dan="16,16,16,16" rate="2109.50,2150.59,2057.39,2132.25" sx="M,M,M,M"/><TAIKYOKU oya="0"/><INIT seed="0,0,0,4,0,66" ten="250,250,250,250" oya="0" hai0="26,47,99,85,118,108,114,90,31,5,9,127,91" hai1="122,74,65,56,6,89,13,49,62,125,64,20,109" hai2="98,116,67,61,15,57,34,58,72,80,100,121,33" hai3="17,70,84,107,60,77,8,30,2,41,68,110,129"/><T104/><D114/><U78/><E109/><V73/><F121/><W128/><G107/><T55/><D118/><U76/><E125/><V94/><F116/><W103/><G103/><T87/><D127/><U50/><E122/><V63/><F15/><N who="3" m="7399" /><G110/><T88/><D108/><U11/><E65/><V12/><F12/><W1/><G41/><T113/><D113/><U27/><E89/><V101/><F101/><W3/><G60/><T83/><D99/><U43/><E74/><V18/><F18/><W44/><G44/><T134/><D104/><U105/><E105/><V95/><F95/><W54/><G54/><T133/><D55/><U131/><E131/><N who="3" m="50250" /><G30/><T126/><D83/><AGARI ba="0,0" hai="1,2,3,68,70,77,83,84" m="50250,7399" machi="83" ten="40,5200,0" yaku="19,1,52,2" doraHai="66" who="3" fromWho="0" sc="250,-52,250,0,250,0,250,52" /><INIT seed="1,0,0,3,4,75" ten="198,250,250,302" oya="1" hai0="38,125,68,41,51,80,111,78,63,113,52,100,70" hai1="77,10,2,121,131,44,61,55,126,13,33,116,81" hai2="49,99,90,124,25,119,50,21,37,3,109,34,22" hai3="92,112,117,27,108,110,79,93,62,43,83,0,57"/><U115/><E121/><V87/><F37/><W69/><G112/><T89/><D113/><U18/><E115/><V16/><F3/><W29/><G69/><T74/><D100/><U1/><E116/><V132/><F119/><W20/><G43/><T32/><D32/><U76/><E33/><V56/><F109/><N who="3" m="42091" /><G0/><T103/><D125/><U59/><E126/><V97/><F34/><W23/><G20/><T54/><D103/><U47/><E131/><V35/><F35/><W67/><G117/><T19/><D38/><U94/><E2/><V4/><F4/><W72/><AGARI ba="0,0" hai="23,27,29,57,62,67,72,79,83,92,93" m="42091" machi="72" ten="30,2000,0" yaku="14,1,52,1" doraHai="75" who="3" fromWho="3" sc="198,-5,250,-10,250,-5,302,20" /><INIT seed="2,0,0,0,1,83" ten="193,240,245,322" oya="2" hai0="135,25,60,55,47,59,18,124,57,31,128,70,102" hai1="2,101,17,119,4,0,33,7,41,39,82,27,3" hai2="5,52,80,93,13,42,68,115,86,35,64,9,32" hai3="73,95,16,72,51,11,77,21,58,44,29,103,91"/><V20/><F115/><W97/><G29/><T30/><D128/><U75/><E101/><V8/><F42/><W46/><G46/><T19/><D135/><U76/><E119/><V61/><F93/><W38/><G38/><T63/><D70/><U112/><E112/><V37/><F37/><W87/><G58/><T74/><D74/><U105/><E105/><V92/><F92/><W130/><G11/><T15/><D47/><N who="1" m="23999" /><E17/><V96/><F96/><W6/><G6/><T94/><D124/><U56/><E56/><V28/><F52/><W118/><G118/><T45/><D45/><U49/><E49/><V127/><F127/><W106/><G77/><T12/><D94/><U134/><E134/><V98/><F98/><W67/><G67/><T111/><D25/><U34/><E27/><V65/><F65/><W126/><G130/><T114/><D55/><U131/><E131/><V40/><F40/><W123/><G123/><T116/><D111/><U24/><E24/><V132/><F132/><W133/><G133/><T89/><D89/><U110/><E110/><V113/><F113/><W99/><G99/><T104/><D114/><U78/><E78/><N who="2" m="46359" /><F9/><W54/><G126/><T129/><D129/><U50/><E50/><V81/><F81/><W69/><G69/><T121/><D116/><U53/><E53/><V23/><F23/><W108/><G108/><T125/><D125/><U14/><E34/><V100/><F100/><W107/><G106/><T122/><D102/><U79/><E33/><V43/><F43/><W120/><G120/><T85/><D104/><U1/><E75/><RYUUKYOKU ba="0,0" sc="193,10,240,-30,245,10,322,10" hai0="12,15,18,19,30,31,57,59,60,63,85,121,122" hai2="5,8,13,20,28,32,35,61,64,68" hai3="16,21,44,51,54,72,73,87,91,95,97,103,107" /><INIT seed="2,1,0,0,3,33" ten="203,210,255,332" oya="2" hai0="109,34,64,100,111,134,103,107,28,101,24,50,75" hai1="59,77,44,0,52,9,3,87,40,120,99,96,119" hai2="85,30,23,26,5,35,29,56,57,15,48,115,43" hai3="19,121,20,25,116,83,61,124,45,126,118,16,18"/><V10/><F115/><W2/><G83/><T27/><D75/><U117/><E87/><V127/><F127/><N who="3" m="48683" /><G45/><T55/><D134/><U125/><E77/><V63/><F35/><W41/><G41/><T132/><D132/><U53/><E125/><V60/><F30/><N who="3" m="17703" /><G61/><T104/><D24/><U133/><E133/><V7/><F7/><W49/><G49/><T88/><D64/><U39/><E120/><V4/><F4/><W94/><G94/><T114/><D114/><U47/><E9/><V128/><F128/><W42/><G42/><T89/><D104/><U46/><E40/><V67/><F85/><W32/><G2/><N who="1" m="554" /><E59/><V81/><F81/><W97/><G97/><N who="1" m="37450" /><E39/><V72/><F72/><W51/><G51/><T6/><D107/><U13/><E13/><V66/><F43/><W110/><G32/><T82/><D82/><U22/><E22/><V73/><F73/><W84/><G84/><T17/><D34/><U129/><E129/><V123/><REACH who="2" step="1"/><F48/><REACH who="2" ten="203,210,245,332" step="2"/><W70/><G121/><AGARI ba="1,1" hai="5,10,15,23,26,29,56,57,60,63,66,67,121,123" machi="121" ten="40,12000,1" yaku="1,1,2,1,9,1,53,1" doraHai="33" doraHaiUra="21" who="2" fromWho="3" sc="203,0,210,0,245,133,332,-123" /><INIT seed="2,2,0,5,1,3" ten="203,210,378,209" oya="2" hai0="65,91,66,96,106,130,88,67,19,113,75,124,21" hai1="90,103,55,52,132,44,119,97,73,104,123,77,46" hai2="118,92,70,111,34,61,79,39,93,63,100,53,43" hai3="85,51,33,94,128,114,13,23,64,17,110,69,112"/><V105/><F118/><W4/><G110/><T107/><D113/><N who="3" m="43625" /><G128/><T47/><D75/><U27/><E119/><V0/><F34/><W48/><G33/><T127/><D130/><U24/><E132/><V58/><F105/><N who="0" m="39946" /><D47/><U30/><E123/><V82/><F0/><W6/><G69/><T117/><D117/><U22/><E90/><N who="0" m="34345" /><D96/><U99/><E99/><V57/><F70/><W83/><G64/><T49/><D49/><N who="3" m="19017" /><G94/><T126/><D19/><U71/><E71/><V129/><F129/><W86/><G83/><T26/><D21/><U115/><E115/><V42/><F100/><W74/><G74/><T101/><D26/><U59/><E27/><V98/><F98/><W134/><G134/><T131/><D131/><U95/><E104/><V54/><F111/><W87/><AGARI ba="2,0" hai="4,6,13,17,23,85,86,87" m="19017,43625" machi="87" ten="40,5200,0" yaku="11,1,52,2" doraHai="3" who="3" fromWho="3" sc="203,-15,210,-15,378,-28,209,58" /><INIT seed="3,0,0,4,0,96" ten="188,195,350,267" oya="3" hai0="97,5,127,13,105,38,11,107,82,80,91,6,31" hai1="133,106,100,123,75,119,39,59,58,33,24,70,95" hai2="102,46,77,66,4,135,52,7,87,89,8,14,36" hai3="88,22,10,112,54,55,68,99,114,78,132,18,37"/><W15/><G37/><T130/><D38/><U3/><RYUUKYOKU type="yao9" ba="0,0" sc="188,0,195,0,350,0,267,0" hai1="3,24,33,39,58,59,70,75,95,100,106,119,123,133" /><INIT seed="3,1,0,5,1,126" ten="188,195,350,267" oya="3" hai0="82,130,119,121,81,47,65,0,117,50,28,100,41" hai1="9,72,4,125,90,59,13,15,37,26,105,51,106" hai2="108,1,56,66,16,58,113,109,111,74,20,115,83" hai3="96,122,133,132,73,103,92,14,19,123,93,85,76"/><W3/><G3/><T39/><D121/><N who="3" m="46089" /><G14/><T97/><D0/><U53/><E125/><V134/><F134/><N who="3" m="51819" /><G19/><T33/><D65/><U71/><E72/><V118/><F118/><W7/><G7/><T44/><D28/><U80/><E71/><V49/><F1/><W114/><G114/><N who="2" m="43529" /><F49/><W54/><G54/><T48/><D33/><U57/><E37/><V135/><F135/><W86/><G93/><T67/><D67/><U75/><E26/><N who="2" m="14599" /><F66/><W2/><G2/><T23/><D39/><U24/><E24/><V94/><F94/><W34/><G34/><T95/><D23/><U77/><E15/><V21/><F21/><W43/><G43/><T60/><D41/><U38/><E38/><V30/><F30/><W45/><G45/><T32/><D44/><U98/><E59/><V107/><F107/><W87/><G73/><T31/><D47/><U99/><E106/><V120/><F120/><W29/><G29/><T124/><D31/><U22/><E105/><V25/><F25/><W104/><G104/><T40/><D32/><U42/><E42/><V127/><F127/><W8/><G8/><T35/><D40/><U112/><E112/><V61/><F61/><W63/><G63/><T69/><D60/><U36/><E36/><V11/><F11/><W101/><G103/><T84/><D100/><U46/><E22/><V12/><F12/><W70/><G70/><T110/><D69/><U89/><E46/><V79/><AGARI ba="1,0" hai="56,58,74,79,83,108,109,111" m="14599,43529" machi="79" ten="40,2700,0" yaku="14,1,54,1" doraHai="126" who="2" fromWho="2" sc="188,-8,195,-8,350,30,267,-14" /><INIT seed="4,0,0,0,3,16" ten="180,187,380,253" oya="0" hai0="18,33,43,15,79,83,121,44,72,105,36,77,114" hai1="75,58,55,96,28,29,107,78,67,60,3,6,91" hai2="48,108,59,100,128,34,41,5,9,68,116,124,88" hai3="49,19,52,92,123,56,21,89,50,45,113,10,69"/><T111/><D121/><U2/><E75/><V135/><F68/><W27/><G69/><T122/><D122/><U130/><E78/><V40/><F34/><W31/><G123/><T13/><D33/><U126/><E130/><V17/><F108/><W109/><G113/><T117/><D114/><U39/><E39/><V12/><F124/><W38/><G109/><T95/><D105/><U99/><E126/><V4/><F100/><W93/><G38/><T110/><D117/><U131/><E131/><V22/><F135/><W7/><G31/><T11/><D79/><U101/><E3/><V26/><F128/><W87/><G92/><T103/><D103/><U132/><E132/><V133/><F133/><W94/><G93/><T71/><D71/><U70/><E96/><V54/><F116/><W76/><G76/><T64/><D64/><U125/><E91/><V23/><F4/><W53/><G10/><T46/><D46/><U8/><REACH who="1" step="1"/><E125/><REACH who="1" ten="180,177,380,253" step="2"/><V66/><F88/><W37/><G37/><T106/><D106/><U81/><E81/><V129/><F129/><W47/><G7/><T112/><D112/><U80/><E80/><V20/><F66/><W63/><G45/><T104/><D104/><U1/><E1/><V74/><F74/><W127/><G127/><T65/><D65/><U62/><AGARI ba="0,1" hai="2,6,8,28,29,55,58,60,62,67,70,99,101,107" machi="62" ten="20,2700,0" yaku="1,1,0,1,7,1,53,0" doraHai="16" doraHaiUra="90" who="1" fromWho="1" sc="180,-13,177,37,380,-7,253,-7" /><INIT seed="5,0,0,3,0,69" ten="167,214,373,246" oya="1" hai0="71,116,100,59,94,49,45,135,13,38,87,42,51" hai1="36,74,109,99,95,130,105,28,22,123,43,102,40" hai2="121,75,127,23,68,111,97,67,78,81,39,90,72" hai3="60,118,62,114,57,101,124,17,35,115,41,119,16"/><U32/><E123/><V34/><F34/><W1/><G124/><T82/><D116/><N who="3" m="44585" /><G35/><T98/><D135/><U33/><E130/><V131/><F111/><W80/><G1/><T85/><D71/><U76/><E109/><V89/><F72/><W0/><G0/><T84/><D59/><U83/><E43/><V8/><F68/><W26/><G101/><T107/><D82/><U132/><E132/><V120/><F67/><W86/><G41/><T91/><REACH who="0" step="1"/><D13/><REACH who="0" ten="157,214,373,246" step="2"/><U108/><E108/><V18/><F81/><W126/><G57/><T66/><D66/><U79/><E79/><V48/><F78/><W54/><G126/><T61/><D61/><U93/><E33/><V20/><F127/><W44/><G62/><T122/><D122/><U10/><E32/><V65/><F65/><W128/><G60/><T52/><D52/><U24/><REACH who="1" step="1"/><E10/><REACH who="1" ten="157,204,373,246" step="2"/><V125/><F8/><W31/><G128/><T117/><D117/><U7/><E7/><V4/><F125/><W110/><G110/><T96/><AGARI ba="0,2" hai="38,42,45,49,51,84,85,87,91,94,96,98,100,107" machi="96" ten="30,4000,0" yaku="1,1,0,1,52,1,53,0" doraHai="69" doraHaiUra="11" who="0" fromWho="0" sc="157,60,204,-20,373,-10,246,-10" /><INIT seed="6,0,0,3,1,17" ten="217,184,363,236" oya="2" hai0="70,121,3,124,134,35,125,76,53,4,18,36,86" hai1="46,127,40,92,20,88,107,99,74,116,7,14,110" hai2="37,12,93,51,72,47,77,30,19,13,15,31,58" hai3="128,67,68,114,135,61,49,71,78,66,27,56,115"/><V43/><F72/><W105/><G105/><T126/><D121/><U48/><E74/><V1/><F1/><W62/><G78/><T80/><D70/><U10/><E110/><V65/><F77/><W23/><G128/><T82/><D36/><U90/><E127/><V11/><F37/><W89/><G135/><T102/><D35/><U120/><E120/><V21/><F12/><W54/><REACH who="3" step="1"/><G89/><REACH who="3" ten="217,184,363,226" step="2"/><T73/><D134/><U28/><E116/><V26/><F93/><W98/><G98/><T22/><D124/><U118/><E118/><V52/><F65/><W64/><G64/><T44/><D125/><U63/><E107/><V104/><F104/><W2/><G2/><T131/><D3/><U109/><E109/><V55/><F55/><W123/><G123/><T39/><D53/><U6/><E63/><N who="2" m="36295" /><F13/><W106/><G106/><T111/><D111/><U25/><E6/><AGARI ba="0,1" hai="6,11,15,19,21,26,30,31,43,47,51" m="36295" machi="6" ten="30,5800,0" yaku="8,1,52,1,54,1" doraHai="17" who="2" fromWho="1" sc="217,0,184,-58,363,68,226,0" /><INIT seed="6,1,0,5,2,44" ten="217,126,431,226" oya="2" hai0="75,98,19,33,8,41,55,47,133,109,56,28,117" hai1="62,124,61,84,92,123,79,116,20,72,83,25,24" hai2="129,50,18,64,39,76,45,29,100,66,22,115,53" hai3="48,130,87,88,46,73,13,93,71,36,59,114,121"/><V78/><F115/><W49/><G121/><T7/><D75/><U52/><E116/><V1/><F1/><W16/><G71/><T17/><D109/><U58/><E124/><V4/><F129/><W111/><G111/><T94/><D28/><U89/><E123/><V90/><F100/><W12/><G73/><T131/><D33/><U65/><REACH who="1" step="1"/><E20/><REACH who="1" ten="217,116,431,226" step="2"/><V105/><F22/><N who="3" m="11527" /><G130/><T2/><D131/><U40/><E40/><V108/><F108/><W81/><G114/><T68/><D41/><U3/><E3/><V43/><F43/><N who="3" m="24671" /><G36/><T86/><D2/><U134/><E134/><V14/><F39/><W67/><G13/><T97/><D133/><U9/><E9/><V122/><F14/><W35/><G35/><T42/><D8/><U30/><E30/><V112/><F29/><W101/><G67/><T37/><D37/><U126/><E126/><V10/><F64/><W32/><G32/><T5/><D117/><U128/><E128/><V118/><F66/><W15/><G15/><T119/><D119/><U102/><E102/><V21/><F118/><W120/><G120/><T132/><D132/><U125/><E125/><V91/><F122/><W69/><G101/><T104/><D42/><U34/><E34/><V127/><F127/><W63/><G69/><AGARI ba="1,1" hai="24,25,52,58,61,62,65,69,72,79,83,84,89,92" machi="69" ten="30,7700,0" yaku="1,1,7,1,54,1,53,1" doraHai="44" doraHaiUra="85" who="1" fromWho="3" sc="217,0,116,90,431,0,226,-80" /><INIT seed="7,0,0,5,3,101" ten="217,206,431,146" oya="3" hai0="37,75,26,107,128,65,106,22,96,78,29,39,86" hai1="77,82,59,134,126,84,103,20,71,54,115,80,66" hai2="41,90,105,35,112,131,122,27,19,64,98,13,4" hai3="121,79,16,60,33,113,102,114,45,110,52,135,95"/><W81/><G121/><T51/><D65/><U25/><E115/><N who="3" m="44042" /><G33/><T127/><D75/><U56/><E134/><V47/><F4/><W17/><G135/><T48/><D96/><U0/><E0/><V44/><F64/><W28/><G110/><T5/><D5/><U67/><E126/><V34/><F131/><W7/><G28/><T83/><D128/><U36/><E71/><V104/><F44/><W117/><G117/><T72/><D127/><U23/><E36/><V10/><F122/><W97/><G7/><T89/><D48/><N who="1" m="30791" /><E103/><V76/><F76/><W133/><G133/><T132/><D37/><U6/><E6/><V21/><F112/><W9/><G9/><T12/><D39/><U18/><E82/><V2/><F2/><W70/><G70/><T118/><D118/><U130/><E130/><V57/><F57/><N who="3" m="34855" /><G45/><T1/><D1/><U124/><E124/><V50/><F34/><W43/><G43/><T40/><D132/><U8/><E59/><V91/><F35/><W68/><G68/><T32/><D32/><U108/><E108/><V62/><F41/><W24/><G24/><T119/><D119/><U88/><E8/><V87/><F47/><W92/><G95/><N who="0" m="54711" /><D40/><U73/><E23/><V61/><F21/><W100/><G102/><T49/><D12/><U69/><E69/><V94/><F27/><W11/><G11/><T85/><D26/><U15/><E25/><V46/><F10/><W93/><G93/><T38/><D22/><U53/><E53/><V109/><F94/><W116/><G116/><T14/><D38/><U31/><E31/><RYUUKYOKU ba="0,0" sc="217,-15,206,15,431,-15,146,15" hai1="15,18,20,66,67,73,77,80,84,88" hai3="16,17,79,81,92,97,100" /><INIT seed="7,1,0,0,0,26" ten="202,221,416,161" oya="3" hai0="88,104,91,101,135,72,42,68,41,18,15,5,71" hai1="13,102,78,25,12,7,119,28,122,109,16,19,64" hai2="31,131,123,87,49,100,114,116,120,3,134,60,86" hai3="2,0,80,45,34,23,36,10,29,125,89,126,66"/><W54/><G66/><T11/><D72/><U40/><E109/><V56/><F3/><W133/><G34/><T81/><D135/><U132/><E122/><N who="2" m="46635" /><F116/><W20/><G133/><T118/><D118/><U90/><E19/><V75/><F75/><W74/><G2/><T69/><D104/><U70/><E28/><V111/><F111/><W94/><G0/><T79/><D101/><U61/><E25/><V17/><F31/><W128/><G128/><T73/><REACH who="0" step="1"/><D5/><REACH who="0" ten="192,221,416,161" step="2"/><U121/><E102/><V44/><F100/><W115/><G115/><T113/><D113/><U22/><E7/><V6/><F6/><W93/><G10/><T127/><D127/><N who="3" m="48649" /><G29/><T57/><D57/><U108/><E119/><V37/><F114/><W4/><G4/><T58/><D58/><U92/><E132/><V46/><F134/><W106/><G106/><T38/><D38/><U55/><E121/><V35/><F131/><W96/><G94/><T50/><D50/><U76/><E92/><V130/><F130/><W77/><G36/><T67/><D67/><U53/><E64/><V33/><F37/><W14/><G14/><T97/><D97/><U103/><E12/><V124/><F124/><W62/><G62/><T9/><D9/><U107/><E61/><V24/><F60/><W51/><AGARI ba="1,1" hai="20,23,45,51,54,74,77,80,89,93,96" m="48649" machi="51" ten="30,1500,0" yaku="18,1" doraHai="26" who="3" fromWho="3" sc="192,-6,221,-6,416,-6,161,28" /><INIT seed="7,2,0,5,1,24" ten="186,215,410,189" oya="3" hai0="59,25,101,107,69,128,13,96,71,80,43,4,88" hai1="76,83,115,135,126,33,53,45,75,12,11,32,98" hai2="109,3,37,114,131,23,39,31,77,68,65,8,102" hai3="89,62,86,93,127,111,119,123,121,6,61,49,5"/><W108/><G119/><T120/><D120/><N who="3" m="46153" /><G49/><T72/><D128/><U125/><E115/><V133/><F109/><N who="3" m="42059" /><G127/><N who="1" m="48650" /><E135/><V130/><F133/><W20/><G20/><T2/><D2/><U103/><E53/><V105/><F114/><W44/><G44/><T58/><D43/><U134/><E45/><V104/><F77/><W47/><G47/><T110/><D110/><U29/><E29/><V57/><F68/><W81/><G93/><T56/><D72/><U41/><E41/><V40/><F40/><W50/><G50/><T48/><D48/><U66/><E134/><V132/><F132/><W14/><G14/><T26/><D71/><U97/><E66/><V100/><F105/><W95/><G95/><N who="0" m="58527" /><D69/><U46/><E46/><V51/><F104/><W9/><G9/><N who="0" m="4263" /><D107/><U78/><E33/><V118/><F118/><W60/><AGARI ba="2,0" hai="5,6,60,61,62,81,86,89" m="42059,46153" machi="60" ten="40,2100,0" yaku="10,1" doraHai="24" who="3" fromWho="3" sc="186,-9,215,-9,410,-9,189,27" /><INIT seed="7,3,0,5,0,63" ten="177,206,401,216" oya="3" hai0="29,132,134,18,45,59,104,76,60,8,40,11,114" hai1="129,79,84,5,9,39,109,116,88,50,70,103,13" hai2="100,54,123,27,124,64,102,119,127,41,117,2,20" hai3="111,51,87,16,71,36,97,38,55,91,12,37,30"/><W115/><G115/><T105/><D76/><U57/><E39/><V75/><F2/><W96/><G71/><T31/><D114/><U14/><E70/><V24/><F75/><W66/><G66/><T6/><D18/><U15/><E109/><V52/><F64/><W81/><G30/><T33/><D33/><U107/><E129/><V118/><F41/><W125/><G125/><N who="2" m="48201" /><F123/><W82/><G82/><T65/><D29/><U122/><E122/><V113/><F113/><W4/><G4/><T85/><D85/><U43/><E116/><V89/><F89/><W120/><G111/><T94/><D94/><U72/><E107/><V49/><F54/><W86/><G86/><T135/><D31/><U68/><E68/><V90/><F90/><W0/><G0/><N who="0" m="71" /><D11/><U34/><E34/><V121/><F121/><W108/><G108/><T62/><D62/><U93/><E103/><N who="2" m="39467" /><F20/><W128/><G120/><T1/><D1/><U131/><E131/><V17/><F17/><W92/><G128/><T25/><D25/><U53/><E43/><V7/><F7/><W32/><G32/><T61/><D61/><U99/><E72/><V44/><AGARI ba="3,0" hai="24,27,44,49,52,117,118,119" m="39467,48201" machi="44" ten="40,2700,0" yaku="18,1,54,1" doraHai="63" who="2" fromWho="2" sc="177,-10,206,-10,401,36,216,-16" owari="167,-33.0,196,-20.0,437,53.0,200,0.0" /></mjloggm>