<mjloggm ver="2.3"><GO type="169" lobby="0"/><UN n0="%6F%6B%62%6F%6B%62" n1="%E3%81%86%E3%81%91%E3%81%AA%E3%81%8C%E3%81%97%E3%81%BE%E3%81%9B%E3%82%93" n2="%42%65%6E%63%68%69%6E%67" n3="%E4%BC%8A%E4%BB%8B" dan="16,16,16,16" rate="2047.14,2137.96,2082.78,2061.52" sx="M,F,M,M"/><TAIKYOKU oya="0"/><INIT seed="0,0,0,4,2,35" ten="250,250,250,250" oya="0" hai0="64,27,94,43,97,77,82,111,88,86,123,131,98" hai1="118,4,116,48,33,14,34,122,25,18,115,46,28" hai2="103,26,39,1,6,69,119,112,114,52,101,79,126" hai3="92,8,132,57,87,51,63,70,83,99,121,30,56"/><T84/><D123/><U80/><E122/><V110/><F69/><W106/><G106/><T47/><D131/><U37/><E37/><V53/><F39/><W55/><G132/><T22/><D64/><U72/><E34/><V67/><F67/><W74/><G74/><T59/><D59/><U24/><E115/><V58/><F110/><W124/><G124/><T108/><D47/><U7/><E72/><V107/><F79/><W12/><G30/><T71/><D43/><U73/><E25/><V90/><F90/><W85/><G70/><T127/><D127/><U133/><E133/><V44/><F26/><W102/><G83/><T135/><D71/><U0/><E7/><V42/><F107/><W9/><G9/><T109/><D135/><U65/><E65/><V61/><F53/><N who="3" m="31807" /><G121/><T66/><D66/><U21/><E80/><V96/><F103/><W120/><G120/><T50/><D50/><U13/><E73/><V10/><F119/><W41/><G41/><T49/><D49/><U129/><E129/><V17/><F17/><AGARI ba="0,0" hai="8,12,17,55,57,63,85,87,92,99,102" m="31807" machi="17" ten="30,1000,0" yaku="8,1" doraHai="35" who="3" fromWho="2" sc="250,0,250,0,250,-10,250,10" /><AGARI ba="0,0" hai="17,22,27,77,82,84,86,88,94,97,98,108,109,111" machi="17" ten="40,7700,0" yaku="14,1,10,1,54,1" doraHai="35" who="0" fromWho="2" sc="250,77,250,0,240,-77,260,0" /><INIT seed="0,1,0,2,5,32" ten="327,250,163,260" oya="0" hai0="4,18,111,106,74,129,92,115,112,63,5,15,51" hai1="99,43,39,46,94,93,69,98,9,70,37,30,33" hai2="16,52,104,113,126,26,41,11,117,1,62,123,78" hai3="50,44,27,96,82,114,95,127,86,68,97,67,12"/><T89/><D74/><U6/><E33/><V87/><F123/><W72/><G114/><T90/><D106/><U116/><E116/><V77/><F113/><W130/><G72/><T8/><D129/><U110/><E30/><V88/><F104/><W80/><G127/><T91/><D92/><U7/><E110/><V19/><F126/><W66/><G68/><T75/><D75/><U59/><E59/><N who="2" m="35175" /><F1/><W100/><G97/><T132/><D132/><U71/><E9/><V55/><F41/><W122/><G122/><T48/><D115/><U102/><REACH who="1" step="1"/><E37/><REACH who="1" ten="327,240,163,260" step="2"/><V31/><F117/><W128/><G130/><T79/><D111/><U42/><E42/><V35/><F35/><W131/><G128/><T53/><D112/><U40/><E40/><V2/><F2/><W135/><G131/><T0/><D0/><U103/><AGARI ba="1,1" hai="6,7,39,43,46,69,70,71,93,94,98,99,102,103" machi="103" ten="30,4000,0" yaku="1,1,0,1,9,1,53,0" doraHai="32" doraHaiUra="29" who="1" fromWho="1" sc="327,-21,240,53,163,-11,260,-11" /><INIT seed="1,0,0,5,5,46" ten="306,293,152,249" oya="1" hai0="91,132,25,117,127,115,24,2,43,50,103,104,45" hai1="27,48,94,31,6,40,102,134,113,9,29,15,68" hai2="62,82,34,19,47,55,14,130,107,121,67,56,69" hai3="59,61,124,120,90,41,17,4,57,51,122,10,100"/><U66/><E113/><V73/><F121/><W101/><G124/><T7/><D115/><U79/><E134/><V35/><F130/><W98/><G17/><T118/><D132/><U53/><E68/><V106/><F35/><W81/><G120/><T63/><D127/><U110/><E110/><V32/><F34/><W74/><G122/><T129/><D129/><U83/><E66/><V44/><F32/><W96/><G74/><T16/><D91/><U28/><E94/><V3/><F3/><W131/><G81/><T72/><D72/><U33/><E102/><V5/><F5/><W54/><G131/><T109/><D109/><U8/><E40/><V30/><F30/><W93/><G98/><T99/><D25/><U12/><E83/><V58/><F69/><W126/><G126/><T0/><D63/><U42/><E42/><V119/><F119/><W26/><G26/><T105/><D105/><U70/><E70/><V85/><F73/><W97/><G97/><T71/><D71/><U84/><E84/><V108/><F108/><W89/><G89/><T38/><D38/><U1/><E79/><V60/><F107/><W11/><G41/><T39/><D39/><U92/><E1/><V52/><F67/><N who="3" m="39343" /><G4/><T65/><D65/><U21/><E33/><V88/><F106/><W80/><G80/><T49/><D2/><U112/><E92/><V13/><F13/><W36/><G36/><N who="0" m="21735" /><D7/><N who="1" m="3103" /><E112/><V37/><F37/><W22/><G100/><T135/><D0/><U23/><E27/><V125/><F125/><W76/><G101/><T77/><D135/><U87/><E87/><RYUUKYOKU ba="0,0" sc="306,-15,293,15,152,15,249,-15" hai1="6,9,15,21,23,28,29,31,48,53" hai2="14,19,44,47,52,55,56,58,60,62,82,85,88" /><INIT seed="1,1,0,2,5,23" ten="291,308,167,234" oya="1" hai0="78,83,20,120,60,81,56,118,79,64,66,57,70" hai1="51,11,22,131,121,58,17,115,36,24,15,133,19" hai2="44,93,7,29,125,25,110,130,62,1,4,82,119" hai3="123,14,28,96,21,103,76,94,10,75,106,98,95"/><U13/><E115/><V124/><F119/><W31/><G123/><T38/><D118/><U90/><E121/><V117/><F117/><W127/><G127/><N who="2" m="48713" /><F130/><W109/><G109/><T43/><D120/><U104/><E131/><V5/><F110/><W6/><G106/><T74/><D66/><U2/><E133/><V42/><F82/><W40/><G40/><T67/><D67/><U122/><E122/><V12/><F62/><W105/><G105/><T41/><D41/><U53/><E104/><V16/><F93/><W116/><G116/><T39/><D39/><U128/><E128/><V34/><F44/><W84/><G75/><T30/><D43/><U92/><E36/><V54/><F54/><W71/><G71/><T73/><REACH who="0" step="1"/><D38/><REACH who="0" ten="281,308,167,234" step="2"/><U32/><E2/><V45/><F42/><W52/><G52/><T3/><D3/><U8/><E32/><V26/><F1/><W100/><REACH who="3" step="1"/><G21/><REACH who="3" ten="281,308,167,224" step="2"/><T68/><D68/><U107/><E107/><V46/><F46/><W77/><G77/><T85/><D85/><N who="1" m="52303" /><E8/><N who="2" m="6151" /><F45/><W0/><G0/><T9/><D9/><U111/><E111/><V80/><F34/><W55/><G55/><T134/><D134/><U108/><E108/><V63/><F63/><W99/><G99/><T114/><D114/><U101/><E11/><V18/><F4/><W126/><G126/><T97/><D97/><U50/><E50/><V129/><F129/><W27/><G27/><AGARI ba="1,2" hai="20,27,30,56,57,60,64,70,73,74,78,79,81,83" machi="27" ten="40,5200,0" yaku="1,1,9,1,52,1,53,0" doraHai="23" doraHaiUra="35" who="0" fromWho="3" sc="281,75,308,0,167,0,224,-55" /><INIT seed="2,0,0,5,4,65" ten="356,308,167,169" oya="2" hai0="83,113,27,67,110,82,135,2,91,86,117,63,5" hai1="95,61,6,131,10,1,101,20,58,66,19,89,24" hai2="21,128,42,72,7,34,108,46,111,26,60,96,52" hai3="100,121,74,62,87,50,76,40,119,41,133,30,54"/><V17/><F128/><W49/><G119/><T90/><D110/><N who="2" m="42026" /><F72/><W105/><G121/><T116/><D113/><U43/><E131/><V35/><F7/><W107/><G74/><T114/><D114/><U134/><E134/><V45/><F96/><W12/><G50/><T123/><D123/><U98/><E43/><V127/><F127/><W104/><G100/><T14/><D2/><U103/><AGARI ba="0,0" hai="1,6,10,19,20,24,58,61,66,89,95,98,101,103" machi="103" ten="30,1100,0" yaku="0,1" doraHai="65" who="1" fromWho="1" sc="356,-3,308,11,167,-5,169,-3" /><INIT seed="3,0,0,4,0,98" ten="353,319,162,166" oya="3" hai0="65,27,111,79,90,120,109,50,7,76,42,94,9" hai1="126,3,62,59,122,57,58,86,47,53,17,15,124" hai2="80,20,66,23,125,51,35,19,25,48,123,103,56" hai3="31,22,75,97,39,100,11,77,37,85,73,89,135"/><W113/><G113/><T132/><D120/><U54/><E3/><V34/><F125/><W5/><G135/><T104/><D104/><U114/><E122/><V21/><F123/><W134/><G134/><T82/><D65/><U41/><E114/><V118/><F118/><W72/><G31/><T6/><D27/><U121/><E121/><V74/><F74/><W16/><G77/><T101/><D132/><U95/><E126/><V45/><F35/><W99/><G99/><N who="0" m="59639" /><D90/><U67/><E124/><V63/><F34/><W92/><G11/><T26/><D26/><U44/><E67/><V131/><F131/><W102/><G5/><T14/><D82/><U46/><E41/><V49/><F80/><W68/><G68/><T88/><D88/><N who="1" m="53655" /><E62/><V64/><F64/><W32/><G32/><T61/><D61/><U33/><E33/><V43/><REACH who="2" step="1"/><F103/><REACH who="2" ten="353,319,152,166" step="2"/><W117/><G117/><T83/><D83/><U13/><E13/><V60/><F60/><W93/><REACH who="3" step="1"/><G102/><REACH who="3" ten="353,319,152,156" step="2"/><T52/><D79/><U112/><E112/><V1/><F1/><W30/><G30/><T55/><D76/><U28/><E28/><V133/><F133/><W108/><G108/><N who="0" m="41547" /><D7/><U40/><E40/><V87/><F87/><W24/><AGARI ba="0,2" hai="16,22,24,37,39,72,73,75,85,89,92,93,97,100" machi="24" ten="30,11700,0" yaku="1,1,0,1,52,1,54,1,53,0" doraHai="98" doraHaiUra="2" who="3" fromWho="3" sc="353,-39,319,-39,152,-39,156,137" /><INIT seed="3,1,0,5,1,126" ten="314,280,113,293" oya="3" hai0="27,96,4,14,105,31,19,110,118,103,24,68,48" hai1="87,66,65,46,16,102,130,43,71,22,121,6,79" hai2="75,15,117,129,21,9,70,101,54,58,132,92,44" hai3="42,74,29,64,62,133,72,61,30,131,106,53,7"/><W49/><G133/><T124/><D118/><U135/><E121/><V41/><F117/><W37/><G106/><T5/><D124/><U57/><E135/><V69/><F75/><W18/><G7/><T115/><D110/><U40/><E71/><V112/><F112/><W47/><G18/><T56/><D115/><U94/><E6/><V59/><F132/><W120/><G120/><T97/><D97/><U122/><E122/><V100/><F21/><W13/><G13/><T51/><D68/><U109/><E79/><V0/><F0/><W116/><G62/><T52/><D48/><U108/><E57/><V63/><F129/><W38/><G38/><T134/><D24/><U26/><E130/><V17/><F70/><N who="3" m="42255" /><G116/><T60/><D60/><U107/><E107/><V80/><F69/><W78/><G131/><T119/><D119/><U35/><E43/><V3/><F3/><W99/><G99/><T81/><D81/><U123/><E123/><V98/><F80/><N who="3" m="45127" /><G74/><T39/><D39/><U93/><E66/><V104/><F59/><AGARI ba="1,0" hai="29,30,37,42,47,49,53,59" m="45127,42255" machi="59" ten="30,1500,0" yaku="24,1" doraHai="126" who="3" fromWho="2" sc="314,0,280,0,113,-18,293,18" /><INIT seed="3,2,0,3,4,11" ten="314,280,95,311" oya="3" hai0="83,115,99,126,42,120,105,20,106,68,94,85,118" hai1="61,35,12,63,22,41,132,114,92,88,64,56,43" hai2="6,0,108,129,135,59,38,109,30,60,104,10,32" hai3="82,87,86,116,51,102,75,65,131,62,39,81,48"/><W2/><G116/><T73/><D68/><U76/><E114/><V124/><F38/><W37/><G131/><T13/><D118/><U96/><E35/><V103/><F129/><W97/><G75/><T15/><D120/><U107/><E132/><V14/><F135/><W5/><G2/><T1/><D1/><U110/><E110/><V134/><F134/><W121/><G121/><T17/><D115/><U119/><E119/><V36/><F36/><W52/><G5/><T100/><D42/><U45/><E107/><V28/><F124/><W72/><G72/><T90/><D126/><U133/><E133/><V77/><F77/><W69/><G86/><T128/><D128/><U3/><E3/><V16/><F103/><W4/><G4/><T25/><D106/><U127/><E127/><V19/><F104/><W49/><G52/><T112/><D112/><U122/><E122/><V113/><F113/><W21/><G21/><T18/><D18/><N who="2" m="6698" /><F32/><W123/><G123/><T31/><D17/><N who="1" m="10535" /><E76/><AGARI ba="2,0" hai="13,15,20,25,31,73,76,83,85,90,94,99,100,105" machi="76" ten="40,8000,1" yaku="24,2,52,2" doraHai="11" who="0" fromWho="1" sc="314,86,280,-86,95,0,311,0" /><INIT seed="4,0,0,1,0,117" ten="400,194,95,311" oya="0" hai0="84,79,134,58,32,12,115,3,71,93,43,101,63" hai1="76,7,64,9,13,112,38,114,81,0,92,21,41" hai2="85,107,113,29,57,36,87,135,44,16,108,90,130" hai3="25,122,47,89,4,14,42,39,80,132,40,73,120"/><T78/><D3/><U60/><E92/><V82/><F108/><W53/><G132/><T123/><D71/><U118/><E118/><V103/><F135/><W49/><G25/><T26/><D134/><U127/><E127/><V86/><F130/><W11/><G89/><T111/><D111/><U33/><E33/><V75/><F29/><W55/><G55/><T23/><D43/><U45/><E21/><V116/><F116/><W133/><G133/><T1/><D1/><U22/><E22/><V50/><F113/><W69/><G69/><T105/><D105/><U126/><E13/><V48/><F36/><W37/><G42/><T35/><D35/><U24/><E24/><V59/><F103/><W102/><G102/><T31/><D115/><U8/><E8/><V20/><F107/><W131/><G131/><T77/><D101/><U10/><E10/><V5/><F5/><W100/><G100/><T104/><D104/><U28/><E28/><V67/><F75/><W62/><G62/><T97/><D97/><U27/><E27/><N who="2" m="14727" /><F50/><W46/><REACH who="3" step="1"/><G37/><REACH who="3" ten="400,194,95,301" step="2"/><T99/><D26/><U96/><E114/><V2/><F67/><W88/><G88/><T128/><D128/><U6/><E112/><V65/><F65/><W110/><G110/><T70/><D31/><U56/><E38/><V121/><F90/><W54/><G54/><T98/><D70/><U34/><E64/><V124/><F124/><W119/><G119/><T109/><D109/><U61/><E126/><V129/><F129/><W106/><G106/><T30/><D30/><U95/><E61/><V15/><F48/><RYUUKYOKU ba="0,1" sc="400,-10,194,-10,95,-10,301,30" hai3="4,11,14,39,40,46,47,49,53,73,80,120,122" /><INIT seed="5,1,1,5,3,32" ten="390,184,85,331" oya="1" hai0="124,48,130,6,96,49,18,21,4,127,37,100,8" hai1="26,80,36,121,16,41,70,69,44,123,1,10,76" hai2="97,67,7,24,114,128,71,109,45,82,17,39,112" hai3="81,89,42,84,77,34,134,14,108,120,27,88,116"/><U122/><E26/><V113/><F109/><W19/><G108/><T43/><D37/><U98/><E98/><V47/><F128/><W51/><G120/><T50/><D43/><U40/><E40/><V15/><F39/><W35/><G134/><T62/><D62/><U126/><E126/><N who="0" m="48169" /><D8/><U5/><REACH who="1" step="1"/><E16/><REACH who="1" ten="390,174,85,331" step="2"/><V79/><F97/><W133/><G27/><N who="0" m="14775" /><D130/><U52/><E52/><V132/><F132/><W3/><G42/><T66/><D66/><U23/><E23/><N who="2" m="13423" /><F67/><W117/><G133/><T85/><D85/><AGARI ba="1,2" hai="1,5,10,36,41,44,69,70,76,80,85,121,122,123" machi="85" ten="40,7700,0" yaku="1,1,52,1,53,1" doraHai="32" doraHaiUra="0" who="1" fromWho="0" sc="390,-80,174,100,85,0,331,0" /><INIT seed="5,2,0,2,1,51" ten="310,274,85,331" oya="1" hai0="74,58,41,28,112,36,14,43,50,70,123,66,126" hai1="10,63,103,68,59,21,105,38,9,2,132,54,7" hai2="97,124,80,88,30,39,108,131,40,22,130,127,134" hai3="117,87,100,45,76,6,18,52,11,46,111,119,3"/><U55/><E132/><V12/><F39/><W106/><G111/><T56/><D74/><U98/><E38/><V24/><F40/><W104/><G18/><T94/><D28/><U81/><E68/><V29/><F108/><W35/><G35/><T23/><D14/><U17/><E81/><V15/><F97/><W118/><G100/><T62/><D94/><U27/><REACH who="1" step="1"/><E10/><REACH who="1" ten="310,264,85,331" step="2"/><V113/><F113/><W115/><G115/><T69/><D112/><U4/><E4/><V121/><F121/><W84/><G117/><T72/><D123/><U129/><E129/><N who="2" m="49163" /><F80/><W133/><G11/><T19/><D70/><U61/><E61/><V49/><F49/><W33/><G6/><T67/><D36/><U82/><E82/><V83/><F83/><W93/><G133/><T53/><D72/><U109/><E109/><V65/><F134/><W78/><G118/><T99/><D69/><U86/><E86/><V0/><F0/><W128/><G119/><T102/><D126/><N who="2" m="48170" /><F65/><AGARI ba="2,1" hai="2,7,9,17,21,27,54,55,59,63,65,98,103,105" machi="65" ten="30,11600,0" yaku="1,1,7,1,52,2,53,0" doraHai="51" doraHaiUra="114" who="1" fromWho="2" sc="310,0,264,132,85,-122,331,0" owari="310,-9.0,396,50.0,-37,-54.0,331,13.0" /></mjloggm>