<mjloggm ver="2.3"><GO type="169" lobby="0"/><UN n0="%68%69%6A%69%68%69%6A%69" n1="%E3%82%AA%E3%83%AD%E3%83%8E%E3%81%A1%E3%82%83%E3%82%93" n2="%E3%83%89%E3%83%A9%E3%82%B4%E3%83%B3%48%49%44%45" n3="%E3%83%A1%E3%82%BF%E3%83%93%E3%83%BC%E3%83%88" dan="16,16,16,18" rate="2034.07,2050.03,2080.21,2305.82" sx="F,F,M,M"/><TAIKYOKU oya="0"/><INIT seed="0,0,0,1,0,75" ten="250,250,250,250" oya="0" hai0="87,122,79,12,135,21,9,91,84,28,47,132,130" hai1="6,50,97,127,111,99,34,52,54,69,46,32,73" hai2="103,106,85,0,53,81,100,45,120,93,108,44,40" hai3="13,63,124,8,118,116,55,107,96,128,10,65,101"/><T90/><D130/><U23/><E69/><V115/><F120/><W29/><G128/><T64/><D122/><U37/><E37/><V94/><F115/><W20/><G124/><T123/><D123/><U77/><E6/><V74/><F108/><W98/><G55/><T92/><D64/><U26/><E54/><V41/><F74/><W59/><G96/><T110/><D110/><U114/><E111/><V19/><F0/><W39/><G39/><T89/><D47/><N who="2" m="17994" /><F106/><W131/><G131/><T1/><D1/><U70/><E70/><V68/><F68/><W22/><G8/><T61/><D61/><U49/><E49/><V51/><F19/><W27/><REACH who="3" step="1"/><G22/><REACH who="3" ten="250,250,250,240" step="2"/><T80/><D132/><U88/><E127/><V82/><F41/><W56/><G56/><T24/><REACH who="0" step="1"/><D135/><REACH who="0" ten="240,250,250,240" step="2"/><U48/><E114/><V16/><F40/><W42/><G42/><T126/><D126/><U104/><E52/><V58/><F53/><W78/><G78/><T125/><D125/><U66/><E77/><N who="2" m="46255" /><F51/><W86/><G86/><T134/><D134/><U83/><E50/><V109/><F109/><W4/><AGARI ba="0,2" hai="4,10,13,20,27,29,59,63,65,98,101,107,116,118" machi="4" ten="20,2700,0" yaku="1,1,0,1,7,1,53,0" doraHai="75" doraHaiUra="71" who="3" fromWho="3" sc="240,-13,250,-7,250,-7,240,47" /><INIT seed="1,0,0,1,4,107" ten="227,243,243,287" oya="1" hai0="27,63,109,0,117,14,36,50,83,130,81,60,80" hai1="87,73,126,71,56,40,110,120,112,55,105,84,23" hai2="92,65,68,61,57,22,89,97,135,30,75,64,72" hai3="91,16,38,119,19,104,28,49,39,70,113,46,10"/><U13/><E112/><V79/><F135/><W21/><G113/><T15/><D109/><U98/><E120/><V12/><F79/><W108/><G108/><T67/><D130/><U116/><E116/><V86/><F65/><W53/><G70/><T18/><D117/><U26/><E110/><V3/><F3/><W128/><G119/><T42/><D36/><U5/><E71/><V100/><F68/><W82/><G104/><T51/><D0/><U76/><E40/><V20/><F20/><W62/><G128/><T48/><D42/><U125/><E13/><V34/><F34/><W44/><G62/><T35/><D35/><U85/><E5/><V54/><F54/><W95/><G82/><T25/><D67/><U96/><E105/><V114/><F114/><W24/><G44/><T134/><D134/><U31/><E76/><V127/><F127/><N who="1" m="48649" /><E73/><V129/><F129/><W59/><G38/><T115/><D115/><U8/><E8/><V122/><F122/><W6/><G39/><T52/><D18/><U94/><E94/><N who="2" m="54583" /><F12/><N who="3" m="5207" /><G46/><T131/><D131/><U78/><E78/><V11/><F11/><W29/><G19/><T121/><D121/><U132/><E132/><V17/><F17/><W45/><G45/><T69/><D69/><U123/><E123/><V90/><F90/><W111/><G111/><T88/><D88/><U58/><E58/><V99/><F99/><AGARI ba="0,0" hai="16,21,24,28,29,49,53,59,91,95,99" m="5207" machi="99" ten="30,2000,0" yaku="8,1,54,1" doraHai="107" who="3" fromWho="2" sc="227,0,243,0,243,-20,287,20" /><INIT seed="2,0,0,1,5,39" ten="227,243,223,307" oya="2" hai0="78,72,97,6,117,130,123,63,132,127,1,27,40" hai1="2,105,55,62,5,118,124,29,134,116,9,96,3" hai2="49,35,86,15,115,69,28,37,101,93,33,80,7" hai3="83,64,77,100,52,114,120,112,71,61,67,90,60"/><V70/><F115/><N who="3" m="44075" /><G100/><T107/><D123/><U82/><E29/><V104/><F37/><W58/><G90/><T31/><D117/><U125/><E3/><V17/><F104/><W18/><G18/><T34/><D127/><N who="1" m="48715" /><E82/><V74/><F35/><W0/><G0/><T10/><D130/><U66/><E55/><V122/><F122/><W68/><G77/><T131/><D132/><U54/><E54/><V126/><F126/><W41/><G83/><T42/><D131/><U113/><E113/><V36/><F36/><W13/><G13/><T79/><D63/><U30/><E30/><V56/><F74/><W38/><G120/><T111/><D111/><U12/><E2/><V98/><F7/><W50/><G38/><T46/><D46/><U88/><E134/><V48/><F33/><W110/><G110/><T43/><REACH who="0" step="1"/><D72/><REACH who="0" ten="217,243,223,307" step="2"/><U20/><E118/><V26/><F70/><N who="3" m="26667" /><G60/><T14/><D14/><U99/><E116/><V87/><F69/><W21/><G21/><T11/><D11/><U102/><E20/><N who="2" m="15431" /><F56/><W92/><G58/><T4/><D4/><U121/><E121/><V51/><F80/><W91/><G64/><T81/><D81/><U73/><E73/><V25/><F25/><W22/><G67/><T103/><AGARI ba="0,1" hai="1,6,10,27,31,34,40,42,43,78,79,97,103,107" machi="103" ten="30,12000,2" yaku="1,1,0,1,52,3,53,1" doraHai="39" doraHaiUra="24" who="0" fromWho="0" sc="217,130,243,-30,223,-60,307,-30" /><INIT seed="3,0,0,0,1,60" ten="347,213,163,277" oya="3" hai0="82,19,52,30,128,106,120,28,102,86,3,1,45" hai1="15,34,132,0,59,17,87,62,125,107,33,38,112" hai2="7,63,8,103,57,9,31,66,135,108,75,72,85" hai3="76,116,126,50,46,118,67,42,92,111,91,4,25"/><W49/><G126/><T99/><D128/><U123/><E123/><V47/><F135/><W88/><G111/><T36/><D120/><U101/><E112/><V27/><F108/><W124/><G124/><T114/><D114/><U130/><E125/><V80/><F103/><W73/><G4/><T131/><D131/><U32/><E0/><V40/><F9/><W12/><G12/><T2/><D19/><U109/><E38/><V41/><F41/><W90/><G92/><T94/><D106/><U58/><E130/><V18/><F18/><W56/><G25/><T21/><D36/><U81/><E132/><V20/><F47/><W121/><G121/><T51/><REACH who="0" step="1"/><D21/><REACH who="0" ten="337,213,163,277" step="2"/><U13/><E17/><V122/><F122/><W93/><G118/><T70/><D70/><U119/><E109/><V96/><F40/><W71/><G71/><T77/><AGARI ba="0,1" hai="1,2,3,28,30,45,51,52,77,82,86,94,99,102" machi="77" ten="30,4000,0" yaku="1,1,0,1,54,1,53,0" doraHai="60" doraHaiUra="134" who="0" fromWho="0" sc="337,50,213,-10,163,-10,277,-20" /><INIT seed="4,0,0,0,0,57" ten="387,203,153,257" oya="0" hai0="119,51,121,23,12,33,86,100,75,110,68,19,0" hai1="132,67,97,34,83,55,3,53,72,26,112,6,47" hai2="18,39,116,20,126,64,77,11,13,84,81,66,103" hai3="43,36,111,118,122,46,59,93,7,107,2,32,102"/><T98/><D119/><U28/><E132/><V54/><F116/><W10/><G118/><T127/><D121/><U99/><E112/><V61/><F126/><W92/><G111/><T95/><D127/><U1/><E67/><V35/><F35/><W27/><G122/><T131/><D110/><U88/><E3/><V60/><F39/><W69/><G59/><T91/><D131/><U24/><E24/><N who="2" m="14359" /><F103/><W96/><REACH who="3" step="1"/><G69/><REACH who="3" ten="387,203,153,247" step="2"/><T65/><D68/><U29/><E47/><V104/><F104/><W117/><G117/><T108/><D108/><U5/><E34/><V16/><F54/><W114/><G114/><T56/><D56/><U78/><E55/><V70/><F70/><W125/><G125/><T8/><D33/><U48/><E53/><V74/><F74/><W63/><G63/><AGARI ba="0,1" hai="11,13,16,60,61,63,64,66,77,81,84" m="14359" machi="63" ten="30,8000,1" yaku="8,1,52,3,54,1" doraHai="57" who="2" fromWho="3" sc="387,0,203,0,153,90,247,-80" /><INIT seed="5,0,0,0,3,128" ten="387,203,243,167" oya="1" hai0="21,23,131,12,7,28,105,66,97,70,134,75,64" hai1="104,24,62,57,110,48,81,71,65,135,125,89,113" hai2="52,11,74,84,73,38,90,50,98,78,118,106,49" hai3="77,79,100,32,124,9,40,99,120,117,91,59,69"/><U68/><E113/><V92/><F118/><W109/><G69/><T82/><D131/><U61/><E104/><V18/><F38/><W1/><G32/><T72/><D105/><U54/><E24/><V20/><F11/><W25/><G109/><T60/><D97/><U63/><E81/><V43/><F43/><W119/><G40/><T13/><D82/><U86/><E125/><V94/><F50/><W56/><G120/><T16/><D66/><U53/><E86/><V4/><F4/><W8/><G91/><T133/><D28/><U116/><E89/><V122/><F122/><W129/><G129/><T112/><D112/><U39/><E116/><N who="3" m="44618" /><G25/><T44/><D44/><N who="1" m="27783" /><E110/><V95/><F106/><W111/><G111/><T102/><D102/><U37/><E135/><V0/><F0/><W47/><G47/><T108/><D108/><U46/><E46/><N who="2" m="27703" /><F74/><W15/><G124/><T96/><D96/><U26/><E26/><N who="2" m="14615" /><F73/><W2/><G56/><T10/><D23/><U132/><E132/><AGARI ba="0,0" hai="7,10,12,13,16,21,60,64,70,72,75,132,133,134" machi="132" ten="40,8000,1" yaku="20,1,52,3,54,1" doraHai="128" who="0" fromWho="1" sc="387,80,203,-80,243,0,167,0" /><INIT seed="6,0,0,0,2,3" ten="467,123,243,167" oya="2" hai0="32,2,113,48,98,10,27,47,91,42,104,8,19" hai1="18,55,59,30,74,123,118,6,103,39,66,100,81" hai2="73,21,129,89,124,116,58,99,75,0,87,101,38" hai3="122,1,29,51,22,20,9,114,97,95,41,14,71"/><V94/><F116/><W61/><G122/><T36/><D113/><U110/><E110/><V112/><F38/><W25/><G114/><T88/><D104/><U92/><E118/><V43/><F43/><W54/><G1/><T50/><D2/><U28/><E39/><V16/><F112/><W121/><G121/><T78/><D78/><U13/><E123/><V127/><F0/><W12/><G41/><T93/><D91/><U126/><E126/><N who="2" m="48171" /><F58/><W130/><G130/><T49/><REACH who="0" step="1"/><D19/><REACH who="0" ten="457,123,243,167" step="2"/><U86/><E18/><V40/><F129/><W37/><G29/><AGARI ba="0,1" hai="8,10,27,29,32,36,42,47,48,49,50,88,93,98" machi="29" ten="40,12000,2" yaku="1,1,2,1,54,1,53,3" doraHai="3" doraHaiUra="45" who="0" fromWho="3" sc="457,130,123,0,243,0,167,-120" /><INIT seed="7,0,0,1,0,77" ten="587,123,243,47" oya="3" hai0="84,101,116,76,44,18,106,103,53,82,51,30,99" hai1="96,79,1,114,90,62,70,7,132,57,24,120,63" hai2="37,48,47,102,91,119,71,50,55,67,4,60,112" hai3="21,16,93,89,78,22,122,52,36,33,88,20,64"/><W34/><G122/><T126/><D126/><U97/><E120/><V83/><F119/><W131/><G36/><T133/><D133/><U32/><E79/><V100/><F112/><W113/><G113/><T66/><D116/><U73/><E73/><V0/><F37/><W26/><G131/><T43/><D66/><U3/><E114/><V75/><F0/><N who="1" m="73" /><E90/><N who="3" m="34922" /><G33/><T68/><D68/><U129/><E7/><V58/><F4/><W128/><G34/><T25/><D18/><U11/><E11/><V56/><F71/><W98/><G78/><T23/><REACH who="0" step="1"/><D103/><REACH who="0" ten="577,123,243,47" step="2"/><N who="2" m="39466" /><F75/><W111/><G128/><T92/><D92/><U121/><E70/><V85/><F50/><W124/><G124/><T19/><D19/><U110/><E129/><V59/><AGARI ba="0,1" hai="47,48,55,56,58,59,60,67,83,85,91" m="39466" machi="59" ten="30,2000,0" yaku="8,1,52,1" doraHai="77" who="2" fromWho="2" sc="577,-5,123,-5,243,30,47,-10" owari="572,67.0,118,-28.0,273,7.0,37,-46.0" /></mjloggm>