<mjloggm ver="2.3"><GO type="169" lobby="0"/><UN n0="%E7%AD%89%E3%80%85%E5%8A%9B%E5%8A%87%E5%A0%B4" n1="%65%69%6B%31" n2="%E3%83%8E%E3%82%AA%E3%83%81%E3%83%A3%E3%83%99%E3%82%B9" n3="%EF%BC%98%EF%BC%90%EF%BC%90%EF%BC%98" dan="17,18,16,17" rate="2128.76,2231.11,2178.60,2186.77" sx="M,M,M,M"/><TAIKYOKU oya="0"/><INIT seed="0,0,0,3,2,23" ten="250,250,250,250" oya="0" hai0="91,29,80,73,34,72,36,39,77,22,122,81,42" hai1="79,100,127,16,85,15,69,98,52,55,89,10,44" hai2="21,123,18,26,116,97,61,78,63,41,64,132,107" hai3="92,113,24,102,9,95,96,6,110,35,45,70,53"/><T43/><D122/><U99/><E69/><V31/><F123/><W105/><G110/><T30/><D22/><U51/><E127/><V1/><F1/><W106/><G113/><T20/><D20/><U128/><E128/><V59/><F132/><W120/><G120/><T124/><D77/><U71/><E71/><V66/><F116/><W84/><G105/><T130/><D91/><U134/><E134/><V117/><F117/><W33/><G33/><T87/><D87/><U58/><E79/><V86/><F41/><W56/><G84/><T112/><D34/><U2/><E2/><V46/><F46/><W60/><G45/><T8/><D8/><U109/><E100/><V11/><F107/><W104/><G104/><T28/><D28/><U121/><E109/><V93/><F86/><W88/><G70/><T118/><D118/><U133/><E133/><V90/><F78/><W0/><REACH who="3" step="1"/><G88/><REACH who="3" ten="250,250,250,240" step="2"/><T126/><REACH who="0" step="1"/><D130/><REACH who="0" ten="240,250,250,240" step="2"/><U101/><E121/><V48/><F90/><W37/><G37/><T13/><D13/><U83/><E101/><V25/><F97/><W12/><G12/><T125/><D125/><U82/><E82/><V49/><F93/><W38/><G38/><T54/><D54/><U19/><E19/><V111/><F111/><W108/><G108/><T5/><D5/><U75/><E75/><V4/><F4/><W129/><G129/><T135/><D135/><U65/><E65/><V32/><F11/><W47/><G47/><T57/><D57/><AGARI ba="0,2" hai="18,21,25,26,31,32,48,49,57,59,61,63,64,66" machi="57" ten="30,7700,0" yaku="7,1,9,1,52,2" doraHai="23" who="2" fromWho="0" sc="240,-77,250,0,250,97,240,0" /><INIT seed="1,0,0,3,3,13" ten="163,250,347,240" oya="1" hai0="84,37,5,66,123,75,67,33,19,29,8,117,31" hai1="30,49,58,126,112,57,88,17,9,45,115,97,74" hai2="28,41,44,73,23,3,110,101,51,72,63,102,0" hai3="128,38,109,125,114,87,52,64,69,59,43,50,124"/><U70/><E70/><V80/><F110/><W11/><G109/><T1/><D75/><U107/><E74/><V22/><F63/><N who="3" m="40095" /><G87/><T34/><D117/><U121/><E121/><V83/><F51/><W113/><G11/><T105/><D105/><U122/><E122/><V60/><F60/><W79/><G79/><T92/><D123/><U27/><E126/><N who="3" m="48746" /><G128/><T90/><D37/><U54/><E115/><N who="3" m="44042" /><G38/><T133/><D133/><U14/><E112/><V77/><F77/><W119/><G43/><T111/><D111/><U24/><E107/><V130/><F41/><W18/><G18/><T55/><D31/><U32/><REACH who="1" step="1"/><E27/><REACH who="1" ten="163,240,347,240" step="2"/><V35/><F73/><W25/><G25/><T71/><D71/><U108/><E108/><V40/><F72/><W103/><G103/><T116/><D116/><AGARI ba="0,1" hai="50,52,59,116,119" m="44042,48746,40095" machi="116" ten="40,8000,1" yaku="18,1,34,2,54,1" doraHai="13" who="3" fromWho="0" sc="163,-80,240,0,347,0,240,90" /><INIT seed="2,0,0,4,3,75" ten="83,240,347,330" oya="2" hai0="72,118,7,129,81,18,48,94,132,33,95,106,71" hai1="25,20,56,130,54,50,86,115,53,34,108,134,112" hai2="116,92,78,19,76,49,91,131,109,89,41,120,122" hai3="110,43,11,114,29,101,26,62,12,37,40,74,128"/><V88/><F116/><W5/><G110/><T104/><D71/><U121/><E34/><V96/><F109/><W105/><G128/><T127/><D33/><U38/><E108/><V15/><F131/><W4/><G114/><T10/><D129/><U44/><E130/><V100/><F122/><W23/><G37/><T3/><D132/><U123/><E86/><V35/><F35/><W113/><G74/><T17/><D127/><U69/><E69/><V52/><F41/><W83/><G83/><T79/><D118/><U58/><E134/><V22/><REACH who="2" step="1"/><F120/><REACH who="2" ten="83,240,337,330" step="2"/><W13/><G113/><T67/><D106/><U51/><E123/><V45/><AGARI ba="0,1" hai="15,19,22,45,49,52,76,78,88,89,91,92,96,100" machi="45" ten="30,24000,3" yaku="1,1,2,1,0,1,8,1,52,2,54,2,53,1" doraHai="75" doraHaiUra="46" who="2" fromWho="2" sc="83,-80,240,-80,337,250,330,-80" /><INIT seed="2,1,0,0,0,128" ten="3,160,587,250" oya="2" hai0="2,113,57,92,0,33,66,88,62,34,10,67,77" hai1="127,131,104,3,45,87,26,106,8,29,50,35,119" hai2="115,99,123,102,20,122,112,56,42,73,109,28,105" hai3="85,70,54,71,24,48,63,118,133,69,97,19,86"/><V100/><F42/><W98/><G118/><T41/><D113/><U38/><E119/><V72/><F56/><W96/><G63/><T52/><D0/><U110/><E38/><V22/><F28/><W129/><G129/><T91/><D77/><U17/><E131/><V84/><F22/><W30/><G19/><T107/><D107/><U117/><E117/><V46/><F20/><W47/><REACH who="3" step="1"/><G133/><REACH who="3" ten="3,160,587,240" step="2"/><T108/><D108/><U116/><E116/><V49/><F109/><W32/><AGARI ba="1,1" hai="24,30,32,47,48,54,69,70,71,85,86,96,97,98" machi="32" ten="40,5200,0" yaku="1,1,2,1,0,1,53,0" doraHai="128" doraHaiUra="7" who="3" fromWho="3" sc="3,-14,160,-14,587,-27,240,65" owari="-11,-51.0,146,-25.0,560,65.0,305,11.0" /></mjloggm>