<mjloggm ver="2.3"><GO type="185" lobby="0"/><UN n0="%E9%B3%B4%E3%81%8D%E3%83%80%E3%83%AB%E3%83%9E" n1="%74%6F%6D%69%31%30%32%39" n2="%E3%82%8A%E3%82%85%E3%81%99%E3%81%8F" n3="" dan="17,16,17,0" rate="2257.17,2095.80,2211.84,1500.00" sx="M,M,M,C"/><TAIKYOKU oya="0"/><INIT seed="0,0,0,5,3,121" ten="350,350,350,0" oya="0" hai0="135,82,97,94,85,109,37,41,72,81,2,57,125" hai1="73,76,51,134,127,93,88,91,74,71,119,47,114" hai2="40,56,44,100,3,123,89,118,60,130,36,48,50" hai3=""/><T122/><N who="0" m="31264" /><T58/><D2/><U33/><E119/><V98/><N who="2" m="31520" /><V120/><N who="2" m="30752" /><V1/><F130/><T115/><D115/><U90/><E33/><V64/><F118/><T79/><D125/><U131/><E127/><V35/><F35/><T113/><D113/><U92/><E134/><V101/><F101/><T84/><D135/><U128/><E71/><V105/><F89/><N who="1" m="34409" /><E51/><V61/><F61/><T54/><D72/><N who="1" m="27755" /><E47/><V67/><F67/><T110/><D37/><U69/><E69/><V96/><F96/><T45/><D41/><U66/><E66/><V117/><F117/><T62/><D45/><U99/><E114/><V102/><F102/><T53/><D97/><U68/><E68/><V55/><REACH who="2" step="1"/><F48/><REACH who="2" ten="350,350,340,0" step="2"/><T75/><D94/><U80/><E93/><V116/><F116/><T104/><D104/><U49/><E49/><V129/><F129/><T132/><D132/><U77/><E77/><V108/><F108/><N who="0" m="41578" /><D82/><U59/><E131/><V34/><F34/><T103/><D103/><U0/><E128/><V95/><F95/><T78/><D78/><U65/><E76/><V106/><F106/><T112/><D112/><U111/><E111/><V124/><F124/><T52/><D62/><U39/><E99/><RYUUKYOKU ba="0,1" sc="350,10,350,-20,340,10,0,0" hai0="52,53,54,57,58,75,79,81,84,85" hai2="1,3,36,40,44,50,55,56,60,64,98,100,105" /><INIT seed="0,1,1,3,4,43" ten="360,330,350,0" oya="0" hai0="45,80,84,39,86,110,58,47,112,60,56,73,1" hai1="122,135,87,116,72,102,74,92,123,50,55,78,36" hai2="71,63,98,131,118,114,126,95,124,104,121,99,125" hai3=""/><T57/><D1/><U67/><N who="1" m="31264" /><U111/><N who="1" m="31520" /><U81/><E36/><V54/><N who="2" m="31008" /><V53/><F114/><T66/><D112/><U62/><E116/><V113/><F113/><T100/><D110/><U64/><E135/><V38/><F38/><T46/><D39/><U107/><E107/><V101/><F131/><T94/><D73/><U119/><E119/><V35/><F35/><T41/><D41/><U70/><E67/><V61/><F118/><T103/><D86/><U132/><E132/><V40/><F40/><T88/><REACH who="0" step="1"/><D94/><REACH who="0" ten="350,330,350,0" step="2"/><U33/><E111/><V91/><REACH who="2" step="1"/><F63/><REACH who="2" ten="350,330,340,0" step="2"/><T129/><D129/><U117/><E117/><V2/><F2/><T115/><D115/><U32/><E32/><V128/><F128/><T106/><D106/><U69/><E33/><V89/><F89/><T85/><D85/><U77/><E74/><V65/><AGARI ba="1,3" hai="53,54,61,65,71,91,95,98,99,101,104,124,125,126" m="31008" machi="65" ten="40,6000,1" yaku="1,1,0,1,18,1,52,1,53,0" doraHai="43" doraHaiUra="76" who="2" fromWho="2" sc="350,-41,330,-21,340,92,0,0" /><INIT seed="1,0,0,3,4,90" ten="309,309,432,0" oya="1" hai0="70,52,118,59,79,110,89,33,82,46,78,69,38" hai1="32,83,0,122,50,106,94,88,63,107,71,43,121" hai2="130,92,40,60,2,34,42,49,35,37,44,3,67" hai3=""/><U86/><N who="1" m="31008" /><U117/><N who="1" m="31264" /><U65/><E117/><V100/><F130/><T102/><D33/><U61/><E32/><V68/><F35/><T97/><D118/><U103/><E0/><V125/><F125/><T39/><D110/><U109/><E109/><V120/><N who="2" m="30752" /><V76/><F76/><T84/><D70/><U87/><E61/><V96/><F34/><T48/><D69/><U54/><E43/><V128/><F128/><T55/><D38/><U131/><E131/><V99/><REACH who="2" step="1"/><F96/><REACH who="2" ten="309,309,422,0" step="2"/><T72/><D72/><U80/><E87/><V45/><AGARI ba="0,1" hai="2,3,37,40,42,44,45,49,60,67,68,92,99,100" m="30752" machi="45" ten="30,9000,2" yaku="1,1,2,1,0,1,52,2,53,1" doraHai="90" doraHaiUra="95" who="2" fromWho="2" sc="309,-30,309,-60,422,100,0,0" /><INIT seed="2,0,0,5,5,113" ten="279,249,522,0" oya="2" hai0="77,48,83,80,76,114,115,73,110,129,57,128,101" hai1="108,82,103,51,32,98,93,3,46,59,67,117,95" hai2="44,55,96,87,99,37,91,49,35,43,47,116,40" hai3=""/><V112/><F112/><N who="0" m="43050" /><D48/><U63/><E108/><V105/><F35/><T61/><D110/><U42/><E3/><V74/><F74/><T126/><D126/><U97/><E32/><V81/><F105/><T119/><D119/><U58/><E82/><V125/><F125/><T120/><N who="0" m="30752" /><T86/><D101/><U68/><REACH who="1" step="1"/><E117/><REACH who="1" ten="279,239,522,0" step="2"/><V39/><REACH who="2" step="1"/><F116/><REACH who="2" ten="279,239,512,0" step="2"/><T121/><N who="0" m="31008" /><T89/><D77/><U64/><E64/><AGARI ba="0,2" hai="57,61,64,73,76,80,83,86,89,128,129" m="31008,30752,43050" machi="64" ten="30,3900,0" yaku="11,1,52,2" doraHai="113" who="0" fromWho="1" sc="279,59,239,-39,512,0,0,0" /><INIT seed="4,0,0,3,1,66" ten="338,200,512,0" oya="0" hai0="94,2,40,127,46,42,74,63,85,118,58,121,99" hai1="83,103,101,135,86,129,104,124,48,52,98,102,110" hai2="123,43,88,70,59,69,67,33,130,114,71,109,128" hai3=""/><T72/><N who="0" m="31008" /><T65/><D2/><U131/><E110/><V81/><N who="2" m="31520" /><V107/><F33/><T105/><D118/><U1/><E1/><V113/><F107/><T50/><D127/><U125/><E135/><V95/><F81/><T119/><D119/><U126/><E98/><V38/><F43/><T39/><D42/><U117/><E104/><V61/><F38/><T112/><D112/><N who="2" m="43114" /><F109/><T54/><D85/><AGARI ba="0,0" hai="59,61,67,69,70,71,85,88,95,128,130" m="43114,31520" machi="85" ten="40,12000,2" yaku="15,1,52,4,54,1" doraHai="66" who="2" fromWho="0" sc="338,-120,200,0,512,120,0,0" /><INIT seed="5,0,0,0,0,58" ten="218,200,632,0" oya="1" hai0="65,131,48,52,96,94,75,93,74,120,126,99,56" hai1="132,90,118,83,50,112,71,97,117,124,1,91,107" hai2="95,123,73,36,35,72,46,102,98,100,111,103,37" hai3=""/><U67/><E1/><V55/><N who="2" m="31520" /><V64/><F111/><T42/><N who="0" m="30752" /><T44/><D126/><U34/><E34/><V86/><F35/><T60/><D131/><U134/><E50/><V114/><F114/><T109/><D109/><U88/><E124/><V119/><F119/><N who="1" m="45577" /><E67/><V92/><F64/><T40/><D40/><U43/><E71/><V130/><F130/><T81/><D81/><U63/><E63/><V68/><F68/><T104/><D104/><U57/><E57/><V113/><F113/><T70/><D94/><U82/><E43/><V76/><F37/><T127/><D96/><U133/><E112/><V54/><F36/><T53/><D53/><U66/><E66/><V38/><F38/><T79/><D79/><U125/><E125/><V33/><F33/><T2/><D2/><U110/><E110/><V128/><F128/><T135/><D127/><U39/><E39/><V121/><N who="2" m="31008" /><V69/><F69/><T108/><D108/><U3/><E3/><V89/><F54/><T87/><D70/><U62/><E62/><V59/><F55/><T84/><D65/><U51/><E51/><V47/><F46/><T32/><D32/><U49/><E49/><V0/><F47/><T80/><D44/><RYUUKYOKU ba="0,0" sc="218,-10,200,20,632,-10,0,0" hai1="82,83,88,90,91,97,107,132,133,134" /><INIT seed="5,1,0,2,2,51" ten="208,220,622,0" oya="1" hai0="66,91,85,87,47,2,38,81,92,33,96,82,103" hai1="108,60,112,36,119,109,123,90,84,58,117,39,118" hai2="34,43,125,99,54,48,78,32,62,45,67,52,80" hai3=""/><U63/><N who="1" m="31520" /><U1/><E1/><V65/><F125/><T50/><D2/><U116/><N who="1" m="29696" /><DORA hai="0" /><U46/><E112/><V72/><F67/><T3/><D3/><U104/><E104/><V126/><F126/><T127/><D127/><U93/><E60/><V115/><F115/><T121/><N who="0" m="31008" /><T94/><D38/><U41/><REACH who="1" step="1"/><E36/><REACH who="1" ten="208,210,622,0" step="2"/><V88/><F62/><T95/><D33/><U106/><E106/><V130/><F34/><T111/><D111/><U71/><E71/><V98/><F32/><T49/><D66/><AGARI ba="1,1" hai="39,41,46,58,63,66,84,90,93,108,109" m="29696,31520" machi="66" ten="70,6800,0" yaku="1,1,52,1,53,0" doraHai="51,0" doraHaiUra="110,100" who="1" fromWho="0" sc="208,-70,210,80,622,0,0,0" /><INIT seed="5,2,0,1,3,90" ten="138,290,622,0" oya="1" hai0="64,38,114,125,60,81,134,51,73,0,109,126,101" hai1="35,48,72,121,37,130,88,84,133,66,98,40,1" hai2="53,123,71,86,45,124,34,82,116,95,78,80,87" hai3=""/><U131/><N who="1" m="31008" /><U129/><E1/><V117/><N who="2" m="31520" /><V61/><F124/><T46/><D0/><U111/><E72/><V50/><F34/><T55/><D101/><U3/><E3/><V106/><F106/><T63/><D73/><U54/><E35/><V75/><F75/><T102/><D102/><U70/><E133/><V69/><F95/><T32/><D32/><U100/><E40/><V39/><F39/><T93/><D81/><U83/><E37/><V76/><F61/><T74/><D74/><U57/><E66/><V118/><AGARI ba="2,0" hai="45,50,53,69,71,76,78,80,82,86,87,116,117,118" m="31520" machi="118" ten="30,3000,0" yaku="0,1,9,1,52,1" doraHai="90" who="2" fromWho="2" sc="138,-12,290,-22,622,34,0,0" /><INIT seed="6,0,0,4,3,69" ten="126,268,656,0" oya="2" hai0="126,39,118,96,117,123,132,63,91,102,110,77,93" hai1="121,2,78,131,32,71,95,124,41,103,115,53,83" hai2="72,33,50,116,45,1,82,3,48,79,105,47,52" hai3=""/><V34/><F116/><T68/><N who="0" m="31520" /><T109/><D68/><U73/><E71/><V127/><F127/><T135/><D63/><U70/><E41/><V57/><F57/><T108/><D39/><U49/><E2/><V86/><F105/><T98/><D77/><U62/><E124/><V59/><F59/><T85/><D126/><U56/><N who="1" m="31008" /><U64/><E32/><V114/><F114/><T100/><D85/><U54/><E115/><V60/><F60/><T40/><D40/><U43/><E43/><V66/><F66/><T67/><D67/><U44/><E54/><V55/><F72/><T46/><D46/><U92/><E44/><V61/><F61/><T74/><D74/><U128/><E70/><V89/><F79/><T97/><D91/><U134/><E64/><V51/><F51/><T101/><REACH who="0" step="1"/><D93/><REACH who="0" ten="116,268,656,0" step="2"/><U84/><E62/><V94/><F94/><N who="1" m="35881" /><E73/><V104/><F45/><T90/><D90/><U38/><E78/><V106/><F47/><T122/><N who="0" m="31264" /><T65/><D65/><U111/><E49/><V88/><F50/><T36/><D36/><U58/><E38/><V113/><F48/><T76/><D76/><U75/><E75/><V0/><F0/><T81/><D81/><U119/><E83/><RYUUKYOKU ba="0,1" sc="116,20,268,-10,656,-10,0,0" hai0="96,97,98,100,101,102,108,109,110,117,118,132,135" owari="136,-46.0,258,-14.0,656,60.0,0,0.0" /></mjloggm>