<mjloggm ver="2.3"><GO type="169" lobby="0"/><UN n0="%74%6F%72%69%30%36%31%32" n1="%E6%BB%9D%E6%9C%AC%E3%81%B2%E3%81%B5%E3%81%BF%EF%BC%81" n2="%E5%9B%BD%E7%8E%8B" n3="%E4%BC%8A%E4%BB%8B" dan="17,17,17,17" rate="2200.18,2190.00,2148.09,2083.73" sx="M,M,M,M"/><TAIKYOKU oya="0"/><INIT seed="0,0,0,3,2,104" ten="250,250,250,250" oya="0" hai0="94,98,130,34,45,89,4,47,71,105,32,16,41" hai1="59,103,27,69,86,24,124,48,0,66,37,88,76" hai2="55,91,30,92,61,28,116,62,129,127,112,74,5" hai3="25,121,39,72,123,38,23,128,99,122,22,79,68"/><T26/><D71/><U20/><E124/><V57/><F129/><W31/><G68/><T102/><D130/><U131/><E131/><V14/><F112/><W135/><G128/><T109/><D45/><U133/><E133/><V114/><F114/><W11/><G135/><T10/><D109/><U83/><E0/><V107/><F107/><W118/><G118/><T13/><D4/><U46/><E69/><V50/><F127/><W85/><G85/><T53/><D53/><U36/><E103/><V56/><F74/><W7/><G23/><T87/><REACH who="0" step="1"/><D26/><REACH who="0" ten="240,250,250,250" step="2"/><U54/><E27/><V75/><F116/><W65/><G65/><T33/><D33/><U29/><E66/><V70/><F70/><W134/><G134/><T111/><D111/><U110/><E110/><V126/><F126/><W97/><G39/><AGARI ba="0,1" hai="10,13,16,32,34,39,41,47,87,89,94,98,102,105" machi="39" ten="30,5800,0" yaku="1,1,7,1,54,1,53,0" doraHai="104" doraHaiUra="67" who="0" fromWho="3" sc="240,68,250,0,250,0,250,-58" /><INIT seed="0,1,0,4,0,28" ten="308,250,250,192" oya="0" hai0="55,70,63,18,74,58,132,51,26,116,1,134,125" hai1="128,103,42,101,109,73,124,90,113,61,7,48,43" hai2="21,16,102,78,127,60,68,77,120,114,11,25,3" hai3="36,122,64,131,8,99,135,111,37,31,67,123,46"/><T69/><D74/><U59/><E73/><V72/><F120/><N who="3" m="46123" /><G111/><T91/><D1/><U88/><E109/><V54/><F114/><W20/><G131/><T76/><D76/><U62/><E124/><V0/><F127/><W29/><G135/><N who="0" m="51755" /><D125/><U17/><E128/><V23/><F102/><N who="1" m="38921" /><E113/><V38/><F38/><N who="3" m="14955" /><G46/><N who="0" m="28151" /><D91/><N who="1" m="34859" /><E7/><V49/><F78/><W126/><G99/><T27/><D116/><U35/><E35/><V44/><F77/><W33/><G8/><T53/><D18/><U98/><E98/><V19/><F11/><W66/><G126/><T79/><D79/><U75/><E75/><V41/><F72/><W22/><G33/><T115/><D115/><U15/><E48/><V56/><REACH who="2" step="1"/><F68/><AGARI ba="1,0" hai="26,27,53,58,63,68,69,70" m="28151,51755" machi="68" ten="30,1500,0" yaku="20,1" doraHai="28" who="0" fromWho="2" sc="308,18,250,0,250,-18,192,0" /><INIT seed="0,2,0,4,3,2" ten="326,250,232,192" oya="0" hai0="41,39,66,90,1,88,27,46,14,125,106,122,112" hai1="124,77,92,23,103,10,38,115,55,60,56,35,68" hai2="107,72,43,17,114,94,127,67,4,75,71,85,18" hai3="20,97,130,86,40,121,3,51,62,29,110,93,15"/><T0/><D122/><U34/><E124/><V80/><F107/><W31/><G121/><T42/><D106/><U123/><E123/><V32/><F32/><W37/><G37/><T116/><D112/><U54/><E115/><V11/><F114/><W119/><G119/><T57/><D116/><U132/><E38/><V87/><F43/><W109/><G3/><T33/><D42/><U44/><E132/><V76/><F127/><W22/><G86/><T78/><D78/><U30/><E68/><V113/><F113/><W104/><G62/><T126/><D33/><U133/><E77/><V74/><F71/><W96/><G15/><T101/><D101/><U83/><E83/><V52/><F67/><W25/><G93/><T28/><D1/><U98/><E133/><V26/><F52/><N who="1" m="20009" /><E10/><V95/><F26/><W108/><G130/><T19/><D0/><U24/><E44/><V21/><F21/><W91/><G104/><T8/><D126/><U53/><N who="1" m="20017" /><U73/><DORA hai="7" /><E73/><V105/><F105/><W117/><G25/><T36/><D36/><U89/><E89/><V12/><REACH who="2" step="1"/><F94/><REACH who="2" ten="326,250,222,192" step="2"/><W128/><G117/><T63/><D125/><U48/><E48/><V118/><F118/><W82/><G51/><T135/><D135/><U99/><E34/><V47/><F47/><W9/><G109/><T131/><D131/><U59/><E35/><V79/><F79/><W69/><G128/><T64/><D64/><N who="1" m="38919" /><E59/><V65/><F65/><W120/><G69/><T16/><D28/><N who="3" m="10825" /><G120/><T134/><D134/><U102/><E92/><V45/><F45/><W129/><G129/><RYUUKYOKU ba="2,1" sc="326,10,250,10,222,10,192,-30" hai0="8,14,16,19,27,39,41,46,57,63,66,88,90" hai1="23,24,30,98,99,102,103" hai2="4,11,12,17,18,72,74,75,76,80,85,87,95" /><INIT seed="0,3,1,1,4,22" ten="336,260,232,162" oya="0" hai0="70,39,90,84,108,89,98,44,21,6,81,30,59" hai1="78,34,12,51,19,79,36,23,62,113,109,134,2" hai2="122,110,112,74,124,3,40,76,55,57,29,107,31" hai3="67,99,41,50,96,123,77,88,130,26,37,58,106"/><T68/><D108/><U114/><E36/><V65/><F65/><W46/><G130/><T5/><D70/><U16/><E109/><V7/><F40/><W129/><G129/><T14/><D68/><U102/><E34/><V87/><F74/><W118/><G118/><T75/><D75/><U66/><E2/><V94/><F107/><W11/><G77/><T71/><D71/><U82/><E134/><V116/><F3/><W105/><G123/><T63/><D44/><U93/><E51/><V91/><F122/><W92/><G99/><T33/><D33/><U56/><E82/><V27/><F124/><W131/><G131/><T17/><D30/><U4/><E4/><V9/><F116/><W54/><G67/><N who="0" m="39423" /><D39/><U61/><E61/><V53/><F112/><N who="1" m="43113" /><E19/><V8/><F110/><W25/><REACH who="3" step="1"/><G11/><REACH who="3" ten="336,260,232,152" step="2"/><T64/><D64/><U115/><E115/><V85/><F9/><W73/><G73/><T128/><D128/><U95/><E102/><V10/><F10/><W133/><G133/><T52/><D90/><U48/><E78/><V126/><F76/><W72/><G72/><T24/><D98/><U132/><E79/><V119/><F119/><W80/><G80/><T97/><D97/><U15/><E132/><V103/><F8/><W117/><G117/><T83/><D83/><U35/><E66/><V18/><F91/><W135/><G135/><T100/><D100/><U121/><E121/><V47/><F103/><W111/><G111/><T120/><D120/><U45/><E93/><V43/><F7/><W28/><G28/><T86/><D6/><U49/><E95/><RYUUKYOKU ba="3,2" sc="336,-10,260,-10,232,-10,152,30" hai3="25,26,37,41,46,50,54,58,88,92,96,105,106" /><INIT seed="1,4,2,3,2,24" ten="326,250,222,182" oya="1" hai0="49,70,67,76,135,105,4,47,18,2,25,32,27" hai1="119,3,133,40,81,120,1,132,0,14,15,124,121" hai2="104,73,64,31,110,30,108,46,7,127,5,62,87" hai3="90,55,101,37,69,51,9,122,45,20,86,60,114"/><U85/><E40/><V97/><F73/><W22/><G122/><N who="1" m="47210" /><E85/><V66/><F46/><W71/><G114/><T111/><D105/><U80/><E119/><V16/><F87/><W59/><G101/><T17/><D76/><U33/><E33/><V68/><F16/><N who="0" m="6250" /><D70/><U106/><E106/><V61/><F127/><W79/><G79/><T50/><D67/><U94/><E94/><V125/><F125/><W113/><G113/><T103/><D32/><U34/><E34/><V26/><F26/><W83/><G9/><T95/><D49/><U42/><E42/><V99/><REACH who="2" step="1"/><F104/><REACH who="2" ten="326,250,212,182" step="2"/><W48/><G37/><T56/><D27/><U44/><E44/><V53/><F53/><W130/><G45/><T43/><D25/><U126/><E124/><V12/><F12/><N who="1" m="4649" /><E126/><V134/><F134/><AGARI ba="4,3" hai="0,1,3,80,81,132,133,134" m="4649,47210" machi="134" ten="40,7700,0" yaku="28,2,20,1" doraHai="24" who="1" fromWho="2" sc="326,0,250,119,212,-89,182,0" /><INIT seed="1,5,0,4,3,56" ten="326,369,123,182" oya="1" hai0="43,107,119,31,96,58,57,12,84,115,39,83,2" hai1="129,80,105,40,52,49,38,113,128,133,53,3,73" hai2="11,41,5,51,20,18,23,131,93,108,33,127,9" hai3="45,4,25,21,98,122,70,26,10,19,28,125,55"/><U66/><E105/><V62/><F108/><W116/><G122/><T135/><D2/><U27/><E113/><V100/><F131/><N who="1" m="50249" /><E3/><V69/><F33/><W85/><G125/><T91/><D119/><U48/><E27/><V114/><F127/><W74/><G74/><T64/><D31/><U104/><E104/><V94/><F114/><W16/><G70/><T32/><D32/><U75/><E133/><V76/><F76/><W106/><G85/><T92/><D107/><U44/><E80/><V35/><F35/><W110/><G110/><T54/><D135/><U89/><E89/><V77/><F77/><W99/><G26/><T95/><D95/><U112/><E112/><V102/><F69/><W50/><G116/><T14/><D39/><U34/><E34/><V60/><F51/><N who="1" m="19529" /><E66/><V78/><F78/><W0/><REACH who="3" step="1"/><G99/><REACH who="3" ten="326,369,123,172" step="2"/><T81/><D96/><U117/><E117/><V42/><REACH who="2" step="1"/><F18/><REACH who="2" ten="326,369,113,172" step="2"/><W68/><G68/><T124/><D115/><U82/><E73/><V87/><F87/><W130/><G130/><T37/><D84/><U121/><E121/><V97/><F97/><W86/><G86/><T103/><D124/><U17/><E75/><V71/><F71/><W120/><G120/><T79/><D83/><U109/><E82/><V126/><F126/><W72/><G72/><T134/><D81/><U8/><E109/><V123/><F123/><W13/><G13/><AGARI ba="5,2" hai="8,13,17,38,40,44,52,53" m="19529,50249" machi="13" ten="30,2900,0" yaku="19,1,54,1" doraHai="56" who="1" fromWho="3" sc="326,0,369,64,113,0,172,-44" /><INIT seed="1,6,0,4,0,57" ten="326,433,113,128" oya="1" hai0="67,51,17,7,49,112,108,68,12,132,86,39,19" hai1="29,88,135,70,25,72,77,0,98,6,105,58,26" hai2="1,65,79,41,35,109,36,114,82,130,55,127,2" hai3="101,63,116,59,64,34,69,76,117,71,123,90,9"/><U5/><E135/><V91/><F35/><W110/><G123/><T129/><D39/><U52/><E70/><V11/><F109/><W111/><G34/><T107/><D107/><U16/><E72/><V40/><F130/><W99/><G76/><T38/><D38/><U46/><E77/><V33/><F91/><W134/><G9/><T89/><D112/><U126/><E126/><V115/><F65/><W125/><G90/><T66/><D68/><N who="3" m="26185" /><G134/><T60/><D67/><U102/><E46/><N who="2" m="23815" /><F41/><W45/><G45/><T95/><D108/><N who="3" m="41513" /><G125/><T128/><D132/><U32/><E0/><V81/><F33/><W18/><G18/><N who="0" m="6667" /><D129/><U106/><E106/><AGARI ba="6,0" hai="59,63,64,99,101,106,116,117" m="41513,26185" machi="106" ten="30,2000,0" yaku="14,1,52,1" doraHai="57" who="3" fromWho="1" sc="326,0,433,-38,113,0,128,38" /><INIT seed="2,0,0,3,2,28" ten="326,395,113,166" oya="2" hai0="61,55,100,122,44,53,35,20,80,5,16,81,79" hai1="40,41,13,8,63,97,47,99,18,34,88,115,90" hai2="134,3,33,110,120,105,87,42,102,131,84,39,10" hai3="116,83,91,50,82,111,30,45,37,38,62,77,89"/><V59/><F59/><W107/><G107/><T96/><D122/><U7/><E115/><V56/><F56/><W0/><G0/><T73/><D35/><U65/><E34/><V76/><F42/><N who="1" m="16489" /><E47/><V58/><F58/><W12/><G50/><T49/><D61/><U129/><E129/><V68/><F10/><W57/><G57/><T132/><D132/><U74/><E74/><V66/><F102/><W113/><G62/><T135/><D135/><U85/><E63/><V43/><F87/><W17/><G45/><T108/><D108/><U128/><E128/><V46/><F84/><W60/><G60/><T94/><D80/><N who="1" m="49191" /><E65/><V114/><F76/><W29/><G111/><T27/><D5/><U126/><E126/><V118/><F43/><AGARI ba="0,0" hai="16,20,27,43,44,49,53,55,73,79,81,94,96,100" machi="43" ten="30,2000,0" yaku="7,1,54,1" doraHai="28" who="0" fromWho="2" sc="326,20,395,0,113,-20,166,0" /><INIT seed="3,0,0,0,1,111" ten="346,395,93,166" oya="3" hai0="17,41,31,42,98,15,3,45,49,34,94,16,8" hai1="101,106,48,109,133,84,86,108,5,95,0,77,103" hai2="36,61,56,119,2,59,26,135,83,37,134,132,6" hai3="53,25,110,50,99,54,85,107,57,104,73,21,18"/><W19/><G73/><T130/><D130/><U88/><E0/><V68/><F83/><W112/><G110/><N who="1" m="42602" /><E5/><V115/><F26/><W51/><G99/><T91/><D3/><U30/><E30/><V105/><F6/><W46/><G112/><T14/><D34/><U63/><E63/><V39/><F105/><W97/><G97/><T52/><D31/><U69/><E69/><V96/><F96/><W126/><G126/><T58/><D45/><U117/><E48/><V75/><F75/><W82/><REACH who="3" step="1"/><G19/><REACH who="3" ten="346,395,93,156" step="2"/><T67/><REACH who="0" step="1"/><D67/><REACH who="0" ten="336,395,93,156" step="2"/><U125/><E125/><V122/><F119/><W79/><AGARI ba="0,2" hai="18,21,25,46,50,51,53,54,57,79,82,85,104,107" machi="79" ten="20,7800,0" yaku="1,1,2,1,0,1,7,1,53,0" doraHai="111" doraHaiUra="1" who="3" fromWho="3" sc="336,-26,395,-26,93,-26,156,98" /><INIT seed="3,1,0,4,5,111" ten="310,369,67,254" oya="3" hai0="86,64,17,3,88,131,87,14,48,58,13,114,39" hai1="4,85,107,22,54,126,128,115,50,133,121,84,8" hai2="24,65,70,40,75,132,31,106,6,119,12,61,120" hai3="134,99,44,68,15,122,76,71,7,77,60,10,89"/><W52/><G122/><T118/><D39/><U66/><E107/><V38/><F119/><W97/><G134/><T25/><D3/><U127/><E121/><V67/><F132/><W16/><G71/><T51/><D118/><U34/><E34/><V116/><F120/><W45/><G68/><T91/><D131/><U1/><E133/><V32/><F116/><W28/><G28/><T96/><D96/><N who="3" m="36937" /><G89/><N who="0" m="34379" /><D25/><U9/><E128/><V112/><F75/><W82/><G7/><T55/><D64/><U33/><E33/><V80/><F106/><W19/><G19/><T41/><D114/><U23/><E66/><V59/><F80/><W100/><G100/><T123/><D123/><U2/><E50/><V26/><F67/><W130/><G130/><T57/><D14/><U35/><E35/><V95/><F70/><W102/><G102/><T94/><D94/><U30/><E30/><V62/><F95/><W27/><G27/><T11/><D58/><U46/><E115/><V49/><F24/><W81/><G81/><T93/><D93/><U74/><E74/><V21/><F112/><W63/><G82/><T78/><D78/><N who="3" m="30313" /><G44/><AGARI ba="1,0" hai="11,13,17,41,44,48,51,55,57,86,87" m="34379" machi="44" ten="30,2000,0" yaku="8,1,54,1" doraHai="111" who="0" fromWho="3" sc="310,23,369,0,67,0,254,-23" /><INIT seed="4,0,0,1,1,26" ten="333,369,67,231" oya="0" hai0="59,56,65,30,127,50,126,18,71,101,10,98,76" hai1="48,79,78,118,73,109,7,16,2,19,129,124,51" hai2="125,42,92,63,49,53,85,74,72,77,132,119,121" hai3="40,105,110,123,4,133,37,67,5,107,22,0,54"/><T128/><D76/><U8/><E118/><V84/><F121/><W39/><G110/><T87/><D87/><U75/><E109/><V83/><F132/><W135/><G67/><T23/><D128/><U3/><E124/><N who="0" m="47657" /><D10/><U81/><E129/><V130/><F130/><W89/><G89/><T17/><D71/><U122/><E122/><V117/><F125/><W62/><G22/><T108/><D59/><U13/><E2/><V29/><F42/><W69/><G69/><T57/><D57/><U35/><E35/><V41/><F41/><W93/><G93/><N who="0" m="58575" /><D108/><U45/><E3/><V25/><F63/><W90/><G62/><N who="0" m="38087" /><D50/><U120/><E120/><V103/><F85/><W20/><G39/><T102/><D102/><U88/><E88/><V68/><F68/><W32/><G90/><T47/><D47/><U111/><E111/><V11/><F11/><W131/><G37/><T43/><D43/><U44/><E48/><V94/><F74/><W97/><G40/><T15/><D15/><U114/><E114/><V106/><F72/><W91/><G91/><T33/><D33/><U58/><E58/><N who="2" m="33071" /><F103/><W6/><G0/><T9/><D9/><U134/><E134/><V34/><F106/><W12/><G107/><T55/><D55/><U112/><E112/><V14/><F14/><W24/><G12/><T113/><D113/><U96/><E96/><V31/><F119/><W100/><G131/><T104/><D104/><U28/><E73/><V70/><F117/><W82/><G123/><T46/><D46/><U61/><E44/><V36/><F70/><W115/><G133/><RYUUKYOKU ba="0,0" sc="333,30,369,-10,67,-10,231,-10" hai0="17,18,23,30" /><INIT seed="4,1,0,2,3,132" ten="363,359,57,221" oya="0" hai0="21,114,13,97,14,124,92,116,70,106,1,89,87" hai1="58,126,29,98,96,54,15,52,62,12,133,30,130" hai2="63,103,55,66,45,24,111,43,107,11,112,17,83" hai3="125,41,35,33,53,109,131,102,42,47,7,8,46"/><T39/><D1/><U37/><E133/><V105/><F111/><W115/><G109/><T38/><D70/><U22/><E37/><V77/><F112/><W101/><G53/><T135/><D116/><U134/><E134/><V3/><F55/><W71/><G71/><T48/><D48/><U119/><E119/><V10/><F24/><W49/><G131/><T104/><D21/><U128/><E22/><V99/><F17/><W93/><G115/><T68/><D68/><U81/><E81/><V23/><F23/><W67/><G67/><T0/><D0/><U40/><E40/><V60/><F105/><W51/><G93/><T31/><D92/><U76/><E76/><V90/><F90/><W122/><G122/><T16/><D89/><U85/><E85/><V2/><F11/><W28/><G28/><T91/><D91/><U95/><E95/><V26/><F26/><W86/><G86/><T110/><D31/><U129/><E129/><V20/><F20/><W50/><G50/><T6/><D87/><U19/><E19/><V56/><F63/><W82/><G82/><T64/><D16/><U108/><E108/><V84/><REACH who="2" step="1"/><F10/><REACH who="2" ten="363,359,47,221" step="2"/><W4/><G8/><N who="0" m="4247" /><D110/><U5/><E62/><V69/><F69/><W36/><G36/><AGARI ba="1,1" hai="2,3,36,43,45,56,60,66,77,83,84,99,103,107" machi="36" ten="30,2000,0" yaku="1,1,7,1,53,0" doraHai="132" doraHaiUra="88" who="2" fromWho="3" sc="363,0,359,0,47,33,221,-23" /><INIT seed="5,0,0,4,5,125" ten="363,359,80,198" oya="1" hai0="43,108,94,73,107,112,3,105,121,46,16,109,90" hai1="72,70,45,15,6,91,1,130,22,5,132,57,55" hai2="49,82,83,88,60,126,56,52,12,127,79,76,128" hai3="31,67,110,117,14,33,84,120,8,103,23,87,71"/><U98/><E70/><V95/><F128/><W99/><G120/><T89/><D3/><U28/><E72/><V80/><F127/><W119/><G110/><T134/><D73/><U0/><E132/><V13/><F126/><W44/><G44/><T65/><D65/><U96/><E45/><V29/><F29/><W34/><G23/><T37/><D112/><U18/><E0/><V35/><F35/><W17/><G84/><T123/><D90/><U39/><E39/><V118/><F118/><W133/><G87/><N who="0" m="52543" /><D134/><U115/><E115/><V85/><F12/><W100/><G100/><T62/><D62/><U40/><E40/><V41/><F41/><W102/><G102/><T93/><D93/><U68/><E68/><V66/><REACH who="2" step="1"/><F13/><REACH who="2" ten="363,359,70,198" step="2"/><N who="3" m="7335" /><G34/><T58/><D109/><U9/><E28/><V104/><F104/><W97/><G14/><T7/><D107/><U114/><E114/><V113/><F113/><W63/><G133/><T101/><D108/><U131/><E5/><V78/><F78/><W48/><G31/><T19/><D7/><U2/><E2/><V69/><AGARI ba="0,1" hai="49,52,56,60,66,69,76,79,80,82,83,85,88,95" machi="69" ten="30,8000,1" yaku="1,1,0,1,54,2,53,1" doraHai="125" doraHaiUra="61" who="2" fromWho="2" sc="363,-20,359,-40,70,90,198,-20" /><INIT seed="6,0,0,3,4,15" ten="343,319,160,178" oya="2" hai0="50,29,109,104,103,0,13,92,67,31,40,86,71" hai1="126,87,27,101,18,111,21,74,72,73,106,122,116" hai2="45,42,47,60,43,46,91,121,97,118,105,65,10" hai3="14,102,19,12,35,3,119,115,62,2,94,41,128"/><V53/><F118/><W59/><G119/><T81/><D0/><U134/><E116/><V20/><F121/><W23/><G35/><T78/><D104/><U90/><E111/><V93/><F105/><W36/><G128/><T28/><D71/><U25/><E126/><V34/><F34/><W108/><G108/><T61/><D109/><U52/><E134/><V58/><F10/><W127/><G127/><T77/><D13/><U79/><E122/><V125/><F125/><W98/><G115/><T57/><D78/><U17/><E79/><V130/><F130/><W26/><G3/><T70/><D70/><U55/><E101/><V96/><F96/><W63/><G2/><T83/><D83/><U85/><E106/><V131/><F131/><W112/><G112/><T54/><D40/><U64/><E64/><V68/><REACH who="2" step="1"/><F20/><REACH who="2" ten="343,319,150,178" step="2"/><W11/><G11/><T66/><D61/><AGARI ba="0,1" hai="42,43,45,46,47,53,58,60,61,65,68,91,93,97" machi="61" ten="40,7700,0" yaku="1,1,2,1,53,1" doraHai="15" doraHaiUra="51" who="2" fromWho="0" sc="343,-77,319,0,150,87,178,0" /><INIT seed="6,1,0,5,3,88" ten="266,319,237,178" oya="2" hai0="58,51,18,133,20,129,135,122,2,16,128,5,65" hai1="80,126,0,92,77,73,99,93,102,23,53,83,108" hai2="22,89,4,3,39,62,105,119,55,32,116,109,112" hai3="132,6,59,123,21,84,1,134,9,75,28,107,24"/><V25/><F39/><W31/><G107/><T49/><D122/><U81/><E108/><V114/><F105/><W97/><G75/><T130/><D5/><U95/><E0/><V121/><F62/><W76/><G97/><T36/><D2/><U87/><E126/><V15/><F55/><W30/><G59/><T57/><D36/><U37/><E37/><V101/><F89/><W94/><G76/><T115/><D115/><N who="2" m="44074" /><F101/><W85/><G84/><T50/><D18/><U104/><E53/><V86/><F86/><W82/><G82/><N who="1" m="31850" /><E23/><V125/><F125/><W72/><G72/><AGARI ba="1,0" hai="72,73,77,83,87,92,93,95,99,102,104" m="31850" machi="72" ten="30,16000,3" yaku="35,5,52,3" doraHai="88" who="1" fromWho="3" sc="266,0,319,163,237,0,178,-163" /><INIT seed="7,0,0,0,3,89" ten="266,482,237,15" oya="3" hai0="77,79,94,109,76,63,24,127,123,98,38,130,31" hai1="60,56,129,70,39,61,34,101,84,135,88,49,25" hai2="128,97,105,3,41,106,132,10,110,29,100,131,48" hai3="116,74,0,33,72,107,58,80,67,21,15,52,35"/><W55/><G116/><T102/><D38/><U62/><E88/><V115/><F110/><W113/><G0/><T81/><D109/><U36/><E60/><V66/><F29/><W12/><G107/><T51/><D123/><U87/><E87/><V65/><F106/><W122/><G122/><T93/><D130/><N who="2" m="49706" /><F115/><W83/><G58/><T125/><D51/><U82/><E49/><V44/><F132/><W90/><G90/><T5/><D5/><AGARI ba="0,0" hai="3,5,10,41,44,48,65,66,97,100,105" m="49706" machi="5" ten="30,1000,0" yaku="19,1" doraHai="89" who="2" fromWho="0" sc="266,-10,482,0,237,10,15,0" owari="256,6.0,482,57.0,247,-15.0,15,-48.0" /></mjloggm>