<mjloggm ver="2.3"><GO type="169" lobby="0"/><UN n0="%E9%B3%B3%E5%8D%97%E3%81%AE%E3%81%8A%E9%A6%AC%E3%81%95%E3%82%93" n1="%52%35" n2="%E3%81%AA%E3%81%88%E3%81%A8%E3%82%8B" n3="%6B%6F%74%61%6B%6F%74%61" dan="17,17,17,16" rate="2163.55,2192.41,2183.34,2116.28" sx="M,M,M,M"/><TAIKYOKU oya="0"/><INIT seed="0,0,0,3,2,104" ten="250,250,250,250" oya="0" hai0="21,81,37,78,134,109,57,20,42,45,29,26,40" hai1="49,62,0,6,61,38,116,88,64,3,16,72,107" hai2="68,35,1,87,97,18,121,60,133,31,65,25,80" hai3="82,77,106,73,70,101,127,33,130,94,10,86,34"/><T8/><D134/><U76/><E116/><V96/><F133/><W83/><G70/><T32/><D109/><U14/><E38/><V115/><F121/><W22/><G10/><T132/><D132/><U98/><E6/><V53/><F115/><W126/><G22/><T108/><D108/><U43/><E62/><V11/><F53/><W7/><G7/><T55/><D40/><U84/><E43/><V39/><F39/><W12/><G12/><T2/><D2/><U92/><E49/><V28/><F31/><W17/><G17/><T103/><D103/><N who="1" m="62967" /><E61/><V23/><F11/><W41/><G41/><T24/><D8/><N who="1" m="6215" /><E64/><V69/><F69/><W135/><G33/><T66/><D66/><U79/><E79/><V36/><F36/><W27/><G27/><T59/><D55/><U85/><E85/><V74/><F1/><W48/><G48/><T19/><REACH who="0" step="1"/><D32/><REACH who="0" ten="240,250,250,250" step="2"/><U122/><E122/><V114/><F35/><W111/><G34/><T119/><D119/><U58/><E58/><V129/><F65/><W102/><G111/><T54/><D54/><U15/><E15/><V63/><F68/><W120/><G135/><T118/><D118/><U75/><E75/><AGARI ba="0,1" hai="19,20,21,24,26,29,37,42,45,57,59,75,78,81" machi="75" ten="30,5800,0" yaku="1,1,7,1,52,1,53,0" doraHai="104" doraHaiUra="46" who="0" fromWho="1" sc="240,68,250,-58,250,0,250,0" /><INIT seed="0,1,0,5,0,73" ten="308,192,250,250" oya="0" hai0="110,130,19,85,72,83,5,43,44,135,87,30,59" hai1="22,26,3,49,111,33,64,80,97,124,54,12,99" hai2="69,60,122,27,52,57,98,114,41,75,14,4,67" hai3="112,10,128,82,118,125,58,18,131,39,104,56,116"/><T93/><D130/><N who="3" m="49705" /><G104/><T120/><D120/><U89/><E3/><V40/><F114/><W66/><G39/><T119/><D119/><U31/><E111/><V62/><F122/><W127/><G112/><T28/><D135/><U100/><E124/><N who="3" m="47690" /><G82/><T63/><D110/><U101/><E64/><V37/><F37/><W8/><G18/><T15/><D5/><U92/><E33/><V107/><F75/><W123/><G66/><T29/><D93/><U103/><E12/><V113/><F113/><W94/><G94/><T134/><D134/><U9/><E9/><N who="3" m="3690" /><G123/><T25/><D72/><U108/><E108/><V61/><F4/><W91/><G91/><T126/><D126/><U0/><E0/><V88/><F107/><W76/><G76/><N who="0" m="46311" /><D87/><U24/><E24/><V13/><F27/><W55/><G55/><N who="0" m="34303" /><D25/><U70/><E80/><V79/><F79/><W132/><G132/><T129/><D129/><U42/><E42/><V68/><F41/><W32/><G32/><T45/><D43/><U117/><E117/><AGARI ba="1,0" hai="56,58,116,117,118" m="3690,47690,49705" machi="117" ten="40,8000,1" yaku="28,2,19,1,18,1" doraHai="73" who="3" fromWho="1" sc="308,0,192,-83,250,0,250,83" /><INIT seed="1,0,0,4,2,94" ten="308,109,250,333" oya="1" hai0="30,105,101,50,133,13,60,52,107,57,10,69,47" hai1="89,116,109,83,80,110,84,28,56,64,41,77,66" hai2="73,31,36,124,70,11,46,17,65,71,113,98,90" hai3="123,21,85,2,108,78,59,120,114,127,93,92,19"/><U130/><E116/><V129/><F73/><W51/><G114/><T115/><D115/><U121/><E121/><V117/><F113/><W119/><G119/><T106/><D133/><U22/><E130/><V15/><F117/><W33/><G33/><T24/><D69/><U1/><E1/><V45/><F129/><W12/><G2/><T5/><D101/><U131/><E131/><V135/><F135/><W32/><G32/><T126/><D126/><U42/><E28/><V26/><F124/><W62/><G127/><T67/><REACH who="0" step="1"/><D106/><REACH who="0" ten="298,109,250,333" step="2"/><U82/><E109/><V75/><F71/><W91/><G108/><T61/><D61/><U18/><E110/><V55/><F70/><W79/><G120/><T74/><D74/><U43/><E56/><V132/><F75/><W34/><G123/><T9/><D9/><U96/><E77/><V72/><F72/><W128/><G128/><T16/><D16/><U7/><E7/><V76/><F132/><W88/><G62/><T40/><D40/><U38/><E38/><V6/><F36/><W58/><G58/><T99/><D99/><U125/><E125/><V81/><F98/><N who="3" m="57607" /><G34/><AGARI ba="0,1" hai="5,10,13,24,30,34,47,50,52,57,60,67,105,107" machi="34" ten="30,7700,0" yaku="1,1,7,1,54,1,53,1" doraHai="94" doraHaiUra="23" who="0" fromWho="3" sc="298,87,109,0,250,0,333,-77" /><INIT seed="2,0,0,2,1,64" ten="385,109,250,256" oya="2" hai0="69,23,24,120,40,126,30,12,58,129,37,66,114" hai1="33,31,45,92,0,85,6,68,18,5,112,75,52" hai2="101,82,61,80,60,132,2,77,35,53,47,67,39" hai3="91,26,43,11,94,117,96,131,106,32,54,111,14"/><V99/><F132/><W63/><G117/><T10/><D120/><U125/><E112/><V17/><F2/><W19/><G111/><T3/><D114/><U95/><E75/><V62/><F35/><W9/><G131/><T133/><D126/><U48/><E125/><V21/><F39/><W8/><G43/><T49/><D129/><U108/><E108/><V128/><F128/><W116/><G116/><T51/><D133/><U59/><E68/><V88/><F67/><W115/><G115/><T36/><D69/><U34/><E18/><V29/><F29/><W78/><G78/><T81/><D3/><U135/><E135/><V119/><F119/><W13/><G106/><T100/><D100/><U121/><E121/><V7/><F7/><W87/><G87/><T123/><D123/><U72/><E72/><V93/><F101/><W109/><G32/><T83/><D37/><U104/><E104/><V57/><F47/><W25/><G109/><T46/><D36/><U103/><E34/><V1/><F1/><W27/><G14/><T105/><D105/><U22/><E33/><V124/><F124/><W122/><G122/><T20/><D66/><U74/><E74/><V16/><F17/><W28/><G28/><T113/><D30/><U98/><E0/><V134/><F134/><W55/><G55/><T42/><D42/><U76/><E45/><V110/><F110/><W15/><G19/><T107/><D113/><U130/><E130/><V50/><F77/><W86/><G96/><T89/><D46/><U38/><E38/><V41/><F41/><W56/><AGARI ba="0,0" hai="8,9,11,13,15,25,26,27,54,56,63,86,91,94" machi="56" ten="40,5200,0" yaku="5,1,0,1,8,1" doraHai="64" who="3" fromWho="3" sc="385,-13,109,-13,250,-26,256,52" /><INIT seed="3,0,0,4,2,72" ten="372,96,224,308" oya="3" hai0="85,128,130,2,113,89,35,99,124,33,29,122,51" hai1="94,46,9,44,104,32,34,63,5,74,13,30,23" hai2="133,12,66,134,70,103,56,90,43,114,37,31,55" hai3="97,106,52,69,36,27,57,47,93,75,76,121,84"/><W129/><G121/><T60/><D122/><U48/><E104/><V110/><F103/><W19/><G129/><N who="0" m="49771" /><D124/><U67/><E74/><V0/><F0/><W87/><G69/><T112/><D2/><U28/><E34/><N who="0" m="12809" /><D29/><U59/><E32/><V54/><F31/><W61/><G106/><T105/><D51/><U81/><E81/><V111/><F90/><N who="3" m="55479" /><G47/><T15/><D60/><U107/><E107/><V26/><F70/><W17/><G17/><T109/><D109/><N who="2" m="41482" /><F12/><W83/><G36/><T78/><D15/><U117/><E117/><V131/><F26/><W53/><G53/><N who="2" m="19977" /><F114/><N who="0" m="44138" /><D78/><U64/><E64/><V95/><F131/><W118/><G118/><T132/><D132/><N who="2" m="50794" /><F95/><W1/><G1/><T58/><D58/><U119/><E119/><V65/><F56/><W116/><G116/><T39/><D105/><U71/><E71/><V62/><F62/><W10/><G10/><T11/><D11/><U127/><E127/><V40/><F37/><W86/><G75/><T22/><D39/><U125/><E125/><V50/><F50/><W126/><G126/><T91/><D91/><U7/><E7/><V16/><F16/><W123/><G123/><T4/><D4/><U115/><E115/><V45/><F45/><N who="1" m="17513" /><E48/><V8/><F8/><W41/><G41/><AGARI ba="0,0" hai="40,41,43,65,66" m="50794,19977,41482" machi="41" ten="40,12000,2" yaku="28,2,14,1,20,1,34,2" doraHai="72" who="2" fromWho="3" sc="372,0,96,0,224,120,308,-120" /><INIT seed="4,0,0,1,1,86" ten="372,96,344,188" oya="0" hai0="37,116,28,115,5,84,64,54,108,50,75,32,38" hai1="8,15,77,68,12,99,6,73,125,34,120,98,78" hai2="128,101,114,118,59,14,70,72,61,74,91,90,18" hai3="131,80,113,2,127,27,57,87,53,36,22,11,39"/><T93/><D115/><U96/><E120/><V106/><F70/><W40/><G131/><T124/><D116/><U117/><E117/><V88/><F118/><W110/><G127/><T42/><D124/><U55/><E125/><V135/><F128/><W79/><G110/><T23/><D75/><U46/><E34/><V107/><F114/><W67/><G67/><T130/><D32/><U29/><E68/><V95/><F95/><W41/><G39/><T97/><D42/><U121/><E121/><V76/><F135/><W85/><G36/><T69/><D108/><U100/><E100/><V60/><F60/><W89/><G11/><T49/><D49/><U19/><E29/><V43/><F43/><W81/><G2/><T63/><D5/><U13/><E73/><V104/><F101/><W111/><G111/><T66/><D66/><U9/><REACH who="1" step="1"/><E15/><REACH who="1" ten="372,86,344,188" step="2"/><V109/><F109/><W47/><G113/><T65/><D69/><U1/><E1/><V44/><F76/><W56/><G56/><T21/><D130/><U16/><E16/><V45/><F74/><W134/><G47/><T103/><D28/><U105/><E105/><V132/><F72/><W102/><G102/><T10/><D103/><U129/><E129/><V123/><F123/><W31/><REACH who="3" step="1"/><G134/><REACH who="3" ten="372,86,344,178" step="2"/><T112/><D112/><U83/><E83/><V24/><F132/><W25/><G25/><T133/><D133/><U20/><E20/><N who="2" m="11351" /><F24/><W26/><G26/><T51/><D23/><U48/><AGARI ba="0,2" hai="6,8,9,12,13,19,46,48,55,77,78,96,98,99" machi="48" ten="30,4000,0" yaku="1,1,0,1,8,1,53,0" doraHai="86" doraHaiUra="119" who="1" fromWho="1" sc="372,-20,86,60,344,-10,178,-10" /><INIT seed="5,0,0,5,5,40" ten="352,146,334,168" oya="1" hai0="79,131,35,96,57,72,2,80,81,23,97,8,12" hai1="29,128,7,37,4,63,106,9,28,34,13,105,82" hai2="121,93,83,60,56,127,92,11,67,104,64,78,24" hai3="124,135,39,5,48,44,46,3,130,71,49,41,33"/><U95/><E128/><V133/><F121/><W91/><G33/><T109/><D109/><U73/><E37/><V25/><F104/><W58/><G5/><T42/><D35/><U15/><E95/><V45/><F127/><W32/><G3/><T47/><D131/><U102/><E63/><V31/><F133/><W87/><G71/><T10/><D57/><U122/><E122/><V88/><F64/><W65/><G32/><T43/><D43/><U119/><E119/><V134/><F134/><W112/><G112/><T68/><D68/><U110/><E110/><V17/><F45/><W30/><G30/><T50/><D23/><U51/><E51/><V100/><F100/><W52/><G135/><T59/><D59/><U114/><E114/><V0/><F0/><W101/><G101/><T61/><D61/><U77/><E102/><V1/><F1/><W21/><G21/><T19/><REACH who="0" step="1"/><D80/><REACH who="0" ten="342,146,334,168" step="2"/><U99/><E34/><V55/><F83/><W116/><G130/><T126/><D126/><U94/><E29/><V20/><F31/><W115/><G124/><T62/><D62/><U22/><E28/><V27/><F67/><W123/><G65/><T6/><AGARI ba="0,1" hai="2,6,8,10,12,19,42,47,50,72,79,81,96,97" machi="6" ten="30,4000,0" yaku="1,1,0,1,52,1,53,0" doraHai="40" doraHaiUra="66" who="0" fromWho="0" sc="342,50,146,-20,334,-10,168,-10" /><INIT seed="6,0,0,2,1,48" ten="392,126,324,158" oya="2" hai0="36,109,113,61,60,80,103,10,53,18,97,114,33" hai1="44,47,43,105,25,119,38,87,78,79,124,30,90" hai2="11,5,62,7,108,82,101,125,9,41,134,81,76" hai3="75,89,22,51,8,69,37,68,32,70,71,91,19"/><V3/><F125/><W17/><G37/><T121/><D109/><U45/><E119/><V104/><F134/><W86/><G75/><T115/><D121/><U2/><E124/><V4/><F108/><W55/><N who="3" m="17408" /><DORA hai="46" /><W122/><G32/><T95/><D36/><U130/><E130/><V54/><F41/><W49/><G122/><T31/><D80/><U24/><E105/><V84/><F104/><W26/><G55/><T28/><D53/><U126/><E2/><V64/><F101/><W83/><REACH who="3" step="1"/><G89/><REACH who="3" ten="392,126,324,148" step="2"/><T73/><D73/><U93/><E126/><V135/><F54/><W77/><G77/><N who="1" m="29194" /><E38/><V58/><F135/><W92/><G92/><T100/><D33/><U63/><E43/><V112/><F82/><W39/><G39/><T59/><D95/><U35/><E35/><V129/><F129/><W94/><G94/><T56/><D115/><U67/><E30/><V74/><F74/><W72/><G72/><T16/><D28/><U29/><E29/><V65/><F112/><W111/><G111/><T120/><D31/><U21/><E67/><V132/><F132/><W133/><G133/><T52/><D120/><U131/><E131/><V34/><F34/><W98/><G98/><T57/><D97/><U1/><E93/><V88/><F76/><W102/><G102/><T110/><D103/><U12/><E90/><V13/><F65/><W85/><G85/><T107/><D100/><U6/><E87/><V40/><F40/><W27/><G27/><T99/><D107/><U15/><E25/><V118/><F118/><W117/><G117/><T42/><D113/><RYUUKYOKU ba="0,1" sc="392,-15,126,-15,324,15,148,15" hai2="3,4,5,7,9,11,13,58,62,64,81,84,88" hai3="8,17,19,22,26,49,51,83,86,91" /><INIT seed="6,1,1,5,0,32" ten="377,111,339,163" oya="2" hai0="46,14,121,24,96,3,131,123,135,35,59,38,41" hai1="103,13,82,88,106,97,71,100,60,50,23,63,133" hai2="91,126,99,129,85,28,26,83,105,30,1,16,27" hai3="42,57,77,104,120,67,95,39,15,89,17,19,102"/><V36/><F36/><W12/><G120/><T87/><D3/><U73/><E133/><V132/><F132/><W53/><G77/><T0/><D0/><U52/><E103/><V48/><F126/><W20/><G67/><T78/><D135/><U31/><E71/><V74/><F129/><W70/><G70/><T56/><D131/><U69/><E69/><V111/><F1/><W58/><G104/><T45/><D14/><U127/><E127/><V65/><F111/><W107/><G107/><T40/><D96/><U108/><E108/><V116/><F116/><W66/><G66/><T101/><D101/><U44/><E73/><V98/><F105/><W75/><G57/><T113/><D113/><U93/><E106/><V9/><F74/><W10/><G102/><T25/><D78/><U8/><E82/><V130/><F65/><W62/><G42/><T117/><D87/><U4/><E100/><V128/><F48/><W90/><G39/><T55/><D38/><U86/><E97/><N who="2" m="36875" /><F130/><W37/><G37/><T54/><REACH who="0" step="1"/><D35/><REACH who="0" ten="367,111,339,163" step="2"/><U124/><E124/><V11/><F128/><W18/><G75/><T119/><AGARI ba="1,2" hai="24,25,40,41,45,46,54,55,56,59,117,119,121,123" machi="119" ten="25,8000,1" yaku="1,1,2,1,0,1,22,2,53,0" doraHai="32" doraHaiUra="29" who="0" fromWho="0" sc="367,103,111,-21,339,-41,163,-21" /><INIT seed="7,0,0,4,1,96" ten="470,90,298,142" oya="3" hai0="114,73,48,53,6,131,65,110,34,27,0,17,128" hai1="99,132,1,116,78,90,98,107,108,38,59,81,25" hai2="130,52,105,118,50,13,82,49,26,33,2,61,75" hai3="129,11,35,66,71,4,68,89,106,36,19,30,91"/><W58/><G36/><T97/><D110/><U111/><E38/><V28/><F2/><W123/><G58/><T112/><D73/><N who="1" m="43215" /><E25/><V42/><F61/><N who="3" m="40015" /><G19/><T32/><D97/><U55/><E1/><V64/><F64/><W29/><G29/><T45/><D65/><U117/><E55/><V126/><F126/><W24/><G71/><T133/><D133/><U63/><E59/><V79/><F130/><N who="0" m="49706" /><D17/><U22/><E22/><V86/><F28/><W47/><G47/><T92/><D92/><N who="1" m="56599" /><E63/><V20/><F86/><W41/><G41/><T39/><D39/><U124/><E124/><V44/><F42/><W60/><G60/><T88/><D88/><N who="3" m="33865" /><G24/><T77/><D77/><U127/><E132/><V31/><F44/><W3/><G3/><T37/><D37/><U134/><E134/><V87/><F50/><W12/><G11/><N who="0" m="2503" /><D27/><U76/><E76/><V5/><F49/><W8/><G35/><AGARI ba="0,0" hai="32,34,35,45,48,53,112,114" m="2503,49706" machi="35" ten="40,1300,0" yaku="19,1" doraHai="96" who="0" fromWho="3" sc="470,13,90,0,298,0,142,-13" owari="483,58.0,90,-41.0,298,10.0,129,-27.0" /></mjloggm>