<mjloggm ver="2.3"><GO type="185" lobby="0"/><UN n0="%65%6C%75%6C%75" n1="%E3%82%8C%E3%81%99%E3%81%93" n2="%74%6F%6D%69%31%30%32%39" n3="" dan="16,16,16,0" rate="2258.98,2219.99,2084.11,1500.00" sx="M,F,M,C"/><TAIKYOKU oya="0"/><INIT seed="0,0,0,4,1,60" ten="350,350,350,0" oya="0" hai0="127,36,73,66,96,125,34,134,107,93,35,132,2" hai1="109,135,45,128,77,32,39,99,62,44,75,63,103" hai2="46,130,78,51,121,133,97,47,131,65,54,33,41" hai3=""/><T119/><D2/><U101/><E32/><N who="0" m="12329" /><D119/><U40/><E128/><V76/><N who="2" m="31008" /><V1/><F1/><T92/><D36/><U104/><E135/><N who="0" m="51753" /><D73/><U115/><E109/><V50/><F133/><T120/><N who="0" m="30752" /><T105/><D66/><U67/><E115/><V83/><F33/><T52/><D52/><U86/><E75/><V38/><F38/><T116/><D116/><U49/><E103/><V82/><F97/><T71/><D71/><U114/><E114/><V58/><F131/><T113/><D113/><U94/><E67/><V0/><F0/><T3/><D3/><U126/><E39/><V79/><F130/><T64/><D64/><U48/><E40/><V106/><F106/><N who="0" m="40458" /><D96/><U56/><E99/><V90/><F90/><T110/><D110/><U37/><E37/><V88/><F88/><T102/><D102/><U118/><E101/><V74/><F74/><T69/><D69/><U70/><E70/><V85/><F83/><T108/><D108/><U87/><E118/><V123/><N who="2" m="31520" /><V68/><F68/><T89/><D89/><U98/><E98/><V129/><F129/><T124/><AGARI ba="0,0" hai="92,93,124,125,127" m="40458,30752,51753,12329" machi="124" ten="50,8000,1" yaku="28,2,18,1,20,1,52,1" doraHai="60" who="0" fromWho="0" sc="350,80,350,-40,350,-40,0,0" /><INIT seed="0,1,0,1,4,40" ten="430,310,310,0" oya="0" hai0="56,110,131,36,51,90,115,73,69,64,107,43,58" hai1="75,112,62,44,50,99,59,38,81,3,74,113,120" hai2="37,72,125,94,130,95,86,85,79,60,91,32,109" hai3=""/><T96/><D73/><U111/><N who="1" m="30752" /><U92/><E3/><V129/><F37/><T83/><D115/><N who="1" m="44107" /><E38/><V116/><F32/><T48/><D131/><U98/><E111/><V39/><F39/><T41/><D110/><U66/><E81/><V0/><F0/><T93/><D107/><U135/><E135/><V128/><F109/><T67/><D69/><U71/><E71/><V102/><F60/><T119/><D119/><U101/><E99/><V133/><F133/><T104/><D104/><U1/><E1/><V121/><N who="2" m="31008" /><V49/><F125/><T87/><D36/><U118/><E118/><V33/><F33/><T89/><D48/><U61/><E61/><V52/><F116/><T54/><D58/><U105/><E105/><V124/><F124/><T76/><D76/><U100/><E100/><V80/><F102/><T34/><D34/><U108/><E108/><V55/><F49/><T70/><D70/><U126/><E126/><V45/><F72/><T65/><AGARI ba="1,0" hai="41,43,51,54,56,64,65,67,83,87,89,90,93,96" machi="65" ten="30,2000,0" yaku="0,1,8,1" doraHai="40" who="0" fromWho="0" sc="430,22,310,-11,310,-11,0,0" /><INIT seed="0,2,0,3,0,40" ten="452,299,299,0" oya="0" hai0="37,65,102,133,124,66,129,123,69,94,33,52,109" hai1="43,125,74,57,34,71,70,32,47,98,92,87,128" hai2="119,54,51,80,126,64,82,113,50,88,110,79,78" hai3=""/><T105/><RYUUKYOKU type="yao9" ba="2,0" sc="452,0,299,0,299,0,0,0" hai0="33,37,52,65,66,69,94,102,105,109,123,124,129,133" /><INIT seed="0,3,0,4,5,110" ten="452,299,299,0" oya="0" hai0="69,117,87,86,44,123,39,70,97,96,108,113,133" hai1="91,79,114,89,90,42,129,71,38,116,126,121,2" hai2="111,109,115,106,112,131,55,33,37,54,103,52,83" hai3=""/><T107/><N who="0" m="31520" /><T94/><D117/><U3/><N who="1" m="31008" /><U119/><E71/><V46/><F83/><T93/><D107/><U57/><E129/><V101/><F33/><T48/><D39/><U49/><E126/><V66/><F106/><T82/><D133/><U41/><E38/><V51/><F131/><T118/><D118/><U59/><E79/><V88/><F88/><T104/><D104/><U35/><E90/><V102/><F66/><T80/><D48/><U132/><E49/><V75/><F75/><T122/><N who="0" m="31264" /><T53/><D53/><U47/><E47/><V65/><F65/><T0/><D44/><U124/><E35/><V84/><F84/><T92/><D92/><U76/><E76/><V58/><F37/><T64/><D64/><U77/><E77/><V61/><REACH who="2" step="1"/><F54/><REACH who="2" ten="452,299,289,0" step="2"/><T72/><D72/><U78/><E124/><V99/><F99/><T67/><D67/><U81/><E81/><V45/><F45/><T130/><D130/><U128/><E128/><V98/><F98/><T134/><D97/><U100/><E78/><V62/><F62/><T85/><D80/><U105/><E105/><V120/><N who="2" m="30752" /><V56/><F56/><T68/><D82/><U32/><E32/><V50/><F50/><RYUUKYOKU ba="3,1" sc="452,-10,299,-10,289,20,0,0" hai2="46,51,52,55,58,61,101,102,103,109,111,112,115" /><INIT seed="1,4,1,2,2,43" ten="442,289,309,0" oya="1" hai0="124,78,75,34,118,59,41,82,37,115,46,109,83" hai1="102,94,54,110,113,135,114,86,100,72,128,77,39" hai2="104,60,129,125,84,0,74,87,108,56,64,96,99" hai3=""/><U44/><E135/><V35/><F0/><T106/><D115/><U62/><E128/><V105/><F74/><T76/><D124/><U116/><E116/><V3/><F3/><T52/><D106/><U48/><E72/><V33/><F125/><T50/><D109/><U93/><E110/><V2/><F2/><T79/><D118/><U49/><E39/><V130/><F108/><T91/><REACH who="0" step="1"/><D34/><REACH who="0" ten="432,289,309,0" step="2"/><U117/><E117/><V88/><F105/><T103/><D103/><U123/><N who="1" m="31520" /><U89/><E114/><V57/><F104/><T47/><D47/><U127/><E113/><V36/><F33/><T66/><D66/><U51/><E127/><V70/><F35/><T1/><D1/><U61/><E102/><V90/><F130/><T58/><D58/><U65/><E77/><V53/><F129/><T131/><D131/><U133/><E133/><V80/><F70/><T134/><D134/><U97/><E65/><V122/><N who="2" m="31264" /><V42/><F57/><T101/><D101/><U107/><E107/><V119/><F64/><T111/><D111/><U69/><E69/><V45/><F119/><T55/><D55/><U112/><E112/><V63/><F53/><T68/><D68/><U71/><E71/><V95/><F56/><RYUUKYOKU ba="4,2" sc="432,0,289,0,309,0,0,0" hai0="37,41,46,50,52,59,75,76,78,79,82,83,91" hai1="44,48,49,51,54,61,62,86,89,93,94,97,100" hai2="36,42,45,60,63,80,84,87,88,90,95,96,99" /><INIT seed="1,5,2,3,2,96" ten="432,289,309,0" oya="1" hai0="109,86,53,118,92,124,83,78,48,45,65,88,74" hai1="61,35,103,60,56,112,97,63,113,107,2,134,57" hai2="126,68,3,81,50,114,51,47,69,99,127,33,91" hai3=""/><U89/><E2/><V102/><F33/><T39/><D109/><U87/><E35/><V76/><F3/><T64/><D124/><N who="2" m="47658" /><F91/><T122/><N who="0" m="31264" /><T55/><D118/><U54/><E134/><V110/><F114/><T59/><REACH who="0" step="1"/><D39/><REACH who="0" ten="422,289,309,0" step="2"/><U117/><E117/><V104/><F110/><T44/><D44/><U43/><E43/><V34/><F34/><T101/><D101/><U72/><E72/><V133/><F133/><T95/><D95/><U40/><E40/><V100/><F100/><T70/><D70/><N who="2" m="27242" /><F47/><T105/><D105/><U120/><N who="1" m="30752" /><U119/><E119/><V49/><F81/><T84/><D84/><U0/><E0/><V94/><F76/><T52/><D52/><U1/><E1/><V123/><N who="2" m="31520" /><V75/><F75/><T37/><D37/><U108/><E108/><V130/><F130/><T42/><D42/><U73/><E73/><V125/><F125/><T77/><D77/><U135/><E135/><V98/><F104/><T62/><AGARI ba="5,3" hai="45,48,53,55,59,62,64,65,74,78,83,86,88,92" m="31264" machi="62" ten="20,6000,1" yaku="1,1,0,1,7,1,52,1,54,1,53,0" doraHai="96" doraHaiUra="132" who="0" fromWho="0" sc="422,100,289,-45,309,-25,0,0" /><INIT seed="2,0,0,4,5,58" ten="522,244,284,0" oya="2" hai0="83,41,95,50,94,133,126,73,49,61,39,43,123" hai1="32,87,130,42,109,132,118,36,112,54,125,57,80" hai2="71,53,92,104,103,0,67,64,84,134,90,117,37" hai3=""/><V96/><F0/><T127/><N who="0" m="31520" /><T135/><D83/><U45/><E112/><V115/><F115/><T34/><D73/><U72/><E32/><V85/><F117/><T113/><D113/><U74/><E118/><V76/><F37/><T65/><D39/><U122/><N who="1" m="31264" /><U47/><E109/><V129/><F134/><N who="0" m="51210" /><D34/><U33/><E33/><V114/><F129/><T56/><D95/><U60/><E130/><V124/><F124/><N who="0" m="47658" /><D94/><U46/><E132/><V1/><F1/><T79/><D79/><U51/><E125/><V108/><F108/><T116/><D116/><U66/><REACH who="1" step="1"/><E46/><REACH who="1" ten="522,234,284,0" step="2"/><V99/><F114/><T82/><D82/><U89/><AGARI ba="0,1" hai="36,42,45,47,51,54,57,60,66,72,74,80,87,89" m="31264" machi="89" ten="20,9000,2" yaku="1,1,2,1,0,1,7,1,52,2,53,0" doraHai="58" doraHaiUra="111" who="1" fromWho="1" sc="522,-30,234,100,284,-60,0,0" /><INIT seed="4,0,0,2,3,91" ten="492,334,224,0" oya="0" hai0="43,68,65,93,135,126,59,48,88,96,77,118,85" hai1="112,82,132,111,32,58,35,76,116,104,81,80,125" hai2="134,0,109,121,63,55,42,69,79,86,87,44,98" hai3=""/><T94/><D118/><U75/><E111/><V53/><N who="2" m="31008" /><V127/><F109/><T101/><D126/><U131/><E116/><V52/><F0/><T39/><D135/><U106/><E132/><V40/><F127/><T133/><D133/><U119/><E125/><V100/><F134/><T57/><D39/><U102/><E119/><V56/><F69/><T62/><D77/><U47/><E131/><V129/><F129/><T3/><D3/><U99/><E112/><V84/><F79/><T61/><D61/><U36/><E106/><V130/><F130/><T50/><D43/><U113/><E113/><V97/><F97/><T49/><AGARI ba="0,0" hai="48,49,50,57,59,62,65,68,85,88,93,94,96,101" machi="49" ten="30,7800,0" yaku="0,1,52,2,54,1" doraHai="91" who="0" fromWho="0" sc="492,78,334,-39,224,-39,0,0" /><INIT seed="4,1,0,2,4,134" ten="570,295,185,0" oya="0" hai0="45,77,87,64,88,104,36,43,100,33,127,79,113" hai1="106,47,91,120,84,75,115,1,116,105,129,102,67" hai2="76,99,61,101,135,35,118,34,133,82,52,80,0" hai3=""/><T37/><D127/><U54/><N who="1" m="30752" /><U131/><E1/><V107/><F0/><T41/><D113/><U65/><E116/><V94/><F118/><T49/><D64/><U2/><E75/><V81/><F76/><T62/><D62/><U73/><E73/><V90/><F34/><T124/><D124/><U109/><E2/><V72/><F72/><T126/><D126/><U119/><E109/><V50/><F61/><T51/><D100/><U56/><E119/><V122/><N who="2" m="31264" /><V53/><F35/><T68/><D68/><U71/><E71/><V39/><F39/><T132/><D104/><U117/><E105/><V83/><N who="2" m="20480" /><DORA hai="123" /><V96/><REACH who="2" step="1"/><F53/><REACH who="2" ten="570,295,175,0" step="2"/><T92/><D77/><U85/><E117/><V63/><F63/><T98/><D79/><U44/><E54/><V55/><F55/><T108/><D36/><U112/><E112/><V89/><F89/><T46/><D37/><U110/><E115/><V69/><F69/><T58/><D88/><U57/><E91/><V121/><N who="2" m="31008" /><V74/><F74/><T95/><D33/><U86/><E65/><V60/><F60/><T48/><D48/><U103/><E67/><V42/><F42/><T32/><D51/><U3/><E3/><V93/><F93/><RYUUKYOKU ba="1,1" sc="570,-10,295,-10,175,20,0,0" hai2="50,52,90,94,96,99,101,107,133,135" /><INIT seed="5,2,1,2,4,122" ten="560,285,195,0" oya="1" hai0="71,55,129,127,49,58,86,80,89,114,47,102,74" hai1="43,100,54,118,124,65,0,82,66,106,92,98,48" hai2="32,85,34,59,111,38,77,97,79,50,1,44,107" hai3=""/><U109/><E118/><V105/><F1/><T46/><D71/><U96/><E0/><V36/><F59/><T88/><D129/><U37/><E124/><V67/><F67/><T90/><D74/><U84/><E43/><V39/><F85/><T53/><D127/><U35/><E37/><V115/><F97/><T119/><D119/><U51/><E35/><V134/><F134/><T63/><D114/><U93/><E106/><V78/><F115/><T81/><D102/><U91/><E109/><V2/><F2/><T108/><D108/><U132/><E132/><V33/><F111/><T135/><D135/><U68/><E68/><V116/><F116/><T112/><D112/><U75/><E75/><V99/><F99/><T40/><D81/><U133/><E133/><V104/><F50/><AGARI ba="2,1" hai="40,46,47,49,50,53,55,58,63,80,86,88,89,90" machi="50" ten="30,3900,0" yaku="7,1,8,1,54,1" doraHai="122" who="0" fromWho="2" sc="560,53,285,0,195,-43,0,0" /><INIT seed="6,0,0,2,5,61" ten="613,285,152,0" oya="2" hai0="85,49,73,83,86,46,109,70,53,75,118,69,119" hai1="81,48,54,40,134,116,113,90,59,50,101,47,97" hai2="0,105,91,131,63,87,106,55,115,114,44,132,72" hai3=""/><V103/><F0/><T56/><D109/><U58/><E134/><V74/><F132/><T39/><D86/><U82/><E113/><N who="2" m="43019" /><F131/><T64/><D70/><U111/><E111/><V65/><F55/><T78/><D75/><N who="2" m="28714" /><F44/><T80/><D69/><U125/><E116/><V79/><F79/><T95/><D39/><U71/><E71/><V52/><F52/><T126/><D46/><U123/><N who="1" m="31520" /><U135/><E135/><V102/><F63/><T36/><D78/><U121/><N who="1" m="31008" /><U122/><N who="1" m="31264" /><U77/><E77/><V88/><F65/><T68/><D64/><U127/><E59/><V128/><F128/><T99/><D68/><U38/><E38/><V45/><F45/><T76/><D36/><U112/><E112/><V107/><F91/><T108/><D53/><U120/><N who="1" m="30752" /><U96/><E90/><V34/><F34/><T43/><D76/><U130/><E130/><V110/><F110/><T37/><D108/><U35/><E58/><V2/><F2/><T41/><D56/><U94/><E35/><V93/><AGARI ba="0,0" hai="87,88,93,102,103,105,106,107" m="28714,43019" machi="93" ten="40,8000,1" yaku="15,1,34,2,54,1" doraHai="61" who="2" fromWho="2" sc="613,-40,285,-40,152,80,0,0" /><INIT seed="6,1,0,0,4,47" ten="573,245,232,0" oya="2" hai0="77,119,38,64,88,110,109,3,107,62,120,84,36" hai1="82,46,33,130,57,78,116,131,63,54,103,87,125" hai2="89,53,71,129,112,106,61,122,105,32,65,72,60" hai3=""/><V132/><N who="2" m="31264" /><V2/><F32/><T0/><N who="0" m="30752" /><T98/><D77/><U115/><E33/><V70/><F2/><T94/><D119/><U68/><E116/><V66/><F72/><T90/><D38/><U114/><E125/><V75/><F75/><T74/><D36/><U111/><E111/><V40/><F40/><T41/><D41/><U123/><N who="1" m="31520" /><U51/><E103/><V92/><F132/><T45/><D45/><U35/><E68/><V39/><F39/><T50/><D50/><U69/><E69/><V135/><F135/><T52/><D107/><U59/><E59/><V79/><F79/><T73/><D110/><U127/><E127/><V124/><F124/><T118/><D109/><U83/><E83/><V93/><F129/><N who="1" m="49161" /><E35/><V55/><F112/><T128/><D74/><U100/><E100/><V58/><F58/><T133/><D84/><U43/><AGARI ba="1,0" hai="43,46,51,54,57,63,78,82,87,114,115" m="49161,31520" machi="43" ten="30,3000,0" yaku="19,1,52,2" doraHai="47" who="1" fromWho="1" sc="573,-11,245,32,232,-21,0,0" owari="562,51.0,277,-12.0,211,-39.0,0,0.0" /></mjloggm>