<mjloggm ver="2.3"><GO type="169" lobby="0"/><UN n0="%E3%81%8F%E3%82%8B%E3%82%8B" n1="%E3%83%80%E3%82%AF%E3%82%BF%E3%83%BC%E3%82%AF%E3%83%AA%E3%83%83%E3%83%97" n2="%E3%81%A9%E3%82%93%E3%81%9F%E3%82%83%E3%82%93" n3="%28%E6%A0%97%E7%94%B0%E6%81%AD%E5%AE%8F%29" dan="17,17,17,16" rate="2183.95,2161.75,2209.39,2164.24" sx="F,M,F,F"/><TAIKYOKU oya="0"/><INIT seed="0,0,0,3,3,59" ten="250,250,250,250" oya="0" hai0="22,47,46,112,93,102,66,99,76,30,130,31,83" hai1="36,32,134,11,80,9,128,19,124,131,95,94,50" hai2="132,91,13,75,55,89,104,12,122,44,67,101,16" hai3="48,100,111,64,33,20,119,82,3,1,57,96,79"/><T45/><D112/><U0/><E36/><V18/><F122/><W113/><G33/><T21/><D130/><U109/><E109/><V25/><F75/><W53/><G119/><T103/><D103/><U71/><E32/><V43/><F132/><W87/><G113/><T2/><D2/><U114/><E0/><V26/><F55/><W118/><G118/><T23/><REACH who="0" step="1"/><D66/><REACH who="0" ten="240,250,250,250" step="2"/><U27/><E114/><V135/><F67/><W63/><G111/><T74/><AGARI ba="0,1" hai="21,22,23,30,31,45,46,47,74,76,83,93,99,102" machi="74" ten="30,6000,0" yaku="1,1,2,1,0,1,53,0" doraHai="59" doraHaiUra="61" who="0" fromWho="0" sc="240,70,250,-20,250,-20,250,-20" /><INIT seed="0,1,0,4,2,51" ten="310,230,230,230" oya="0" hai0="69,58,101,79,17,61,105,38,2,56,3,52,10" hai1="45,117,16,135,112,55,4,49,33,18,115,14,102" hai2="98,37,6,95,21,48,8,46,68,82,11,13,92" hai3="73,76,110,0,133,9,83,36,70,41,125,28,128"/><T114/><D114/><N who="1" m="43563" /><E117/><V89/><F68/><W71/><G110/><T50/><D38/><U124/><E33/><V131/><F131/><W27/><G125/><T122/><D122/><U99/><E124/><V32/><F32/><N who="3" m="20511" /><G133/><T44/><D69/><U104/><E135/><V64/><F37/><W121/><G128/><T100/><D79/><U86/><E86/><V57/><F11/><AGARI ba="1,0" hai="4,11,14,16,18,45,49,55,99,102,104" m="43563" machi="11" ten="30,3900,0" yaku="11,1,52,1,54,1" doraHai="51" who="1" fromWho="2" sc="310,0,230,42,230,-42,230,0" /><INIT seed="1,0,0,0,5,40" ten="310,272,188,230" oya="1" hai0="63,6,38,125,80,47,76,102,73,3,96,72,104" hai1="86,20,107,75,29,19,27,100,93,66,12,53,111" hai2="4,69,36,46,2,98,35,123,9,128,83,15,65" hai3="119,133,57,49,89,121,134,17,105,10,25,90,109"/><U52/><E75/><V84/><F123/><W59/><G121/><T127/><D63/><U122/><E122/><V79/><F128/><W26/><G105/><T8/><REACH who="0" step="1"/><D73/><REACH who="0" ten="300,272,188,230" step="2"/><U115/><E115/><V54/><F35/><W23/><G134/><T71/><D71/><U37/><E111/><V74/><F74/><W92/><G133/><T68/><D68/><U31/><E66/><V101/><F69/><W42/><G109/><T64/><D64/><U82/><E31/><V56/><F65/><W34/><G119/><T78/><D78/><N who="1" m="46423" /><E107/><V30/><F79/><W21/><G34/><T117/><D117/><U130/><E130/><V61/><F61/><W18/><G10/><T99/><D99/><N who="1" m="59503" /><E37/><V58/><F36/><W32/><G32/><T5/><D5/><U108/><E108/><V24/><F4/><W118/><G118/><T116/><D116/><U33/><E33/><V51/><F9/><W13/><G13/><T67/><D67/><U22/><AGARI ba="0,1" hai="12,19,20,22,27,29,52,53" m="59503,46423" machi="22" ten="30,3000,0" yaku="8,1,54,1" doraHai="40" who="1" fromWho="1" sc="300,-10,272,40,188,-10,230,-10" /><INIT seed="1,1,0,0,3,8" ten="290,312,178,220" oya="1" hai0="118,111,73,32,3,66,16,25,28,105,49,86,89" hai1="61,56,102,83,24,116,64,62,21,60,12,9,95" hai2="129,51,96,10,120,52,44,18,46,77,50,82,37" hai3="131,0,75,127,65,79,103,81,70,13,135,58,93"/><U17/><E116/><V34/><F120/><W123/><G123/><T29/><D118/><U68/><E68/><V71/><F71/><W57/><G0/><T39/><D39/><U36/><E83/><V72/><F129/><W134/><G127/><T30/><D73/><U109/><E36/><V14/><F37/><W23/><G70/><T41/><D105/><U67/><E67/><V100/><F34/><W54/><G65/><T4/><D111/><U121/><E109/><V108/><F108/><W43/><G43/><T7/><D66/><U117/><E117/><V128/><F128/><W99/><G131/><T20/><D3/><U80/><E80/><V48/><REACH who="2" step="1"/><F44/><REACH who="2" ten="290,312,168,220" step="2"/><W78/><G57/><T130/><D130/><U98/><REACH who="1" step="1"/><E121/><REACH who="1" ten="290,302,168,220" step="2"/><V85/><F85/><W104/><G75/><T110/><D110/><U97/><E97/><V33/><F33/><W101/><G134/><T107/><D32/><U124/><E124/><V84/><F84/><W63/><G63/><T119/><BYE who="3" /><D119/><UN n3="%28%E6%A0%97%E7%94%B0%E6%81%AD%E5%AE%8F%29" /><U5/><AGARI ba="1,2" hai="5,9,12,17,21,24,56,60,61,62,64,95,98,102" machi="5" ten="20,12000,1" yaku="1,1,0,1,7,1,8,1,52,1,53,0" doraHai="8" doraHaiUra="122" who="1" fromWho="1" sc="290,-41,302,143,168,-41,220,-41" /><INIT seed="1,2,0,4,2,3" ten="249,445,127,179" oya="1" hai0="19,11,22,46,102,76,44,14,134,10,20,16,87" hai1="91,107,116,32,23,113,104,122,119,93,129,45,97" hai2="47,36,96,98,112,30,75,100,133,5,123,43,39" hai3="28,2,62,120,58,70,21,9,80,66,85,86,48"/><U38/><E32/><V6/><F123/><W130/><G120/><T59/><D134/><U13/><E122/><V60/><F75/><W54/><G130/><T124/><D124/><U114/><E13/><V77/><F77/><W55/><G28/><T49/><D102/><U132/><E45/><V24/><F133/><W1/><G21/><T94/><D59/><U78/><E23/><V117/><F117/><W29/><G29/><T89/><D76/><U99/><E38/><V127/><F36/><W73/><G73/><T33/><D33/><U92/><E78/><V88/><F127/><W51/><G80/><T35/><D35/><U64/><E64/><V103/><F112/><W82/><G82/><T0/><D0/><U135/><REACH who="1" step="1"/><E91/><REACH who="1" ten="249,435,127,179" step="2"/><V50/><F39/><W17/><G1/><T74/><D46/><U79/><E79/><V118/><F118/><W52/><G54/><N who="0" m="29991" /><D74/><U81/><E81/><V65/><F88/><W56/><G2/><T115/><D115/><U63/><E63/><V34/><F60/><W109/><G109/><T110/><D110/><U105/><E105/><V69/><F65/><W41/><REACH who="3" step="1"/><G41/><REACH who="3" ten="249,435,127,169" step="2"/><T12/><AGARI ba="2,2" hai="10,11,12,14,16,19,20,22,87,89,94" m="29991" machi="12" ten="30,2000,0" yaku="8,1,54,1" doraHai="3" who="0" fromWho="0" sc="249,46,435,-12,127,-7,169,-7" /><INIT seed="2,0,0,5,0,120" ten="295,423,120,162" oya="2" hai0="95,54,13,2,24,87,105,91,36,89,85,68,30" hai1="132,124,117,19,1,7,86,4,69,11,55,65,18" hai2="27,56,128,130,53,32,107,29,21,28,92,110,76" hai3="80,104,44,3,90,38,101,25,93,15,16,94,103"/><V111/><F107/><W42/><G3/><T50/><D2/><U5/><E65/><V98/><F76/><W43/><G104/><T70/><D36/><U57/><E69/><V84/><F84/><W6/><G42/><T8/><D105/><U35/><E117/><V26/><F56/><W100/><G6/><T77/><D77/><U49/><E132/><V133/><F53/><W125/><G125/><T135/><D135/><U58/><E35/><V34/><F133/><W52/><G25/><T75/><D75/><U131/><E131/><N who="2" m="50219" /><F21/><N who="3" m="11423" /><G38/><T72/><D72/><U33/><E58/><V122/><F122/><W119/><G43/><T112/><D112/><U61/><E57/><V0/><F0/><W59/><G44/><T102/><D85/><U14/><E86/><V17/><F17/><W83/><G119/><T81/><D68/><U22/><E19/><V97/><F92/><N who="3" m="35435" /><G90/><T12/><D91/><U74/><E18/><V23/><F32/><W60/><AGARI ba="0,0" hai="52,59,60,80,83,100,101,103" m="35435,11423" machi="60" ten="30,4000,0" yaku="8,1,54,2" doraHai="120" who="3" fromWho="3" sc="295,-10,423,-10,120,-20,162,40" /><INIT seed="3,0,0,2,1,98" ten="285,413,100,202" oya="3" hai0="104,5,64,74,47,39,59,52,130,118,69,77,44" hai1="80,42,21,34,73,38,94,14,71,19,28,111,12" hai2="86,96,97,63,35,67,88,106,128,51,132,11,133" hai3="25,61,75,17,36,93,62,22,29,65,68,10,121"/><W70/><G121/><T72/><D118/><U27/><E71/><V49/><F35/><W31/><G75/><T115/><D130/><U92/><E111/><V127/><F128/><W16/><G36/><T113/><D5/><U3/><E12/><V6/><F127/><W124/><G124/><T9/><D9/><U89/><E3/><V50/><F11/><W20/><G10/><T40/><D47/><U18/><E18/><V8/><F8/><W58/><G93/><T114/><D77/><U41/><E38/><V84/><F6/><W116/><G116/><T13/><D13/><U15/><E15/><V105/><F97/><W120/><G120/><T102/><D64/><U90/><E80/><V99/><F99/><W56/><G65/><T81/><D69/><U83/><E83/><N who="2" m="49183" /><F86/><W87/><G87/><T82/><D74/><U131/><E131/><V48/><N who="2" m="12288" /><DORA hai="103" /><V0/><F96/><W43/><REACH who="3" step="1"/><G25/><REACH who="3" ten="285,413,100,192" step="2"/><T23/><D72/><U26/><E26/><V37/><F37/><W110/><G110/><T2/><D39/><U57/><E27/><V101/><F0/><W76/><G76/><T54/><D2/><U122/><E73/><V91/><F91/><W107/><G107/><T108/><D104/><U112/><E90/><V135/><F101/><W95/><G95/><T4/><D102/><U1/><E94/><V55/><F55/><N who="0" m="21034" /><D108/><U100/><E100/><V46/><F46/><W33/><G33/><T53/><D53/><U129/><E34/><V134/><N who="2" m="33792" /><DORA hai="66" /><V125/><F125/><W45/><G45/><T117/><D44/><U24/><E92/><RYUUKYOKU ba="0,1" sc="285,-15,413,-15,100,15,192,15" hai2="63,67,105,106" hai3="16,17,20,22,29,31,43,56,58,61,62,68,70" /><INIT seed="3,1,1,1,5,99" ten="270,398,115,207" oya="3" hai0="2,96,28,37,56,62,118,131,95,6,69,47,97" hai1="112,77,31,8,24,90,115,49,134,107,92,130,104" hai2="57,22,110,84,53,72,73,117,11,135,35,101,106" hai3="5,7,98,82,79,15,120,64,13,29,26,100,40"/><W68/><G120/><T91/><D118/><U38/><E38/><V4/><F35/><W123/><G123/><T94/><D131/><U122/><E122/><V21/><F117/><W108/><G40/><T43/><D28/><U54/><E130/><V66/><F110/><W44/><G44/><T129/><D129/><U14/><E77/><V39/><F39/><W55/><G55/><T114/><D114/><U83/><E83/><V65/><F135/><W85/><G108/><T128/><D69/><U109/><E134/><V18/><F84/><W52/><G52/><T34/><D34/><U17/><E107/><V103/><F106/><W59/><G59/><T80/><D80/><U60/><E104/><V51/><F73/><W1/><G1/><T45/><D128/><U119/><E60/><V19/><F4/><W32/><G5/><T75/><D75/><U124/><E124/><V20/><F72/><W116/><G7/><T111/><D111/><U50/><E50/><V71/><F71/><W76/><G76/><T86/><D2/><U125/><E125/><V121/><F121/><W41/><G41/><T9/><D6/><U70/><E70/><V87/><F87/><W30/><G30/><T105/><D86/><U89/><E119/><V132/><F132/><W93/><REACH who="3" step="1"/><G116/><REACH who="3" ten="270,398,115,197" step="2"/><T33/><D43/><U113/><E109/><V58/><F57/><W36/><G36/><T16/><D37/><U61/><E113/><V0/><F0/><W3/><G3/><T74/><D56/><U10/><E115/><V63/><F58/><W48/><G48/><T12/><D47/><RYUUKYOKU ba="1,2" sc="270,-10,398,-10,115,-10,197,30" hai3="13,15,26,29,32,64,68,79,82,85,93,98,100" /><INIT seed="3,2,2,2,1,57" ten="260,388,105,227" oya="3" hai0="5,33,109,124,117,49,133,83,119,75,20,46,84" hai1="13,51,35,7,90,94,59,80,132,2,28,34,36" hai2="26,25,24,89,17,134,135,82,66,99,69,21,32" hai3="64,97,121,112,12,42,15,65,14,93,68,88,95"/><W122/><G112/><T55/><D33/><U11/><E36/><V6/><F6/><W116/><G116/><T111/><D75/><U45/><E132/><N who="2" m="50731" /><F32/><W125/><G125/><T47/><D124/><U77/><E59/><V43/><F43/><W107/><G107/><T38/><D133/><U78/><E13/><V23/><F17/><W72/><G72/><T44/><D5/><U22/><E22/><N who="2" m="8203" /><F82/><W76/><G76/><T74/><D74/><U54/><E80/><V1/><F1/><W96/><G42/><T50/><D20/><U130/><E130/><V10/><F10/><W100/><REACH who="3" step="1"/><G68/><REACH who="3" ten="260,388,105,217" step="2"/><T19/><D117/><U102/><E78/><V114/><F114/><W27/><G27/><T91/><D119/><U85/><E77/><V67/><F69/><W126/><G126/><T9/><D38/><U113/><E113/><V4/><F24/><W29/><G29/><T31/><D31/><U3/><E28/><V92/><F25/><W118/><G118/><T61/><D109/><U8/><E34/><V70/><F26/><W108/><G108/><T73/><D111/><U39/><E35/><V115/><F115/><W120/><AGARI ba="2,3" hai="12,14,15,64,65,88,93,95,96,97,100,120,121,122" machi="120" ten="40,7800,0" yaku="1,1,0,1,54,1,53,0" doraHai="57" doraHaiUra="81" who="3" fromWho="3" sc="260,-28,388,-28,105,-28,217,114" /><INIT seed="3,3,0,3,5,2" ten="232,360,77,331" oya="3" hai0="28,49,133,12,10,98,56,15,126,94,99,4,120" hai1="27,83,104,129,105,0,114,48,111,29,23,80,14" hai2="18,124,88,68,34,127,70,13,25,19,134,51,21" hai3="79,47,53,36,116,46,91,86,37,8,66,81,35"/><W20/><G35/><T11/><D126/><N who="2" m="48170" /><F134/><W76/><G116/><T39/><D39/><U72/><E48/><V74/><F74/><W89/><G66/><T31/><D120/><U123/><E14/><V121/><F121/><W40/><G20/><T44/><D56/><U59/><E59/><V22/><F34/><W128/><G128/><T63/><D63/><U101/><E29/><V85/><F51/><W125/><G125/><T71/><D71/><U118/><E27/><V17/><F18/><W33/><G33/><T115/><D115/><U90/><E23/><V41/><F41/><W103/><G103/><T3/><D3/><U26/><E101/><V119/><F119/><W84/><G8/><T92/><D133/><U58/><E26/><V110/><F110/><W78/><G53/><T30/><D98/><U9/><E0/><V57/><F57/><W16/><G16/><N who="0" m="8215" /><D99/><U100/><E58/><V52/><F52/><AGARI ba="3,0" hai="4,11,15,28,30,31,44,49,52,92,94" m="8215" machi="52" ten="30,7700,0" yaku="8,1,52,1,54,2" doraHai="2" who="0" fromWho="2" sc="232,86,360,0,77,-86,331,0" owari="318,-8.0,360,46.0,-9,-51.0,331,13.0" /></mjloggm>