<mjloggm ver="2.3"><GO type="225" lobby="0"/><UN n0="%E3%81%98%E3%82%93%E3%81%BF%E3%82%87%E3%82%93" n1="%E8%A8%88%E7%AE%97%E6%A9%9F%E8%87%AA%E7%84%B6" n2="%E3%82%B7%E3%83%B3%E3%83%95%E3%82%A9%E3%83%8B%E3%82%A2" n3="%E3%83%8F%E3%82%AC%E3%82%BF%E3%82%AB%E3%81%AE%E3%81%88%E3%81%98%E3%81%8D" dan="16,17,17,17" rate="2173.70,2183.52,2108.48,2191.56" sx="F,M,M,M"/><TAIKYOKU oya="0"/><INIT seed="0,0,0,4,2,130" ten="250,250,250,250" oya="0" hai0="38,39,126,98,116,86,15,87,91,108,93,128,17" hai1="82,16,81,0,79,99,104,35,31,54,19,24,1" hai2="105,30,2,42,84,27,9,80,32,94,61,74,5" hai3="119,123,68,49,125,70,11,113,103,12,45,96,55"/><T112/><D112/><U44/><E82/><V41/><F105/><W118/><G113/><T132/><D116/><U102/><E54/><V110/><F110/><W8/><G125/><T63/><D126/><U23/><E44/><V57/><F94/><W133/><G123/><T129/><D108/><U7/><E7/><V115/><F74/><W83/><G8/><T97/><D63/><U114/><E114/><V33/><F33/><W78/><G133/><T117/><D132/><U124/><E19/><V37/><F37/><N who="0" m="13834" /><D117/><U51/><E51/><V85/><F85/><N who="0" m="32266" /><D93/><U62/><E62/><V111/><F111/><W58/><G119/><T40/><D91/><U89/><E89/><V109/><F109/><W65/><G83/><T106/><D106/><U34/><E124/><V3/><F3/><W73/><G73/><T56/><D56/><U122/><E122/><V22/><F32/><W64/><G78/><T121/><D40/><U13/><REACH who="1" step="1"/><E34/><REACH who="1" ten="250,240,250,250" step="2"/><V28/><F115/><W135/><G45/><T4/><D4/><U21/><E21/><V67/><REACH who="2" step="1"/><F30/><REACH who="2" ten="250,240,240,250" step="2"/><W100/><G118/><T29/><D29/><U43/><E43/><V20/><F20/><W76/><G11/><N who="0" m="6399" /><D121/><U77/><E77/><AGARI ba="0,2" hai="2,5,9,22,27,28,41,42,57,61,67,77,80,84" machi="77" ten="30,2000,0" yaku="1,1,7,1,53,0" doraHai="130" doraHaiUra="92" who="2" fromWho="1" sc="250,0,240,-20,240,40,250,0" /><INIT seed="1,0,0,4,0,33" ten="250,220,280,250" oya="1" hai0="124,19,86,18,65,82,24,100,95,63,117,85,105" hai1="125,110,121,107,48,7,71,47,88,53,96,4,45" hai2="16,39,17,60,73,129,42,94,99,8,109,90,81" hai3="37,36,31,69,111,50,66,77,74,13,2,41,44"/><U43/><E121/><V61/><F109/><W131/><G111/><T83/><D105/><U92/><E110/><V34/><F129/><W9/><G131/><T76/><D124/><U23/><E125/><V119/><F34/><W114/><G114/><T49/><D117/><U80/><E71/><V128/><F119/><W120/><G31/><T51/><D95/><U15/><E107/><V20/><F128/><W12/><G66/><T14/><D100/><U104/><E104/><V89/><F8/><W79/><G69/><T101/><D101/><U54/><E80/><V64/><F39/><W52/><G36/><T133/><D133/><U123/><E123/><V113/><F42/><W5/><G120/><T75/><D24/><U21/><E53/><V84/><F113/><W56/><G79/><T103/><D103/><U0/><E0/><V6/><F6/><W116/><G116/><T67/><D75/><U127/><E127/><V32/><F32/><W10/><G9/><T29/><D29/><U135/><E135/><V11/><F73/><W57/><G56/><N who="0" m="37095" /><D67/><U130/><E130/><V55/><F55/><W25/><G25/><T108/><D19/><N who="1" m="10495" /><E23/><V102/><F64/><W118/><G118/><T126/><D126/><U1/><E1/><V22/><F11/><W115/><G115/><T93/><D108/><U62/><E47/><V112/><F112/><W78/><G78/><N who="0" m="46295" /><D93/><U132/><E132/><V98/><F22/><AGARI ba="0,0" hai="14,18,22,49,51,76,83,86" m="46295,37095" machi="22" ten="30,1000,0" yaku="8,1" doraHai="33" who="0" fromWho="2" sc="250,10,220,0,280,-10,250,0" /><INIT seed="2,0,0,0,2,129" ten="260,220,270,250" oya="2" hai0="66,123,58,63,127,132,125,53,3,84,79,130,5" hai1="2,55,56,85,133,65,82,128,34,75,106,103,88" hai2="59,100,41,54,116,96,20,69,78,97,114,108,29" hai3="32,10,73,24,61,67,19,86,117,98,94,52,25"/><V16/><F114/><W17/><G73/><T120/><D5/><U26/><E2/><V36/><F69/><W109/><G117/><T51/><D3/><U60/><E128/><V48/><F116/><W11/><G109/><T77/><D130/><U122/><E122/><V101/><F108/><W13/><G86/><T49/><D84/><U91/><E75/><V8/><F78/><W46/><G32/><T37/><D37/><U135/><E91/><V23/><F36/><W110/><G110/><T111/><D111/><U76/><E76/><V119/><F41/><W68/><G10/><T113/><D113/><U134/><E103/><N who="2" m="39499" /><F119/><W104/><G104/><T45/><D77/><U14/><E106/><V38/><F38/><W131/><G17/><T118/><D79/><U90/><E90/><V15/><F29/><W74/><G74/><T9/><D9/><U22/><E14/><N who="2" m="9239" /><F23/><W42/><G42/><N who="0" m="24759" /><D118/><U87/><E87/><V95/><F95/><W89/><REACH who="3" step="1"/><G131/><REACH who="3" ten="260,220,270,240" step="2"/><T12/><D120/><U105/><E105/><V35/><F35/><W1/><G1/><T50/><D123/><U33/><E55/><V31/><F31/><AGARI ba="0,1" hai="22,26,31,33,34,56,60,65,82,85,88,133,134,135" machi="31" ten="40,8000,1" yaku="20,1,52,3,54,1" doraHai="129" who="1" fromWho="2" sc="260,0,220,90,270,-80,240,0" /><INIT seed="3,0,0,5,1,110" ten="260,310,190,240" oya="3" hai0="93,7,49,133,26,103,21,97,48,63,66,36,117" hai1="38,15,89,119,28,2,33,47,3,54,41,114,68" hai2="64,127,1,121,61,108,51,58,31,14,130,125,72" hai3="53,43,45,34,18,50,79,128,107,102,35,11,70"/><W123/><G123/><T23/><D133/><U113/><E89/><V16/><F1/><N who="1" m="9" /><E15/><V116/><F116/><W25/><G70/><T65/><D36/><U95/><E95/><V90/><F130/><W30/><G128/><T71/><D7/><U88/><E88/><V124/><F108/><W5/><G79/><T115/><D115/><N who="1" m="44043" /><E54/><V94/><F72/><W84/><G84/><T80/><D93/><U85/><E85/><V83/><F121/><W69/><G69/><T22/><D71/><U118/><E68/><V52/><F31/><W44/><G18/><T56/><D48/><U46/><E46/><V82/><F64/><W20/><G45/><T0/><D49/><U6/><E6/><V99/><F51/><W9/><G53/><T17/><D0/><U10/><E10/><AGARI ba="0,0" hai="10,14,16,52,58,61,82,83,90,94,99,124,125,127" machi="10" ten="40,5200,0" yaku="18,1,54,2" doraHai="110" who="2" fromWho="1" sc="260,0,310,-52,190,52,240,0" /><INIT seed="4,0,0,1,2,97" ten="260,258,242,240" oya="0" hai0="69,110,62,51,68,60,42,117,19,100,57,10,75" hai1="30,29,46,131,39,98,134,87,95,73,81,0,129" hai2="84,45,78,115,90,24,28,16,99,14,74,93,76" hai3="132,38,113,72,9,4,56,50,111,53,130,2,82"/><T23/><D117/><U105/><E0/><V54/><F115/><W83/><G113/><T55/><D75/><U1/><E1/><V61/><F74/><W103/><G111/><T11/><D110/><U7/><E7/><V124/><F124/><W5/><G38/><T70/><D100/><N who="1" m="62615" /><E46/><V8/><F84/><W36/><G36/><T71/><N who="0" m="17408" /><DORA hai="92" /><T86/><D86/><U120/><E39/><V25/><F25/><W20/><G4/><T94/><D94/><U58/><E58/><N who="2" m="35031" /><F45/><W22/><G130/><N who="1" m="49674" /><E134/><V18/><F28/><W41/><G41/><T122/><D122/><U107/><E107/><V91/><F91/><W59/><G103/><T85/><D85/><U79/><E120/><V126/><F126/><W44/><G132/><T43/><D43/><U63/><E63/><V13/><F24/><W6/><G6/><T77/><D77/><U31/><E29/><V47/><F47/><W118/><G118/><T133/><D133/><U66/><E66/><V121/><F121/><W15/><G2/><T21/><D42/><U108/><E108/><V88/><F90/><AGARI ba="0,0" hai="30,31,73,79,81,87,90,95" m="49674,62615" machi="90" ten="30,7700,0" yaku="24,1,19,1,52,2" doraHai="97,92" who="1" fromWho="2" sc="260,0,258,77,242,-77,240,0" owari="260,6.0,335,43.0,165,-33.0,240,-16.0" /></mjloggm>