<mjloggm ver="2.3"><GO type="185" lobby="0"/><UN n0="%E9%A0%88%E7%94%B0%E3%83%9F%E3%83%BC%E3%82%B3" n1="%E3%81%82%E3%81%99%E3%81%AA%E3%82%8D%E3%83%A9%E3%82%A4%E3%83%80%E3%83%BC" n2="%E3%82%A2%E3%82%B9%E3%82%BF%E3%83%AD%E3%83%88%E3%81%AE%E5%AE%A3%E5%91%8A" n3="" dan="17,17,17,0" rate="2175.28,2202.34,2243.24,1500.00" sx="M,M,M,C"/><TAIKYOKU oya="0"/><INIT seed="0,0,0,3,1,51" ten="350,350,350,0" oya="0" hai0="49,45,35,133,72,68,103,64,120,96,57,56,92" hai1="32,3,2,38,36,46,65,75,44,1,101,34,70" hai2="105,119,0,102,59,131,79,107,108,116,112,82,48" hai3=""/><T78/><N who="0" m="30752" /><T135/><D35/><N who="1" m="13355" /><E101/><V55/><F112/><T63/><D78/><U110/><E65/><V127/><F0/><T117/><D117/><N who="2" m="45130" /><F108/><T90/><D72/><U134/><E75/><V47/><F127/><T100/><D100/><U125/><E70/><V86/><F131/><T39/><D103/><U62/><E62/><V106/><F102/><T66/><D39/><N who="1" m="14891" /><E125/><V84/><F84/><T53/><REACH who="0" step="1"/><D64/><REACH who="0" ten="340,350,350,0" step="2"/><U33/><E33/><V114/><F114/><T94/><D94/><U93/><E93/><V41/><F107/><T52/><D52/><U128/><E2/><V129/><F129/><T71/><D71/><U115/><E128/><V91/><F79/><T37/><D37/><AGARI ba="0,1" hai="37,41,47,48,55,59,82,86,91,105,106" m="45130" machi="37" ten="30,2000,0" yaku="12,1,52,1" doraHai="51" who="2" fromWho="0" sc="340,-20,350,0,350,30,0,0" /><INIT seed="1,0,0,1,5,94" ten="320,350,380,0" oya="1" hai0="81,130,103,50,118,45,1,66,59,37,56,42,77" hai1="123,55,93,67,62,105,111,88,131,117,71,69,34" hai2="48,0,96,126,76,46,85,73,39,124,61,106,89" hai3=""/><U100/><N who="1" m="31520" /><U44/><E117/><V52/><F0/><T41/><D1/><U107/><E34/><V75/><F39/><T108/><D118/><U114/><E114/><V104/><F61/><T87/><D108/><U119/><E119/><V91/><F76/><T122/><N who="0" m="31264" /><T40/><D130/><U127/><E131/><V109/><F109/><T120/><N who="0" m="30752" /><T60/><D103/><U110/><E127/><N who="2" m="48683" /><F91/><T82/><D56/><U64/><E100/><V63/><F63/><T98/><D98/><U116/><E116/><V128/><F128/><T57/><D57/><U102/><E102/><V72/><F96/><T86/><D37/><U129/><E129/><V84/><F85/><T83/><D83/><AGARI ba="0,0" hai="46,48,52,72,73,75,83,84,89,104,106" m="48683" machi="83" ten="40,2600,0" yaku="18,1,54,1" doraHai="94" who="2" fromWho="0" sc="320,-26,350,0,380,26,0,0" /><INIT seed="2,0,0,3,0,36" ten="294,350,406,0" oya="2" hai0="92,114,56,94,110,108,47,125,51,124,85,54,95" hai1="100,91,121,116,98,84,72,71,42,119,62,38,90" hai2="131,3,134,128,32,39,81,66,65,70,109,83,33" hai3=""/><V2/><F39/><T102/><D114/><U61/><N who="1" m="31008" /><U57/><E72/><V105/><F105/><T120/><N who="0" m="30752" /><T122/><N who="0" m="31264" /><T112/><D112/><U76/><E76/><V44/><F44/><T60/><D102/><U43/><E38/><V130/><F70/><T88/><D92/><U69/><E100/><V97/><F97/><T106/><D94/><U1/><E98/><V135/><REACH who="2" step="1"/><F131/><REACH who="2" ten="294,350,396,0" step="2"/><T37/><D37/><U68/><E68/><V87/><F87/><T79/><D106/><U133/><E84/><V55/><F55/><T50/><D79/><U129/><E129/><V104/><F104/><T53/><REACH who="0" step="1"/><D60/><REACH who="0" ten="284,350,396,0" step="2"/><U126/><E62/><V34/><F34/><T86/><D86/><U67/><E61/><V41/><F41/><T59/><D59/><U63/><E57/><V75/><F75/><T101/><D101/><U35/><E63/><V123/><N who="2" m="31520" /><V111/><AGARI ba="0,2" hai="2,3,32,33,65,66,81,83,109,111,128,130,134,135" m="31520" machi="111" ten="25,16000,3" yaku="1,1,4,1,0,1,22,2,52,1,53,2" doraHai="36" doraHaiUra="0" who="2" fromWho="2" sc="284,-80,350,-80,396,180,0,0" /><INIT seed="2,1,0,4,5,37" ten="204,270,576,0" oya="2" hai0="115,44,72,78,3,67,129,2,35,106,89,59,0" hai1="43,135,86,132,105,65,133,108,104,40,41,120,118" hai2="48,99,103,45,112,56,38,100,91,82,111,50,81" hai3=""/><V64/><F112/><T85/><D35/><U58/><N who="1" m="30752" /><U124/><E108/><V52/><F111/><T76/><D106/><N who="1" m="41067" /><E124/><V107/><F103/><T131/><D115/><U134/><N who="1" m="33792" /><DORA hai="74" /><U61/><E86/><V36/><F82/><T39/><D59/><U114/><E114/><V54/><REACH who="2" step="1"/><F64/><REACH who="2" ten="204,270,566,0" step="2"/><T113/><D67/><U73/><E73/><V32/><F32/><T98/><D113/><U68/><E118/><V126/><F126/><T53/><D0/><U83/><E83/><V69/><F69/><AGARI ba="1,1" hai="40,41,43,58,61,65,68,69" m="33792,41067,30752" machi="69" ten="70,8000,1" yaku="20,1,52,4" doraHai="37,74" who="1" fromWho="2" sc="204,0,270,92,566,-82,0,0" /><INIT seed="4,0,0,3,3,63" ten="204,362,484,0" oya="0" hai0="126,57,77,115,36,135,74,55,90,116,92,82,34" hai1="81,88,102,120,56,37,93,117,128,112,50,118,38" hai2="35,71,86,94,69,54,108,84,105,72,1,43,96" hai3=""/><T33/><D116/><U44/><N who="1" m="30752" /><U78/><E128/><V114/><F108/><T2/><D2/><U42/><E112/><V132/><F35/><T95/><D115/><U127/><E102/><V101/><F114/><T46/><D126/><U48/><E127/><V41/><F1/><T59/><D135/><U68/><E68/><V47/><F72/><T121/><N who="0" m="31008" /><T49/><D92/><U79/><E79/><V110/><F110/><T109/><D109/><U91/><E91/><V131/><F43/><T58/><REACH who="0" step="1"/><D36/><REACH who="0" ten="194,362,484,0" step="2"/><U40/><E38/><V39/><F94/><T104/><D104/><U100/><E37/><V76/><F132/><T32/><D32/><U133/><E133/><V107/><F107/><T73/><D73/><U67/><E118/><V80/><F105/><T3/><D3/><U98/><E117/><V61/><F39/><T53/><D53/><U62/><E40/><V52/><F52/><T64/><D64/><U106/><E42/><V122/><F54/><T124/><D124/><U134/><E134/><V45/><F41/><T85/><AGARI ba="0,1" hai="33,34,46,49,55,57,58,59,74,77,82,85,90,95" m="31008" machi="85" ten="30,4000,0" yaku="1,1,0,1,52,1,53,0" doraHai="63" doraHaiUra="103" who="0" fromWho="0" sc="194,50,362,-20,484,-20,0,0" /><INIT seed="4,1,0,1,1,32" ten="244,342,464,0" oya="0" hai0="58,98,119,64,60,88,101,127,90,40,72,111,2" hai1="61,120,39,0,47,71,82,86,113,55,83,49,73" hai2="96,85,56,65,42,68,92,131,74,104,53,62,107" hai3=""/><T37/><D2/><U46/><N who="1" m="30752" /><U48/><E113/><V79/><F131/><T100/><D119/><U50/><E0/><V122/><N who="2" m="31264" /><V94/><F74/><T93/><D72/><U52/><E73/><V95/><F42/><T125/><D111/><U109/><E109/><V63/><REACH who="2" step="1"/><F96/><REACH who="2" ten="244,342,454,0" step="2"/><T41/><D41/><U110/><E110/><V54/><F54/><T45/><REACH who="0" step="1"/><D100/><REACH who="0" ten="234,342,454,0" step="2"/><U115/><E115/><V97/><F97/><T57/><D57/><U80/><E86/><V1/><F1/><T3/><D3/><U135/><E71/><V84/><F84/><T108/><D108/><U66/><E55/><V33/><F33/><T99/><D99/><U118/><E52/><V102/><F102/><T75/><D75/><U89/><E118/><V121/><N who="2" m="31008" /><V132/><F132/><T91/><AGARI ba="1,2" hai="37,40,45,58,60,64,88,90,91,93,98,101,125,127" machi="91" ten="30,4000,0" yaku="1,1,0,1,54,1,53,0" doraHai="32" doraHaiUra="103" who="0" fromWho="0" sc="234,62,342,-21,454,-21,0,0" /><INIT seed="4,2,0,0,3,99" ten="296,321,433,0" oya="0" hai0="96,51,64,84,79,39,135,78,48,120,54,90,101" hai1="127,35,124,62,97,91,45,72,75,116,117,47,60" hai2="56,76,123,89,85,130,107,69,98,42,73,58,109" hai3=""/><T32/><N who="0" m="30752" /><T111/><D32/><U82/><E97/><V86/><N who="2" m="31520" /><V106/><F109/><T125/><D111/><U92/><E92/><V1/><F1/><T114/><D39/><U112/><E91/><V88/><F69/><T36/><D36/><U102/><E82/><V0/><F0/><T83/><D114/><U93/><E93/><V131/><F42/><T52/><D135/><U87/><E87/><V40/><F40/><T53/><D64/><U71/><E71/><V2/><F2/><T34/><D34/><U81/><E81/><V46/><F46/><T132/><D132/><U3/><E3/><V119/><F119/><T128/><D128/><U38/><E38/><V70/><F70/><T68/><D68/><U118/><E117/><V65/><F98/><T61/><D61/><U74/><E35/><V33/><F33/><T133/><D133/><U67/><E118/><V108/><F108/><T49/><REACH who="0" step="1"/><D125/><REACH who="0" ten="286,321,433,0" step="2"/><U44/><E124/><V59/><F65/><T126/><D126/><U103/><E127/><V113/><F113/><T55/><N who="0" m="13312" /><DORA hai="100" /><T43/><D43/><U80/><E112/><V95/><F131/><T50/><N who="0" m="12288" /><DORA hai="121" /><T41/><D41/><U94/><E116/><V77/><F130/><RYUUKYOKU ba="2,1" sc="286,20,321,-10,433,-10,0,0" hai0="78,79,83,84,90,96,101" /><INIT seed="4,3,1,1,0,53" ten="306,311,423,0" oya="0" hai0="134,103,40,52,132,86,79,82,38,113,64,39,95" hai1="33,135,92,88,0,46,83,37,119,85,90,111,58" hai2="68,56,99,77,47,120,62,133,66,80,121,32,34" hai3=""/><T127/><D113/><U51/><E119/><V48/><N who="2" m="30752" /><V112/><N who="2" m="31008" /><V63/><F112/><T36/><D127/><U45/><E33/><V101/><F133/><N who="0" m="51306" /><D64/><U43/><E135/><V98/><F63/><T60/><D40/><U87/><E111/><V118/><F68/><T72/><D103/><U61/><E0/><V50/><F118/><T93/><D72/><U115/><E115/><V54/><F50/><T55/><D55/><U44/><E37/><V73/><REACH who="2" step="1"/><F99/><REACH who="2" ten="306,311,413,0" step="2"/><T94/><D52/><AGARI ba="3,2" hai="43,44,45,46,51,52,58,61,83,85,87,88,90,92" machi="52" ten="30,8000,1" yaku="7,1,8,1,52,1,54,2" doraHai="53" who="1" fromWho="0" sc="306,-86,311,106,413,0,0,0" /><INIT seed="5,0,0,1,1,90" ten="220,417,413,0" oya="1" hai0="73,126,80,62,39,132,134,119,95,74,100,115,54" hai1="50,84,55,53,1,121,102,46,66,79,133,41,89" hai2="106,2,92,32,57,82,75,47,97,99,129,103,118" hai3=""/><U98/><N who="1" m="31008" /><U69/><E1/><V116/><F2/><T49/><D39/><U83/><E133/><V130/><F32/><T42/><D115/><U86/><E66/><V105/><F57/><T68/><D126/><U58/><E69/><V61/><F61/><T43/><D119/><N who="2" m="45610" /><F47/><T112/><D112/><U85/><E89/><V124/><F124/><T114/><D114/><U71/><E71/><V3/><F3/><T111/><D111/><U44/><E44/><V127/><F127/><T51/><D51/><U113/><E113/><V88/><F106/><T120/><N who="0" m="30752" /><T91/><D100/><U107/><REACH who="1" step="1"/><E55/><REACH who="1" ten="220,407,413,0" step="2"/><V125/><F125/><T94/><D68/><U35/><E35/><V64/><F64/><T36/><D36/><AGARI ba="0,1" hai="36,41,46,50,53,58,79,83,84,85,86,98,102,107" m="31008" machi="36" ten="30,11600,0" yaku="1,1,7,1,52,1,53,1" doraHai="90" doraHaiUra="77" who="1" fromWho="0" sc="220,-116,407,126,413,0,0,0" /><INIT seed="5,1,0,1,5,49" ten="104,533,413,0" oya="1" hai0="94,108,120,114,69,97,38,50,70,93,81,103,119" hai1="125,129,110,54,66,45,60,40,113,126,107,96,43" hai2="68,84,3,112,57,62,2,118,41,90,123,75,95" hai3=""/><U128/><E113/><V131/><N who="2" m="31520" /><V135/><F118/><T87/><N who="0" m="30752" /><T86/><D38/><U46/><E107/><V130/><F112/><T47/><D69/><U44/><E54/><V104/><F135/><T39/><D39/><U83/><E110/><V65/><F75/><T78/><D70/><U122/><N who="1" m="31264" /><U102/><E83/><V52/><F41/><N who="1" m="15945" /><E96/><V134/><F104/><T88/><D114/><U0/><E102/><V100/><F100/><T71/><D71/><U77/><E0/><V82/><F134/><T64/><D119/><U74/><E77/><V51/><REACH who="2" step="1"/><F82/><REACH who="2" ten="104,533,403,0" step="2"/><T72/><D108/><U89/><E74/><V61/><F61/><T109/><D109/><U1/><E60/><V106/><F106/><T35/><D35/><U132/><E132/><V58/><F58/><T48/><D64/><U111/><E66/><V42/><F42/><T73/><REACH who="0" step="1"/><D48/><REACH who="0" ten="94,533,403,0" step="2"/><U116/><E116/><V55/><F55/><AGARI ba="1,2" hai="47,50,55,72,73,78,81,86,87,88,93,94,97,103" m="30752" machi="55" ten="30,12000,2" yaku="1,1,2,1,7,1,52,2,54,1,53,1" doraHai="49" doraHaiUra="92" who="0" fromWho="2" sc="94,142,533,0,403,-122,0,0" /><INIT seed="6,0,0,5,0,64" ten="236,533,281,0" oya="2" hai0="2,54,65,72,88,70,71,52,96,121,123,66,122" hai1="118,132,120,109,39,129,77,41,47,53,125,42,84" hai2="69,104,117,103,93,45,133,34,82,116,92,74,81" hai3=""/><V99/><F34/><T124/><N who="0" m="31008" /><T91/><N who="0" m="31264" /><T102/><N who="0" m="31520" /><T107/><D2/><U0/><N who="1" m="30752" /><U87/><E0/><V95/><F69/><T115/><D72/><U78/><E109/><V130/><F45/><T1/><D1/><U85/><E132/><V114/><F133/><T76/><D76/><U32/><E129/><V35/><F35/><T98/><D124/><U131/><E125/><V58/><F130/><T127/><D127/><U36/><E131/><V112/><F58/><T90/><D115/><N who="2" m="44074" /><F74/><T135/><D135/><U61/><E47/><V56/><F56/><T106/><D91/><U46/><E46/><V100/><F100/><AGARI ba="0,0" hai="52,54,65,66,70,71,88,90,96,98,100,102,106,107" m="31520,31264,31008" machi="100" ten="25,16000,3" yaku="22,2,52,5,54,2" doraHai="64" who="0" fromWho="2" sc="236,160,533,0,281,-160,0,0" owari="396,0.0,533,48.0,121,-48.0,0,0.0" /></mjloggm>