<mjloggm ver="2.3"><GO type="169" lobby="0"/><UN n0="%E3%83%8A%E3%82%B4%E3%83%A0" n1="%E3%81%82%E3%81%A0%E3%81%A4" n2="%E3%83%8A%E3%83%8A%E3%82%A4%E3%83%AD%E3%83%A9%E3%82%A4%E3%83%88%E2%98%86" n3="%43%E3%82%A8%E3%83%BC%E3%82%B8%E3%82%A7%E3%83%B3%E3%83%88" dan="16,16,17,17" rate="2154.64,2155.87,2166.47,2199.41" sx="M,M,F,M"/><TAIKYOKU oya="0"/><INIT seed="0,0,0,2,2,9" ten="250,250,250,250" oya="0" hai0="17,101,67,51,120,124,90,69,131,20,128,70,115" hai1="73,16,95,33,46,25,65,26,35,87,23,127,117" hai2="89,34,78,28,30,8,12,122,19,130,60,66,83" hai3="11,129,40,98,56,72,52,85,31,54,102,43,76"/><T49/><D115/><U125/><E73/><V14/><F130/><N who="0" m="49706" /><D120/><U37/><E65/><V121/><F89/><W62/><G72/><T58/><D101/><U106/><E106/><V0/><F0/><W13/><G31/><T91/><D124/><N who="1" m="47691" /><E95/><V112/><F112/><W111/><G111/><T5/><D5/><U107/><E107/><V92/><F92/><N who="3" m="58695" /><G129/><T126/><D126/><U45/><E87/><V2/><F2/><W80/><G54/><N who="0" m="32079" /><D51/><U48/><E117/><V71/><F34/><N who="1" m="12809" /><E37/><V119/><F119/><W105/><G105/><T135/><D135/><U108/><E108/><V50/><F121/><W133/><G133/><T86/><D67/><U6/><E6/><AGARI ba="0,0" hai="6,11,13,40,43,52,56,62,76,80,85" m="58695" machi="6" ten="30,3900,0" yaku="8,1,52,1,54,1" doraHai="9" who="3" fromWho="1" sc="250,0,250,-39,250,0,250,39" /><INIT seed="1,0,0,4,3,30" ten="250,211,250,289" oya="1" hai0="98,86,51,109,62,59,0,100,117,85,105,31,131" hai1="54,122,67,103,78,97,49,3,114,9,61,83,34" hai2="55,37,91,77,107,10,71,72,120,64,88,80,4" hai3="13,5,2,95,36,56,68,19,20,75,135,42,65"/><U70/><E122/><V76/><F120/><W133/><G75/><T38/><D109/><U84/><E114/><V25/><F37/><W101/><G68/><T73/><D38/><U74/><E3/><V22/><F107/><W102/><G5/><T48/><D73/><U130/><E130/><V40/><F40/><W35/><G2/><T12/><D0/><U92/><E9/><V119/><F119/><W14/><G14/><T99/><D131/><U66/><E66/><V39/><F39/><W60/><G35/><T93/><D86/><U89/><E34/><V104/><F104/><W94/><G94/><T26/><D85/><U8/><E8/><V18/><F77/><W87/><G87/><T7/><D12/><U43/><E43/><V47/><F64/><W45/><REACH who="3" step="1"/><G95/><REACH who="3" ten="250,211,250,279" step="2"/><T16/><D7/><U44/><REACH who="1" step="1"/><E74/><REACH who="1" ten="250,201,250,279" step="2"/><V81/><F72/><W124/><G124/><T115/><D117/><U108/><E108/><V17/><F4/><W58/><G58/><T121/><D121/><U132/><E132/><AGARI ba="0,2" hai="13,19,20,36,42,45,56,60,65,101,102,132,133,135" machi="132" ten="40,2600,0" yaku="1,1,20,1,53,0" doraHai="30" doraHaiUra="118" who="3" fromWho="1" sc="250,0,201,-26,250,0,279,46" /><INIT seed="2,0,0,4,3,111" ten="250,175,250,325" oya="2" hai0="60,41,50,65,67,23,56,95,10,59,63,135,81" hai1="108,103,86,28,133,115,77,70,20,8,62,16,35" hai2="89,1,25,24,71,6,134,118,40,45,82,19,73" hai3="52,64,87,9,131,0,55,104,80,116,27,132,61"/><V43/><F118/><W4/><G104/><T97/><D135/><U130/><E133/><V51/><F134/><W72/><G132/><T17/><D81/><U128/><E108/><V69/><F43/><W102/><G102/><T14/><D41/><U37/><E37/><V21/><F25/><W47/><G72/><T48/><REACH who="0" step="1"/><D10/><REACH who="0" ten="240,175,250,325" step="2"/><U3/><E8/><V32/><F82/><W94/><G80/><T74/><D74/><U84/><E128/><V22/><F73/><W92/><G131/><T124/><D124/><U42/><E130/><V99/><F32/><W15/><G116/><T91/><AGARI ba="0,1" hai="14,17,23,48,50,56,59,60,63,65,67,91,95,97" machi="91" ten="20,12000,2" yaku="1,1,0,1,7,1,9,1,8,1,53,2" doraHai="111" doraHaiUra="57" who="0" fromWho="0" sc="240,130,175,-30,250,-60,325,-30" /><INIT seed="3,0,0,4,1,0" ten="370,145,190,295" oya="3" hai0="66,21,84,104,114,77,100,73,113,20,90,71,31" hai1="123,44,131,55,130,60,1,64,48,27,11,41,13" hai2="33,81,86,12,9,47,22,128,52,10,35,129,88" hai3="29,103,32,6,49,45,61,40,59,26,65,99,75"/><W78/><G78/><T102/><D71/><U56/><E1/><V38/><F22/><W37/><G75/><T95/><D66/><U121/><E27/><V108/><F108/><W124/><G124/><T63/><D63/><U36/><E13/><V3/><F38/><W87/><G87/><T58/><D58/><U46/><REACH who="1" step="1"/><E11/><REACH who="1" ten="370,135,190,295" step="2"/><V76/><F9/><W14/><G14/><T24/><D21/><U82/><E82/><V94/><F3/><W69/><G6/><T98/><D102/><U53/><E53/><V120/><F120/><AGARI ba="0,1" hai="36,41,44,46,48,55,56,60,64,120,121,123,130,131" machi="120" ten="40,8000,1" yaku="1,1,34,3,53,0" doraHai="0" doraHaiUra="34" who="1" fromWho="2" sc="370,0,135,90,190,-80,295,0" /><INIT seed="4,0,0,1,3,64" ten="370,225,110,295" oya="0" hai0="30,45,43,15,77,53,71,39,52,27,103,88,25" hai1="55,72,35,7,109,131,73,133,124,28,33,17,93" hai2="119,82,101,85,105,91,126,34,87,46,54,40,3" hai3="67,79,38,11,104,61,19,44,115,122,130,57,70"/><T41/><D71/><U49/><E109/><V134/><F126/><W60/><G104/><T6/><D103/><U24/><E124/><V21/><F134/><W62/><G79/><T112/><D112/><U37/><E133/><V48/><F34/><W18/><G11/><T36/><D77/><U116/><E116/><V111/><F111/><W22/><G18/><T5/><D88/><U78/><E37/><V2/><F119/><W95/><G95/><T4/><D15/><U50/><E35/><V90/><F21/><W63/><G130/><T86/><D86/><U59/><E7/><V123/><F123/><W75/><G75/><T132/><D132/><U26/><E93/><V47/><F101/><W113/><G122/><T127/><D127/><U81/><E72/><V100/><F100/><W1/><G1/><T23/><REACH who="0" step="1"/><D27/><REACH who="0" ten="360,225,110,295" step="2"/><U89/><E131/><V128/><F128/><W129/><G129/><T51/><D51/><U16/><E89/><V69/><F105/><W20/><G115/><T13/><D13/><U102/><E102/><V92/><REACH who="2" step="1"/><F69/><REACH who="2" ten="360,225,100,295" step="2"/><W8/><G70/><T29/><D29/><U32/><E28/><V76/><F76/><W135/><G113/><T9/><D9/><U108/><E78/><V117/><F117/><W106/><G106/><T97/><D97/><U98/><E73/><V125/><F125/><W83/><G135/><T99/><D99/><U14/><E98/><V42/><F42/><N who="3" m="22615" /><G83/><T80/><D80/><U0/><E81/><V110/><F110/><W58/><G8/><T94/><D94/><U74/><E108/><V120/><F120/><RYUUKYOKU ba="0,2" sc="360,15,225,-15,100,15,295,-15" hai0="4,5,6,23,25,30,36,39,41,43,45,52,53" hai2="2,3,40,46,47,48,54,82,85,87,90,91,92" /><INIT seed="4,1,2,0,2,53" ten="375,210,115,280" oya="0" hai0="22,42,113,29,28,84,92,21,116,96,114,121,122" hai1="100,108,123,63,54,27,68,78,15,65,125,61,16" hai2="93,52,77,83,69,40,124,5,134,94,88,126,101" hai3="17,12,37,127,7,32,13,105,44,86,128,118,36"/><T64/><D42/><U18/><E108/><V79/><F69/><W76/><G105/><T119/><D84/><U109/><E109/><V20/><F134/><W115/><G32/><T104/><D92/><U112/><E123/><N who="0" m="47113" /><D64/><U87/><E125/><N who="2" m="48235" /><F40/><W72/><G128/><T103/><D96/><U39/><E112/><N who="0" m="43113" /><D103/><U89/><E39/><V82/><F5/><W120/><G118/><N who="0" m="45099" /><D104/><U33/><E100/><V133/><F133/><W132/><G132/><T48/><D48/><U71/><E87/><N who="2" m="50295" /><F20/><AGARI ba="1,2" hai="20,21,22,28,29" m="45099,43113,47113" machi="20" ten="40,12000,1" yaku="28,2,15,1,34,2" doraHai="53" who="0" fromWho="2" sc="375,143,210,0,115,-123,280,0" owari="518,62.0,210,-19.0,-8,-51.0,280,8.0" /></mjloggm>