<mjloggm ver="2.3"><GO type="185" lobby="0"/><UN n0="%4D%4A%E3%81%AE%E3%82%B5%E3%82%BD" n1="%68%69%72%6F%79%75" n2="%E6%9D%B1%E9%B3%B3" n3="" dan="18,17,17,0" rate="2340.94,2229.21,2224.73,1500.00" sx="M,M,M,C"/><TAIKYOKU oya="0"/><INIT seed="0,0,0,2,3,73" ten="350,350,350,0" oya="0" hai0="81,71,75,3,60,58,53,88,95,133,47,119,128" hai1="68,0,106,1,132,77,80,107,78,122,123,36,105" hai2="79,129,67,54,98,85,113,96,126,33,99,55,134" hai3=""/><T50/><D128/><U63/><N who="1" m="31264" /><U48/><N who="1" m="31520" /><U115/><E36/><V38/><F113/><T45/><D133/><U120/><N who="1" m="30752" /><U100/><E132/><V83/><F33/><T66/><D119/><U97/><E115/><V103/><F134/><T116/><D3/><U82/><E48/><V32/><F32/><T44/><D116/><U109/><E109/><V111/><F111/><T59/><D71/><U91/><E91/><V131/><F126/><T37/><D75/><U90/><E90/><V74/><F38/><T76/><D37/><U62/><E68/><V72/><F67/><T89/><REACH who="0" step="1"/><D95/><REACH who="0" ten="340,350,350,0" step="2"/><U61/><E0/><V86/><F74/><T135/><D135/><U65/><E1/><V102/><F131/><T112/><D112/><U101/><E106/><V104/><F129/><T57/><D57/><U118/><E118/><V69/><F69/><T39/><D39/><U51/><E107/><V49/><F104/><T52/><D52/><U94/><E94/><V41/><F55/><T34/><D34/><U87/><E105/><V64/><F54/><T125/><D125/><U130/><E130/><V84/><F64/><T117/><D117/><U110/><E65/><V35/><F35/><T93/><D93/><RYUUKYOKU ba="0,1" sc="340,10,350,-20,350,10,0,0" hai0="44,45,47,50,53,58,59,60,66,76,81,88,89" hai2="41,49,72,79,83,84,85,86,96,98,99,102,103" /><INIT seed="0,1,1,5,2,120" ten="350,330,360,0" oya="0" hai0="36,81,33,94,57,87,50,77,45,102,74,54,49" hai1="47,113,118,107,89,125,128,72,68,95,86,117,99" hai2="35,62,76,130,108,119,134,43,98,56,110,39,132" hai3=""/><T105/><D33/><U91/><E68/><V80/><F35/><T64/><D105/><U1/><E1/><V90/><F130/><T135/><D135/><N who="2" m="51754" /><F119/><T116/><D116/><U126/><E128/><V96/><F43/><T2/><D2/><U46/><E72/><V41/><F41/><T101/><D36/><U88/><E113/><V124/><F39/><T106/><D106/><U85/><E107/><V34/><F34/><T121/><N who="0" m="31008" /><T63/><D74/><U59/><E59/><V111/><F90/><T78/><D78/><U127/><E118/><V84/><F124/><T133/><D133/><U123/><N who="1" m="31520" /><U82/><E117/><V129/><F129/><T44/><D94/><AGARI ba="1,1" hai="46,47,82,85,86,88,89,91,94,95,99,125,126,127" m="31520" machi="94" ten="40,5200,0" yaku="18,1,52,1,54,1" doraHai="120" who="1" fromWho="0" sc="350,-54,330,64,360,0,0,0" /><INIT seed="1,0,0,3,5,118" ten="296,394,360,0" oya="1" hai0="133,34,55,131,83,120,121,59,96,109,124,104,85" hai1="112,45,78,101,108,82,81,134,130,116,71,79,3" hai2="88,53,93,1,135,67,63,125,119,33,90,52,122" hai3=""/><U37/><E116/><V2/><N who="2" m="31264" /><V107/><F119/><T56/><N who="0" m="30752" /><T80/><N who="0" m="31008" /><T39/><D34/><U102/><E112/><V111/><F33/><T99/><D39/><U95/><E3/><V98/><F111/><T115/><D115/><U132/><E71/><V87/><F135/><T49/><D133/><U110/><E95/><V76/><F76/><T51/><D109/><U43/><E45/><V42/><F42/><T65/><D104/><U103/><E103/><V84/><F125/><T38/><D38/><U92/><E92/><V48/><F53/><T72/><D124/><U123/><N who="1" m="31520" /><U126/><E37/><V127/><F127/><T74/><D55/><U66/><E126/><V70/><F87/><T32/><D85/><U47/><E47/><V91/><F107/><T77/><D77/><U97/><E43/><V105/><F105/><T54/><D54/><U60/><E132/><V35/><F35/><T73/><D73/><U106/><E134/><V100/><REACH who="2" step="1"/><F84/><REACH who="2" ten="296,394,350,0" step="2"/><T117/><D32/><U75/><E106/><V40/><F40/><T50/><D117/><U68/><E78/><V61/><F61/><T86/><D86/><U46/><E79/><V113/><F113/><T129/><D74/><RYUUKYOKU ba="0,1" sc="296,-10,394,-10,350,20,0,0" hai2="1,2,48,52,63,67,70,88,90,91,93,98,100" /><INIT seed="2,1,1,4,0,55" ten="286,384,370,0" oya="2" hai0="96,0,100,86,114,133,60,107,123,77,134,56,121" hai1="32,50,51,2,43,42,125,79,78,116,34,113,129" hai2="95,135,73,91,128,97,53,87,45,80,101,104,89" hai3=""/><V81/><F45/><T105/><N who="0" m="31008" /><T112/><N who="0" m="31520" /><T69/><D69/><U54/><E113/><N who="0" m="43625" /><D0/><U57/><E2/><V106/><F53/><T117/><D117/><U93/><E116/><V38/><F38/><T35/><D35/><U99/><E129/><V118/><F118/><T130/><D105/><N who="2" m="40554" /><F135/><N who="0" m="51722" /><D130/><U68/><E68/><V88/><F128/><T108/><D108/><U74/><E32/><V120/><N who="2" m="30752" /><V85/><F73/><T126/><D126/><U83/><E125/><V70/><F70/><T75/><D75/><U63/><E34/><V44/><F44/><T36/><D36/><U65/><E74/><V46/><F46/><T47/><D47/><U66/><E42/><V124/><F124/><T111/><D111/><U109/><E109/><V39/><F39/><T71/><D71/><U76/><E43/><V3/><F3/><T49/><D49/><U82/><E50/><V61/><F61/><T1/><D1/><U92/><E51/><V115/><F115/><T48/><D48/><U119/><E119/><V103/><AGARI ba="1,1" hai="80,81,85,87,88,89,91,95,97,101,103" m="30752,40554" machi="103" ten="30,12000,2" yaku="35,5,52,1,54,1" doraHai="55" who="2" fromWho="2" sc="286,-61,384,-61,370,132,0,0" /><INIT seed="2,2,0,4,4,63" ten="225,323,502,0" oya="2" hai0="60,67,33,69,51,71,101,131,36,2,130,48,44" hai1="82,57,109,106,87,49,59,77,85,56,122,99,3" hai2="114,50,88,121,115,41,75,62,127,107,45,83,84" hai3=""/><V104/><N who="2" m="31008" /><V72/><F127/><T55/><D2/><U118/><N who="1" m="31264" /><U103/><E3/><V100/><F115/><T102/><D33/><U40/><E109/><V94/><F114/><T1/><D1/><U105/><E118/><V113/><F113/><T92/><D36/><U79/><E106/><V54/><F75/><T37/><D71/><U39/><E39/><V58/><F72/><T117/><D117/><U90/><REACH who="1" step="1"/><E85/><REACH who="1" ten="225,313,502,0" step="2"/><V80/><REACH who="2" step="1"/><F107/><REACH who="2" ten="225,313,492,0" step="2"/><T64/><D131/><U70/><E70/><V35/><F35/><T120/><D130/><U43/><E43/><V53/><F53/><T73/><D73/><U0/><E0/><V123/><N who="2" m="31520" /><V129/><F129/><T110/><D69/><U111/><E111/><V32/><F32/><T98/><D110/><U108/><E108/><V135/><F135/><T126/><D120/><U96/><E96/><AGARI ba="2,2" hai="41,45,50,54,58,62,80,83,84,88,94,96,100,104" m="31520,31008" machi="96" ten="40,12000,1" yaku="1,1,52,2,54,1,53,0" doraHai="63" doraHaiUra="68" who="2" fromWho="1" sc="225,0,313,-124,492,144,0,0" /><INIT seed="2,3,0,1,4,74" ten="225,189,636,0" oya="2" hai0="46,124,109,116,53,38,59,105,119,83,115,90,85" hai1="48,43,96,104,120,130,128,131,84,102,54,98,40" hai2="72,95,41,82,56,77,50,52,129,112,111,110,97" hai3=""/><V35/><F35/><T65/><D105/><U45/><N who="1" m="30752" /><U57/><E98/><V132/><F112/><T2/><D2/><U63/><REACH who="1" step="1"/><E84/><REACH who="1" ten="225,179,636,0" step="2"/><V73/><F73/><T39/><D85/><U79/><E79/><V51/><F132/><T34/><D90/><U89/><E89/><V125/><F125/><T68/><D124/><U71/><E71/><V118/><F129/><T0/><D68/><U121/><N who="1" m="31008" /><U91/><E91/><V47/><REACH who="2" step="1"/><F118/><REACH who="2" ten="225,179,626,0" step="2"/><T64/><D116/><U78/><E78/><V106/><F106/><T123/><D119/><U42/><AGARI ba="3,2" hai="40,42,43,45,48,54,57,63,96,102,104,128,130,131" m="31008,30752" machi="42" ten="40,6000,1" yaku="1,1,0,1,19,1,52,2,53,0" doraHai="74" doraHaiUra="107" who="1" fromWho="1" sc="225,-23,179,86,626,-43,0,0" /><INIT seed="4,0,0,4,2,64" ten="202,265,583,0" oya="0" hai0="2,56,117,118,100,121,119,57,65,94,89,93,51" hai1="115,0,114,54,84,75,123,47,109,48,103,122,71" hai2="32,70,87,113,86,33,112,135,104,134,44,34,81" hai3=""/><T67/><N who="0" m="31008" /><T41/><D2/><U61/><N who="1" m="31264" /><U97/><N who="1" m="31520" /><U63/><E0/><V43/><F70/><T99/><D57/><U88/><E109/><V42/><F104/><T68/><D68/><U3/><E75/><V116/><F116/><T45/><REACH who="0" step="1"/><D56/><REACH who="0" ten="192,265,583,0" step="2"/><U49/><E3/><V126/><F32/><T78/><D78/><U108/><E108/><V55/><F33/><T92/><D92/><U127/><E71/><V101/><F34/><T129/><D129/><U77/><E77/><V37/><F113/><N who="1" m="43017" /><E127/><V38/><F112/><T58/><D58/><U98/><E49/><V82/><F126/><T62/><D62/><N who="1" m="23563" /><E103/><V76/><F101/><T120/><N who="0" m="30752" /><T36/><D36/><U46/><E47/><V83/><F76/><T124/><D124/><U128/><E128/><V110/><F110/><T133/><D133/><U50/><E48/><V79/><F79/><T69/><D69/><U52/><E50/><V132/><F132/><T59/><D59/><U74/><E46/><V80/><F135/><T1/><D1/><U105/><E74/><V96/><F134/><T53/><D53/><N who="1" m="20587" /><E105/><V102/><F44/><T72/><D72/><U95/><AGARI ba="0,1" hai="84,88,95,97,98" m="20587,23563,43017,31520,31264" machi="95" ten="30,9000,2" yaku="15,1,11,1,52,2,54,2" doraHai="64" who="1" fromWho="1" sc="192,-60,265,100,583,-30,0,0" /><INIT seed="5,0,0,4,2,113" ten="132,365,553,0" oya="1" hai0="37,35,58,45,131,66,99,116,133,100,57,32,71" hai1="91,115,42,78,129,68,82,49,60,89,41,40,103" hai2="47,118,94,112,39,38,95,88,128,93,50,120,135" hai3=""/><U122/><N who="1" m="31264" /><U126/><E115/><V86/><N who="2" m="30752" /><V53/><F118/><T108/><D108/><U132/><E129/><V124/><F112/><T0/><D0/><U90/><E132/><V75/><F128/><T43/><D131/><U55/><E126/><V114/><F114/><T80/><D133/><U46/><E103/><V61/><F135/><T107/><D58/><U98/><E68/><V106/><F106/><T67/><D66/><U127/><E127/><V52/><F75/><T65/><D67/><U125/><E125/><V72/><F72/><T83/><D83/><U79/><E79/><V36/><F124/><T64/><D64/><U105/><E105/><V74/><F74/><T70/><D57/><U33/><E33/><V109/><F109/><T119/><D80/><U92/><REACH who="1" step="1"/><E60/><REACH who="1" ten="132,355,553,0" step="2"/><V134/><F134/><T73/><D73/><AGARI ba="0,1" hai="40,41,42,46,49,55,73,78,82,89,90,91,92,98" m="31264" machi="73" ten="40,18000,2" yaku="1,1,2,1,52,1,53,3" doraHai="113" doraHaiUra="84" who="1" fromWho="0" sc="132,-180,355,190,553,0,0,0" owari="-48,-65.0,545,15.0,553,50.0,0,0.0" /></mjloggm>