<mjloggm ver="2.3"><GO type="185" lobby="0"/><UN n0="%E3%82%8C%E3%81%99%E3%81%93" n1="%E3%81%A8%E3%82%8A%E3%81%82%E3%81%88%E3%81%9A%E5%9B%9B%E6%AE%B5" n2="%E3%83%8F%E3%83%94%E3%83%AA%E3%83%83%E3%83%88" n3="" dan="17,16,16,0" rate="2251.06,2139.35,2170.96,1500.00" sx="F,M,M,C"/><TAIKYOKU oya="0"/><INIT seed="0,0,0,0,0,115" ten="350,350,350,0" oya="0" hai0="78,51,101,66,113,72,63,94,65,99,3,91,36" hai1="129,69,46,80,54,71,41,131,43,62,59,130,75" hai2="127,79,83,60,126,85,55,108,88,128,34,48,42" hai3=""/><T120/><N who="0" m="30752" /><T70/><D113/><U116/><E75/><V81/><F34/><T97/><D3/><U125/><E80/><V2/><F2/><T98/><D36/><U93/><E93/><V58/><F108/><T61/><D51/><U104/><E104/><V57/><F128/><T124/><D124/><U107/><E107/><V100/><F100/><T112/><D112/><U77/><E77/><V121/><N who="2" m="31008" /><V134/><F134/><T95/><D78/><U118/><E43/><V32/><F32/><T109/><D72/><U64/><E125/><V106/><F106/><T111/><REACH who="0" step="1"/><D99/><REACH who="0" ten="340,350,350,0" step="2"/><U123/><N who="1" m="31520" /><U44/><E44/><V52/><REACH who="2" step="1"/><F42/><REACH who="2" ten="340,350,340,0" step="2"/><T56/><AGARI ba="0,2" hai="56,61,63,65,66,70,91,94,95,97,98,101,109,111" m="30752" machi="56" ten="30,4000,0" yaku="1,1,0,1,52,1,53,0" doraHai="115" doraHaiUra="45" who="0" fromWho="0" sc="340,60,350,-20,340,-20,0,0" /><INIT seed="0,1,0,3,2,39" ten="400,330,320,0" oya="0" hai0="2,132,51,72,55,45,103,60,71,75,69,118,68" hai1="114,42,65,99,36,38,116,131,32,61,43,70,111" hai2="109,96,3,49,125,100,108,52,120,82,47,98,110" hai3=""/><T78/><D2/><U97/><E116/><V119/><N who="2" m="30752" /><V101/><F3/><T40/><D118/><U93/><E32/><V35/><F35/><T117/><D117/><U57/><E111/><V74/><F119/><T105/><D132/><U130/><E99/><N who="2" m="37931" /><F125/><T59/><D103/><U91/><E114/><V63/><F63/><T128/><D105/><U53/><E36/><V89/><F89/><T106/><D106/><U135/><E135/><V129/><F129/><N who="1" m="49161" /><E38/><V126/><F126/><T66/><D128/><U79/><E79/><AGARI ba="1,0" hai="47,49,52,74,79,82,100,101,108,109,110" m="37931,30752" machi="79" ten="40,5200,0" yaku="14,1,52,1,54,1" doraHai="39" who="2" fromWho="1" sc="400,0,330,-54,320,54,0,0" /><INIT seed="1,0,0,4,2,113" ten="400,276,374,0" oya="1" hai0="80,46,55,76,0,85,60,115,33,82,47,117,122" hai1="59,89,61,70,104,108,94,133,107,54,1,3,45" hai2="98,109,65,121,92,32,63,49,67,57,79,99,36" hai3=""/><U64/><E133/><V39/><N who="2" m="31008" /><V118/><F32/><T112/><N who="0" m="31264" /><T34/><D0/><U72/><E72/><V132/><F132/><T41/><D117/><U102/><E45/><V58/><F109/><T66/><D33/><U84/><E108/><V119/><F79/><T75/><D55/><U128/><E128/><V93/><F49/><T74/><D47/><U53/><E53/><V120/><N who="2" m="30752" /><V81/><F81/><T105/><D105/><U114/><E114/><V123/><N who="2" m="31520" /><V69/><F63/><T129/><D74/><U37/><E37/><V71/><AGARI ba="0,0" hai="36,39,57,58,65,67,69,71,92,93,98,99,118,119" m="31520,30752,31008" machi="71" ten="25,12000,3" yaku="0,1,22,2,52,5" doraHai="113" who="2" fromWho="2" sc="400,-40,276,-80,374,120,0,0" /><INIT seed="2,0,0,0,3,75" ten="360,196,494,0" oya="2" hai0="44,92,1,118,76,47,85,84,50,126,66,63,35" hai1="102,53,36,69,90,119,61,45,99,86,114,113,115" hai2="40,109,97,87,101,68,95,132,121,71,89,59,51" hai3=""/><V124/><N who="2" m="31008" /><V67/><F124/><T58/><D118/><U38/><E119/><V130/><F132/><T82/><D1/><U103/><E69/><V46/><F130/><T128/><D35/><U98/><E98/><V123/><N who="2" m="31520" /><V73/><F73/><T55/><D126/><U64/><E53/><V88/><F109/><T57/><D128/><U78/><E78/><V70/><F59/><T49/><D92/><U60/><E60/><V56/><F56/><T131/><D131/><U62/><E61/><V104/><REACH who="2" step="1"/><F89/><REACH who="2" ten="360,196,484,0" step="2"/><T48/><D85/><U81/><E114/><V41/><F41/><T129/><D129/><U110/><E110/><V52/><F52/><T112/><D112/><U117/><E117/><V32/><F32/><T125/><D125/><U116/><E116/><V3/><F3/><T111/><D111/><U94/><E113/><V54/><F54/><T93/><D58/><U0/><E0/><V34/><F34/><T33/><D33/><U83/><E115/><V37/><F37/><T134/><D134/><U106/><E36/><V133/><F133/><T100/><D55/><U74/><E74/><V42/><F42/><T91/><D91/><U107/><E38/><V77/><F77/><T105/><D57/><RYUUKYOKU ba="0,1" sc="360,-10,196,-10,484,20,0,0" hai2="40,46,51,67,68,70,71,87,88,95,97,101,104" /><INIT seed="2,1,1,2,4,72" ten="350,186,504,0" oya="2" hai0="89,78,109,107,123,97,70,117,122,65,102,92,45" hai1="52,62,56,36,116,88,71,34,80,83,124,46,44" hai2="94,39,126,76,61,58,81,0,3,66,50,90,93" hai3=""/><V73/><F39/><T48/><N who="0" m="31264" /><T121/><N who="0" m="31008" /><T91/><N who="0" m="31520" /><T53/><D117/><U47/><E34/><V51/><F126/><T130/><D109/><U132/><E132/><V77/><F93/><T131/><D78/><U98/><E116/><V128/><F128/><N who="0" m="49194" /><D107/><U55/><E36/><V108/><F108/><T111/><D111/><U35/><E35/><V135/><F135/><T59/><D70/><U119/><E119/><V1/><REACH who="2" step="1"/><F77/><REACH who="2" ten="350,186,494,0" step="2"/><T42/><D65/><U99/><E124/><V106/><F106/><T68/><D68/><U79/><E79/><V127/><F127/><T114/><D114/><U37/><E71/><V43/><F43/><T125/><D125/><U69/><E69/><V113/><F113/><T2/><D2/><U60/><E37/><AGARI ba="1,2" hai="37,42,45,48,53,59,89,91,92,97,102" m="49194,31520,31008,31264" machi="37" ten="30,7700,0" yaku="19,1,52,3" doraHai="72" who="0" fromWho="1" sc="350,99,186,-79,494,0,0,0" /><INIT seed="4,0,0,2,3,124" ten="449,107,494,0" oya="0" hai0="94,78,73,82,1,119,92,47,49,77,79,131,43" hai1="133,42,51,111,76,32,125,108,127,71,65,103,72" hai2="93,53,96,126,134,33,110,89,86,41,107,48,59" hai3=""/><T120/><N who="0" m="30752" /><T97/><D119/><U132/><E32/><V36/><F110/><N who="1" m="42025" /><E103/><V99/><F134/><N who="1" m="51817" /><E76/><V39/><F33/><T57/><D1/><U122/><N who="1" m="31264" /><U44/><E72/><V100/><F126/><N who="1" m="48137" /><E65/><V35/><F100/><T95/><D97/><U104/><E104/><V70/><F96/><T64/><D73/><U115/><E115/><V2/><F99/><T130/><D82/><U40/><E71/><V102/><F70/><T58/><REACH who="0" step="1"/><D64/><REACH who="0" ten="439,107,494,0" step="2"/><U68/><E68/><V90/><F2/><T62/><D62/><U50/><E44/><V55/><F35/><T46/><D46/><U83/><E83/><V118/><F86/><T116/><D116/><U91/><E91/><V121/><F90/><T45/><D45/><U80/><E80/><V0/><F89/><T34/><D34/><U113/><E113/><V37/><F118/><T74/><D74/><U67/><E67/><V3/><F0/><T52/><D52/><U106/><E106/><V75/><F55/><T109/><D109/><U117/><E117/><V98/><F53/><T54/><D54/><U81/><E81/><V61/><F3/><T66/><D66/><U85/><E85/><V123/><N who="2" m="31008" /><V60/><N who="2" m="31520" /><V88/><F75/><RYUUKYOKU ba="0,1" sc="439,10,107,10,494,-20,0,0" hai0="43,47,49,57,58,77,78,79,92,94,95,130,131" hai1="40,42,50,51" /><INIT seed="4,1,1,3,5,105" ten="449,117,474,0" oya="0" hai0="89,73,117,132,53,96,33,66,62,32,61,72,114" hai1="44,3,42,84,76,52,126,92,110,48,69,113,93" hai2="36,103,39,86,128,109,60,0,85,90,59,74,81" hai3=""/><T82/><D117/><U65/><E110/><V118/><F0/><T41/><D114/><U124/><E3/><V71/><F109/><T95/><D132/><U107/><E107/><V2/><F2/><T115/><D115/><U77/><E113/><V135/><F71/><T130/><D130/><U50/><E65/><V87/><F128/><T46/><D53/><U70/><E70/><V80/><F135/><T45/><D45/><U1/><E69/><V49/><F118/><T54/><D54/><U57/><E1/><V55/><F103/><T56/><D62/><U100/><E100/><V122/><N who="2" m="31264" /><V125/><F125/><N who="1" m="48233" /><E84/><V58/><F86/><T94/><D94/><AGARI ba="1,1" hai="42,44,48,50,52,57,76,77,92,93,94" m="48233" machi="94" ten="30,2000,0" yaku="18,1,54,1" doraHai="105" who="1" fromWho="0" sc="449,-22,117,32,474,0,0,0" /><INIT seed="5,0,0,5,2,102" ten="427,149,474,0" oya="1" hai0="56,124,78,39,49,62,117,107,77,70,125,71,110" hai1="58,132,108,72,50,95,106,94,119,112,121,113,67" hai2="74,82,104,79,98,101,109,55,80,73,96,127,126" hai3=""/><U69/><N who="1" m="31008" /><U35/><E119/><V36/><F36/><T76/><D39/><U85/><E35/><V64/><F64/><T86/><D110/><U87/><E72/><V91/><F109/><T123/><N who="0" m="31520" /><T59/><D117/><U41/><E108/><V45/><F45/><T0/><D0/><U48/><E106/><V44/><F44/><T120/><N who="0" m="30752" /><T52/><D86/><U131/><E132/><V60/><F55/><T89/><D89/><U130/><E58/><V128/><F60/><T68/><REACH who="0" step="1"/><D107/><REACH who="0" ten="417,149,474,0" step="2"/><U133/><E133/><V2/><F2/><T97/><D97/><U40/><REACH who="1" step="1"/><E67/><AGARI ba="0,1" hai="49,52,56,59,62,67,68,70,71,76,77,78,124,125" m="30752,31520" machi="67" ten="50,12000,2" yaku="1,1,52,2,54,1,53,3" doraHai="102" doraHaiUra="65" who="0" fromWho="1" sc="417,130,149,-120,474,0,0,0" /><INIT seed="6,0,0,1,4,32" ten="547,29,474,0" oya="2" hai0="115,63,125,85,126,44,94,98,55,73,87,36,133" hai1="62,50,33,35,88,120,34,117,95,49,109,67,119" hai2="41,56,83,127,105,97,99,131,134,122,128,77,113" hai3=""/><V132/><N who="2" m="31264" /><V90/><F41/><T78/><D133/><N who="2" m="51306" /><F56/><T104/><D104/><U57/><N who="1" m="30752" /><U43/><E88/><V107/><F113/><T92/><D115/><U81/><E95/><N who="0" m="36393" /><D98/><N who="2" m="37386" /><F90/><T51/><D36/><U135/><E135/><V53/><F53/><T58/><D73/><U47/><E81/><V89/><F89/><T129/><D78/><U46/><E57/><V91/><F91/><T54/><D129/><N who="2" m="49738" /><F127/><AGARI ba="0,0" hai="44,51,54,55,58,63,85,87,125,126,127" m="36393" machi="127" ten="30,1000,0" yaku="18,1" doraHai="32" who="0" fromWho="2" sc="547,10,29,0,474,-10,0,0" owari="557,51.0,29,-57.0,464,6.0,0,0.0" /></mjloggm>