<mjloggm ver="2.3"><GO type="185" lobby="0"/><UN n0="%74%2E%6F%2E%6F%2E%73" n1="%65%6C%75%6C%75" n2="%E5%A4%A7%E5%92%8C%E6%A1%9C" n3="" dan="18,16,17,0" rate="2310.19,2222.51,2312.23,1500.00" sx="M,M,F,C"/><TAIKYOKU oya="0"/><INIT seed="0,0,0,0,3,34" ten="350,350,350,0" oya="0" hai0="76,89,66,96,67,123,82,98,120,91,68,107,77" hai1="105,118,74,132,93,0,126,59,135,33,75,125,78" hai2="129,127,128,94,108,47,60,117,73,104,111,84,43" hai3=""/><T42/><N who="0" m="30752" /><T45/><N who="0" m="31520" /><T103/><D76/><U116/><E33/><V61/><F104/><T54/><D54/><U110/><E105/><V121/><N who="2" m="31008" /><V58/><F73/><N who="1" m="27657" /><E78/><V56/><F127/><N who="1" m="48649" /><E59/><V124/><F117/><N who="1" m="45161" /><E110/><N who="2" m="42027" /><F124/><T72/><D68/><U80/><E80/><V39/><F84/><T32/><D32/><U134/><E93/><V41/><F94/><T49/><REACH who="0" step="1"/><D98/><REACH who="0" ten="340,350,350,0" step="2"/><U71/><E71/><V38/><F43/><T65/><AGARI ba="0,1" hai="42,45,49,65,66,67,72,77,82,89,91,96,103,107" m="31520,30752" machi="65" ten="30,12000,2" yaku="1,1,2,1,0,1,52,2,53,1" doraHai="34" doraHaiUra="36" who="0" fromWho="0" sc="340,130,350,-60,350,-60,0,0" /><INIT seed="0,1,0,5,4,117" ten="470,290,290,0" oya="0" hai0="83,91,72,0,116,52,43,121,50,106,96,114,86" hai1="33,47,71,90,109,84,87,134,41,94,56,34,115" hai2="131,135,101,38,66,111,128,54,61,112,64,63,81" hai3=""/><T77/><N who="0" m="31008" /><T132/><D114/><U42/><E71/><V2/><F2/><T58/><D116/><U97/><E115/><V74/><F74/><T119/><D119/><U133/><E56/><V3/><F3/><T44/><D132/><N who="1" m="50795" /><E109/><V100/><F135/><T105/><D0/><U92/><E41/><V37/><F112/><T107/><D96/><U129/><E129/><V79/><F81/><T53/><REACH who="0" step="1"/><D58/><REACH who="0" ten="460,290,290,0" step="2"/><U70/><E70/><V75/><F131/><T45/><D45/><U89/><E97/><V57/><F128/><T40/><D40/><U48/><AGARI ba="1,1" hai="33,34,42,47,48,84,87,89,90,92,94" m="50795" machi="48" ten="30,800,0" yaku="20,1" doraHai="117" who="1" fromWho="1" sc="460,-6,290,20,290,-4,0,0" /><INIT seed="1,0,0,0,5,42" ten="454,310,286,0" oya="1" hai0="116,134,119,84,76,40,110,33,85,112,118,115,35" hai1="88,97,81,70,67,114,131,99,54,46,121,104,65" hai2="45,132,106,69,117,0,34,78,72,100,128,39,61" hai3=""/><U62/><N who="1" m="31008" /><U48/><E114/><N who="0" m="43561" /><D110/><U120/><N who="1" m="30752" /><U126/><E126/><V63/><F117/><T47/><D134/><U96/><E131/><V113/><F113/><T75/><D75/><U49/><E67/><V3/><F132/><T90/><D76/><U125/><E125/><V103/><F34/><N who="0" m="12810" /><D90/><U108/><E108/><V133/><F133/><T36/><AGARI ba="0,0" hai="36,40,47,84,85,116,118,119" m="12810,43561" machi="36" ten="40,2000,0" yaku="12,1,52,1" doraHai="42" who="0" fromWho="0" sc="454,20,310,-13,286,-7,0,0" /><INIT seed="2,0,0,3,5,92" ten="474,297,279,0" oya="2" hai0="88,65,79,116,106,113,98,99,51,108,83,111,48" hai1="128,56,33,36,93,104,132,71,72,52,129,67,127" hai2="46,49,102,41,86,131,47,95,109,44,103,75,57" hai3=""/><V61/><F75/><T38/><D116/><U58/><E104/><V89/><F131/><N who="1" m="50249" /><E33/><V124/><F124/><T2/><D2/><U122/><N who="1" m="31264" /><U123/><N who="1" m="31520" /><U94/><E36/><V85/><F109/><N who="0" m="42058" /><D38/><U135/><E72/><V42/><F85/><T100/><D65/><U64/><E71/><V70/><F70/><T112/><D88/><U87/><E127/><V69/><F69/><T60/><D60/><U40/><E40/><N who="2" m="15467" /><F49/><N who="0" m="19018" /><D99/><U133/><E87/><AGARI ba="0,0" hai="79,83,87,98,100,106,112,113" m="19018,42058" machi="87" ten="30,2000,0" yaku="14,1,52,1" doraHai="92" who="0" fromWho="1" sc="474,20,297,-20,279,0,0,0" /><INIT seed="4,0,0,5,2,35" ten="494,277,279,0" oya="0" hai0="94,102,129,79,59,74,43,85,130,78,41,127,109" hai1="126,63,134,123,50,52,133,81,34,73,72,82,116" hai2="110,53,58,108,77,105,55,122,2,0,40,60,65" hai3=""/><T100/><D59/><U101/><N who="1" m="31520" /><U49/><E101/><N who="0" m="39017" /><D74/><U44/><E116/><V131/><N who="2" m="31264" /><V67/><F105/><T114/><D41/><U113/><E34/><V86/><F40/><T33/><D43/><U62/><E126/><V135/><F135/><T1/><D33/><U121/><N who="1" m="31008" /><U36/><E113/><V106/><F106/><T37/><D37/><U104/><E104/><V38/><F38/><T124/><D1/><U83/><E36/><V93/><F131/><N who="0" m="50186" /><D109/><U98/><E72/><V118/><F118/><T91/><D114/><U117/><E73/><V119/><F119/><T84/><D84/><U115/><E117/><V56/><F86/><T125/><AGARI ba="0,0" hai="78,79,85,91,94,124,125,127" m="50186,39017" machi="125" ten="40,8000,1" yaku="18,1,19,1,34,2" doraHai="35" who="0" fromWho="0" sc="494,80,277,-40,279,-40,0,0" /><INIT seed="4,1,0,2,0,126" ten="574,237,239,0" oya="0" hai0="95,70,93,36,77,116,115,133,76,73,66,37,68" hai1="52,40,38,71,32,94,90,98,92,63,103,72,121" hai2="44,46,42,82,45,69,110,35,96,128,84,51,130" hai3=""/><T87/><D116/><U53/><N who="1" m="31008" /><U58/><E72/><V57/><F69/><T80/><D115/><U79/><E79/><V78/><F110/><T75/><D133/><U125/><E32/><V39/><F35/><T62/><D70/><U102/><E125/><V100/><F57/><T129/><D129/><N who="2" m="49770" /><F39/><T131/><D131/><U47/><E71/><V83/><F83/><T65/><D68/><U123/><N who="1" m="31520" /><U54/><REACH who="1" step="1"/><E103/><REACH who="1" ten="574,227,239,0" step="2"/><V61/><F61/><T59/><D62/><U127/><E127/><V55/><F42/><T106/><D73/><U86/><AGARI ba="1,1" hai="38,40,47,52,53,54,58,63,86,90,92,94,98,102" m="31520,31008" machi="86" ten="20,9000,2" yaku="1,1,0,1,7,1,52,2,54,1,53,0" doraHai="126" doraHaiUra="33" who="1" fromWho="1" sc="574,-61,227,102,239,-31,0,0" /><INIT seed="5,0,0,3,1,33" ten="513,329,208,0" oya="1" hai0="112,1,35,127,68,95,94,123,53,133,71,99,59" hai1="113,83,81,37,32,48,103,111,82,89,110,106,49" hai2="80,36,73,52,92,129,130,87,135,93,50,134,57" hai3=""/><U64/><E32/><V86/><F36/><T76/><N who="0" m="31520" /><T105/><D35/><U42/><E113/><V60/><F73/><T3/><D76/><U77/><E64/><V132/><F60/><T43/><D105/><U104/><E37/><V116/><F116/><T65/><D43/><U124/><E124/><V90/><REACH who="2" step="1"/><F87/><REACH who="2" ten="513,329,198,0" step="2"/><T91/><D127/><U85/><E85/><V69/><F69/><T56/><D71/><U107/><E77/><V72/><F72/><T102/><D68/><U46/><E111/><V84/><F84/><T100/><D112/><U131/><E110/><V54/><F54/><T45/><D53/><U75/><E75/><V118/><F118/><T128/><D65/><U121/><E121/><V109/><F109/><T41/><D41/><U34/><E34/><V0/><F0/><T108/><D1/><U119/><E119/><V63/><F63/><T120/><D3/><U114/><E114/><V39/><F39/><T126/><D108/><U125/><E42/><V61/><F61/><T98/><D126/><U79/><E79/><V2/><F2/><T44/><D120/><U51/><E125/><V66/><F66/><T74/><D74/><U55/><E55/><V115/><F115/><T101/><D99/><RYUUKYOKU ba="0,1" sc="513,-10,329,-10,198,20,0,0" hai2="50,52,57,80,86,90,92,93,129,130,132,134,135" /><INIT seed="6,1,1,1,2,53" ten="503,319,218,0" oya="2" hai0="92,93,103,121,116,79,102,97,111,84,106,77,129" hai1="40,74,114,135,118,91,50,95,132,81,126,131,105" hai2="100,127,110,73,58,117,46,42,119,115,113,76,86" hai3=""/><V60/><F73/><T54/><N who="0" m="31008" /><T125/><D111/><U124/><E114/><N who="2" m="43531" /><F100/><T80/><D116/><N who="2" m="44618" /><F110/><T56/><D129/><U44/><E118/><V134/><F134/><N who="1" m="51241" /><E105/><V35/><F35/><T1/><D125/><U47/><E131/><V63/><F127/><T49/><D1/><U98/><E47/><V128/><F128/><T112/><D112/><U133/><E133/><V37/><F58/><T65/><D65/><U57/><E57/><V75/><F75/><T104/><D103/><U62/><E62/><N who="2" m="23595" /><F86/><T34/><D34/><U83/><E83/><V120/><N who="2" m="30752" /><V52/><F76/><AGARI ba="1,1" hai="40,44,50,74,76,81,91,95,98,124,126" m="51241" machi="76" ten="30,1000,0" yaku="20,1" doraHai="53" who="1" fromWho="2" sc="503,0,319,22,218,-12,0,0" owari="503,45.0,341,-6.0,206,-39.0,0,0.0" /></mjloggm>