<mjloggm ver="2.3"><GO type="169" lobby="0"/><UN n0="%6B%6F%6D%69" n1="%E6%B0%B4%E5%93%89%E3%81%AE%E3%83%AC%E3%82%B8%E3%82%A7%E3%83%B3%E3%83%89" n2="%E3%83%91%E3%83%91%E3%83%91%E3%83%91" n3="%43%6F%6D%65%64%69%61%6E" dan="16,16,17,16" rate="2143.62,2112.14,2168.32,2142.65" sx="M,M,M,M"/><TAIKYOKU oya="0"/><INIT seed="0,0,0,2,1,100" ten="250,250,250,250" oya="0" hai0="86,62,55,61,3,68,29,32,127,77,128,69,121" hai1="49,113,105,4,106,52,65,92,103,125,35,1,99" hai2="95,43,94,24,22,46,53,17,130,109,8,120,47" hai3="9,131,25,114,56,129,67,39,31,28,16,123,64"/><T79/><D121/><U117/><E117/><V76/><F120/><W111/><G123/><T81/><D3/><U83/><E35/><V54/><F109/><W71/><G71/><T40/><D127/><U132/><E125/><V19/><F130/><N who="3" m="49675" /><G114/><T41/><D128/><U102/><E113/><V21/><F76/><W12/><G39/><T18/><D18/><U13/><E1/><V108/><F108/><W115/><G115/><T90/><D29/><N who="3" m="11337" /><G111/><T118/><D118/><U78/><E65/><V82/><F82/><W73/><G73/><T97/><D32/><U135/><E102/><V6/><F6/><W75/><G75/><T126/><D126/><U119/><E119/><V101/><F101/><W98/><G25/><T107/><D77/><U63/><E63/><V85/><F8/><W15/><G98/><T38/><D79/><U60/><E60/><V33/><F33/><W58/><G15/><T80/><D68/><U112/><E112/><V51/><F85/><W44/><G44/><T23/><D61/><U26/><E26/><N who="2" m="14639" /><F47/><W124/><G124/><T30/><D86/><N who="1" m="48503" /><E13/><V48/><F48/><W72/><G72/><T134/><D62/><U42/><E42/><V50/><F50/><W84/><G84/><T11/><D40/><U14/><E14/><V2/><F2/><W27/><G27/><T5/><D41/><U57/><E4/><V34/><F34/><W59/><AGARI ba="0,0" hai="9,12,16,56,58,59,64,67" m="11337,49675" machi="59" ten="40,2700,0" yaku="19,1,54,1" doraHai="100" who="3" fromWho="3" sc="250,-13,250,-7,250,-7,250,27" /><INIT seed="1,0,0,1,3,69" ten="237,243,243,277" oya="1" hai0="16,58,15,74,99,83,79,24,35,106,54,38,60" hai1="40,61,22,129,18,85,21,81,20,88,41,80,82" hai2="56,104,102,65,111,86,134,57,89,66,10,97,32" hai3="47,71,75,93,122,51,109,108,13,98,49,110,123"/><U78/><E129/><V7/><F32/><W1/><G1/><T72/><D72/><U73/><E73/><V34/><F34/><W132/><G75/><T0/><D0/><U29/><E29/><V3/><F111/><W133/><G13/><T2/><D2/><U121/><E121/><N who="3" m="46090" /><G93/><T5/><D5/><U27/><E61/><V64/><REACH who="2" step="1"/><F134/><REACH who="2" ten="237,243,233,277" step="2"/><N who="3" m="51819" /><G71/><T23/><D35/><U91/><E78/><V48/><F48/><N who="3" m="18507" /><G98/><T12/><D99/><U33/><E33/><V120/><F120/><W50/><G50/><T17/><D60/><U59/><E59/><V26/><F26/><W43/><G43/><N who="1" m="16458" /><E85/><V8/><F8/><W135/><G135/><T100/><D24/><U127/><E127/><V46/><F46/><AGARI ba="0,1" hai="46,47,108,109,110" m="18507,51819,46090" machi="46" ten="40,12000,2" yaku="28,2,14,1,20,1,34,2" doraHai="69" who="3" fromWho="2" sc="237,0,243,0,233,-120,277,130" /><INIT seed="2,0,0,0,1,85" ten="237,243,113,407" oya="2" hai0="23,134,135,13,95,131,75,90,26,67,106,92,79" hai1="111,44,59,98,4,1,76,116,21,103,54,74,7" hai2="70,88,61,108,46,62,43,3,64,45,120,10,114" hai3="122,128,28,34,97,6,68,8,30,31,105,109,118"/><V117/><F114/><W16/><G118/><T91/><D106/><U89/><E116/><V99/><F117/><W87/><G68/><T29/><D131/><U69/><E69/><V71/><F120/><W124/><G128/><T133/><D67/><U36/><E111/><V125/><F125/><W129/><G129/><T33/><D75/><U78/><E21/><V18/><F108/><W39/><G39/><T20/><D79/><U66/><E66/><V15/><F3/><W55/><G124/><T17/><D33/><U5/><E1/><V50/><F46/><W107/><G34/><T77/><D77/><U102/><E102/><V113/><F113/><W47/><G97/><T130/><D130/><U121/><E121/><V60/><REACH who="2" step="1"/><F64/><REACH who="2" ten="237,243,103,407" step="2"/><W37/><G122/><T0/><D0/><U48/><E74/><V19/><F19/><W53/><G16/><T35/><D35/><U40/><E7/><V58/><F58/><W56/><G56/><T72/><D72/><U32/><E5/><V104/><F104/><W96/><G107/><T115/><D115/><U2/><E32/><V49/><F49/><W93/><G105/><T94/><AGARI ba="0,1" hai="13,17,20,23,26,29,90,91,92,94,95,133,134,135" machi="94" ten="40,8000,1" yaku="0,1,20,1,52,2" doraHai="85" who="0" fromWho="0" sc="237,90,243,-20,103,-40,407,-20" /><INIT seed="3,0,0,5,1,114" ten="327,223,63,387" oya="3" hai0="85,17,101,58,47,69,95,51,99,100,130,134,118" hai1="125,53,97,54,6,82,56,83,88,106,119,5,71" hai2="127,102,111,76,3,21,48,115,9,105,75,12,79" hai3="0,33,96,49,41,74,36,72,64,78,59,80,131"/><W91/><G33/><T25/><D69/><U73/><E71/><V37/><F115/><W20/><G131/><T84/><D130/><U1/><E125/><V45/><F111/><W117/><G117/><T123/><D118/><U63/><E119/><V39/><F127/><W128/><G128/><T121/><D134/><U29/><E29/><V30/><F3/><W14/><G0/><T43/><D100/><U87/><E1/><V7/><F102/><W133/><G133/><T24/><D121/><U10/><E106/><V55/><F105/><W66/><G74/><T89/><D123/><U15/><E97/><V122/><F122/><W104/><G36/><T60/><D17/><U112/><E112/><V2/><F75/><W40/><G104/><T77/><D77/><U16/><REACH who="1" step="1"/><E54/><REACH who="1" ten="327,213,63,387" step="2"/><V35/><F30/><W22/><G96/><T62/><D99/><U26/><E26/><V107/><F107/><W8/><G66/><T28/><D24/><U98/><E98/><V86/><F35/><W68/><G68/><T19/><D25/><U108/><E108/><V61/><F2/><W109/><G64/><T34/><D28/><U94/><E94/><V11/><F55/><N who="3" m="32239" /><G109/><T135/><D34/><U32/><E32/><V129/><F129/><W44/><G14/><T113/><D113/><U93/><E93/><V92/><F92/><W38/><G80/><T27/><D101/><U57/><E57/><V65/><F12/><W132/><G132/><T90/><D95/><U31/><E31/><V50/><F65/><W67/><G67/><N who="0" m="39319" /><D27/><U70/><E70/><V4/><F4/><RYUUKYOKU ba="0,1" sc="327,-10,213,30,63,-10,387,-10" hai1="5,6,10,15,16,53,56,63,73,82,83,87,88" /><INIT seed="4,1,1,4,2,32" ten="317,243,53,377" oya="0" hai0="64,57,111,22,117,92,73,93,91,81,46,114,43" hai1="2,77,35,0,20,41,38,31,55,58,104,95,132" hai2="4,1,110,28,126,119,11,67,10,89,76,54,127" hai3="79,62,134,120,50,130,6,103,33,86,82,12,125"/><T97/><D117/><U112/><E104/><V80/><F67/><W121/><G33/><T99/><D114/><U70/><E35/><V68/><F68/><W94/><G130/><T133/><D133/><U26/><E132/><V122/><F110/><W56/><G134/><T108/><D22/><U88/><E70/><V102/><F102/><W9/><G50/><T71/><D71/><U45/><E77/><V87/><F119/><W74/><G125/><T40/><D73/><U61/><REACH who="1" step="1"/><E112/><REACH who="1" ten="317,233,53,377" step="2"/><V44/><F76/><W13/><G120/><T60/><D108/><U19/><E19/><V118/><F122/><W66/><G121/><T115/><D111/><U51/><E51/><N who="2" m="29031" /><F118/><W101/><G74/><T100/><D115/><U37/><E37/><V84/><F28/><W129/><G129/><T85/><REACH who="0" step="1"/><D46/><REACH who="0" ten="307,233,53,377" step="2"/><U65/><E65/><V90/><F127/><W5/><G66/><T27/><D27/><U116/><E116/><V18/><F126/><W39/><G56/><T105/><D105/><U113/><E113/><V47/><F47/><W42/><G39/><T75/><D75/><U123/><E123/><V109/><F109/><W15/><G9/><T17/><D17/><U16/><E16/><V59/><F59/><W52/><G6/><T36/><D36/><U48/><E48/><V98/><F18/><W128/><G5/><T3/><D3/><U124/><E124/><V23/><F11/><W14/><G128/><T34/><D34/><U106/><E106/><V7/><F7/><W29/><G29/><T8/><D8/><U83/><E83/><N who="2" m="49311" /><F23/><W21/><G21/><RYUUKYOKU ba="1,3" sc="307,10,233,10,53,10,377,-30" hai0="40,43,57,60,64,81,85,91,92,93,97,99,100" hai1="0,2,20,26,31,38,41,45,55,58,61,88,95" hai2="1,4,10,80,87,90,98" /><INIT seed="4,2,3,3,3,38" ten="317,243,63,347" oya="0" hai0="88,53,133,37,32,50,108,9,98,45,35,23,56" hai1="65,103,70,28,87,112,132,4,8,55,107,102,59" hai2="86,18,81,49,119,104,82,7,97,24,106,40,62" hai3="42,90,51,68,60,21,109,34,6,95,77,41,25"/><T89/><D133/><U36/><E132/><V75/><F75/><W46/><G34/><T78/><D78/><U47/><E112/><V113/><F113/><W83/><G109/><T80/><D108/><U67/><E28/><V115/><F115/><W15/><G68/><T17/><D9/><U69/><E87/><V19/><F119/><W52/><G60/><T63/><D37/><U130/><E130/><V5/><F62/><W117/><G117/><T1/><D1/><U11/><E107/><V29/><F97/><N who="3" m="57591" /><G83/><T120/><D120/><U33/><E33/><V30/><F49/><W127/><G77/><T92/><D89/><U100/><E70/><V79/><F79/><W114/><G127/><T3/><D80/><U58/><E69/><V64/><F24/><W118/><G118/><T110/><D3/><U20/><E20/><V0/><F0/><W131/><G131/><T126/><D126/><U129/><E129/><V31/><F31/><N who="3" m="17839" /><G114/><T48/><D110/><U122/><E122/><V105/><F105/><W91/><G91/><T16/><D50/><N who="1" m="29151" /><E36/><V135/><F135/><W111/><G111/><T134/><D134/><U101/><N who="1" m="25600" /><DORA hai="73" /><U43/><E67/><V57/><F86/><W94/><G94/><T76/><D76/><U2/><E65/><V121/><F64/><W128/><G128/><T125/><D125/><U93/><E93/><V44/><F121/><W84/><G84/><T99/><D99/><U27/><E27/><V54/><F106/><W22/><G22/><T123/><D23/><U12/><E2/><V74/><F104/><W116/><G116/><RYUUKYOKU ba="2,3" sc="317,-10,243,-10,63,-10,347,30" hai3="6,15,41,42,46,51,52" /><INIT seed="5,3,3,5,0,17" ten="307,233,53,377" oya="1" hai0="95,38,129,26,59,53,82,79,51,90,105,86,25" hai1="126,77,106,112,61,91,75,60,45,0,42,54,49" hai2="47,9,96,8,11,32,135,36,83,93,114,37,108" hai3="118,80,128,55,46,94,35,13,84,72,115,104,30"/><U81/><E112/><V21/><F108/><W124/><G104/><T88/><D38/><U116/><E116/><V64/><F32/><W33/><G115/><T134/><D134/><U19/><E126/><V28/><F114/><W10/><G72/><T103/><D129/><U100/><E0/><V109/><F109/><W73/><G73/><N who="0" m="43375" /><D90/><U101/><E91/><V121/><F121/><W99/><G118/><T40/><D40/><U68/><E106/><V41/><F135/><W111/><G111/><T120/><D120/><U110/><E110/><V63/><F83/><W23/><G124/><T3/><D3/><U87/><E75/><V127/><F37/><W56/><G46/><T113/><D113/><U29/><E29/><V117/><F117/><W7/><G128/><T133/><D133/><U27/><E68/><V122/><F122/><W43/><G43/><T125/><D125/><U24/><E42/><V48/><F36/><W69/><G69/><T89/><D89/><U131/><E131/><V39/><F39/><W132/><G132/><T66/><D66/><U65/><E24/><V67/><F127/><W5/><G35/><T85/><D85/><U4/><E4/><V74/><F63/><N who="1" m="24137" /><E65/><V22/><F74/><W6/><G33/><T102/><D102/><U34/><E34/><V52/><F41/><W15/><G84/><T71/><D71/><U58/><E45/><V70/><F28/><W119/><G119/><T62/><D62/><U92/><E92/><V98/><F70/><W78/><G30/><T1/><D1/><U76/><E76/><V97/><F93/><RYUUKYOKU ba="3,3" sc="307,10,233,10,53,10,377,-30" hai0="25,26,51,53,59,86,88,95,103,105" hai1="19,27,49,54,58,77,81,87,100,101" hai2="8,9,11,21,22,47,48,52,64,67,96,97,98" /><INIT seed="5,4,3,1,3,121" ten="317,243,63,347" oya="1" hai0="129,6,112,117,52,51,99,35,86,82,26,124,131" hai1="60,1,103,53,92,46,108,4,45,14,43,88,13" hai2="10,70,41,96,39,28,30,11,59,67,68,110,27" hai3="133,40,50,18,66,93,132,37,38,64,71,98,55"/><U72/><E72/><V74/><F74/><W36/><G40/><T20/><D112/><U83/><E103/><V126/><F59/><N who="3" m="33271" /><G18/><T3/><D35/><U33/><E33/><V85/><F96/><W2/><G2/><T7/><D99/><U29/><E29/><V47/><F30/><W42/><G42/><T31/><D124/><U105/><E105/><V118/><F118/><W54/><G71/><T125/><D125/><U65/><E83/><V77/><F126/><W12/><G12/><T17/><D117/><U130/><E130/><N who="0" m="49673" /><D3/><U21/><E108/><V34/><F110/><W19/><G19/><T113/><D113/><U25/><E1/><V57/><F57/><W16/><G16/><T134/><D134/><N who="3" m="51817" /><G54/><T76/><D31/><N who="1" m="17839" /><E65/><V8/><REACH who="2" step="1"/><F67/><REACH who="2" ten="317,243,53,347" step="2"/><W23/><G23/><T44/><AGARI ba="4,4" hai="6,7,17,20,26,44,51,52,76,82,86" m="49673" machi="44" ten="30,2000,0" yaku="19,1,54,1" doraHai="121" who="0" fromWho="0" sc="317,72,243,-14,53,-9,347,-9" /><INIT seed="6,0,0,3,0,94" ten="389,229,44,338" oya="2" hai0="34,65,39,17,60,107,123,75,42,25,43,45,134" hai1="27,90,76,24,124,59,135,79,47,132,18,89,19" hai2="102,130,38,44,8,118,11,72,119,98,16,21,74" hai3="67,101,57,31,14,10,104,106,108,121,125,5,69"/><V20/><F130/><W83/><G108/><T80/><D123/><U6/><E6/><V58/><F21/><W117/><G121/><T33/><D134/><U115/><E59/><V73/><F58/><W88/><G117/><T66/><D42/><U30/><E47/><V61/><F61/><N who="3" m="38319" /><G104/><T7/><D65/><U64/><E64/><V113/><F113/><W37/><G106/><T131/><D131/><U116/><E30/><V105/><F119/><W84/><G37/><T0/><D17/><U49/><E116/><V35/><F35/><W22/><G125/><T126/><D25/><U70/><E115/><V1/><F118/><W120/><G120/><T36/><D107/><U12/><E12/><V109/><F109/><W85/><G101/><T93/><D39/><U86/><E86/><V128/><F128/><W15/><G84/><T127/><D127/><U29/><E29/><V96/><F96/><W26/><G69/><N who="0" m="42183" /><D126/><U78/><E78/><V13/><REACH who="2" step="1"/><F1/><REACH who="2" ten="389,229,34,338" step="2"/><W71/><G71/><T77/><D33/><U95/><E124/><V48/><F48/><W82/><G15/><T81/><D34/><U114/><E114/><V3/><F3/><W52/><G14/><T28/><D0/><U103/><E70/><V97/><F97/><W92/><G22/><T129/><D129/><U32/><E32/><V50/><F50/><W9/><G26/><T110/><D110/><U112/><E112/><V56/><F56/><W4/><G31/><T54/><D36/><U99/><E49/><V100/><F100/><W87/><G10/><T111/><D28/><U91/><E103/><RYUUKYOKU ba="0,1" sc="389,-10,229,-10,34,30,338,-10" hai2="8,11,13,16,20,38,44,72,73,74,98,102,105" /><INIT seed="6,1,1,4,5,93" ten="379,219,64,328" oya="2" hai0="92,123,59,76,24,23,106,38,132,7,28,129,26" hai1="66,91,130,11,68,79,45,1,16,10,99,102,118" hai2="9,89,25,63,17,72,29,119,95,94,56,3,115" hai3="83,69,40,0,125,8,73,5,50,31,109,113,35"/><V74/><F115/><W65/><G109/><T6/><D123/><U39/><E118/><V43/><F119/><W67/><G125/><T20/><D106/><U49/><E39/><V105/><F105/><W48/><G113/><T98/><D38/><U122/><E122/><V135/><F135/><W47/><G50/><T134/><D76/><U124/><E124/><V32/><F43/><W44/><G44/><T110/><D110/><U96/><E79/><V27/><F95/><W52/><G40/><T112/><D129/><U46/><E130/><V116/><F116/><W41/><G41/><T121/><D121/><U21/><E68/><V12/><F25/><W4/><G69/><T37/><D37/><U87/><E66/><V34/><F34/><W54/><G54/><T131/><D131/><U117/><E1/><V78/><F3/><W42/><G5/><T108/><D108/><U61/><E61/><V13/><F13/><W127/><G42/><T114/><D59/><U51/><E102/><V53/><REACH who="2" step="1"/><F78/><REACH who="2" ten="379,219,54,328" step="2"/><N who="3" m="44495" /><G127/><T22/><D112/><U111/><E117/><V82/><F82/><W104/><G104/><T85/><D114/><U60/><E111/><V2/><F2/><W62/><G35/><T120/><D132/><U58/><E46/><V84/><AGARI ba="1,2" hai="9,12,17,27,29,32,53,56,63,72,74,84,89,94" machi="84" ten="20,7800,0" yaku="1,1,0,1,7,1,53,1" doraHai="93" doraHaiUra="57" who="2" fromWho="2" sc="379,-27,219,-27,54,101,328,-27" /><INIT seed="6,2,0,2,3,10" ten="352,192,155,301" oya="2" hai0="4,44,108,66,42,29,28,116,18,21,68,106,15" hai1="119,41,112,12,16,57,54,132,69,130,83,123,93" hai2="74,0,102,5,22,23,71,122,80,51,53,52,13" hai3="94,87,131,105,76,86,45,62,101,56,111,14,103"/><V32/><F122/><W40/><G105/><T92/><D108/><U58/><E123/><V27/><F71/><W67/><G111/><T118/><D106/><U33/><E119/><N who="0" m="45609" /><D4/><U90/><E69/><V19/><F102/><W134/><G134/><T9/><D92/><U17/><E33/><V1/><F32/><W6/><G131/><T50/><D9/><U110/><E110/><V135/><F135/><W97/><G101/><T60/><AGARI ba="2,0" hai="15,18,21,28,29,42,44,50,60,66,68" m="45609" machi="60" ten="30,2000,0" yaku="12,1,52,1" doraHai="10" who="0" fromWho="0" sc="352,26,192,-7,155,-12,301,-7" /><INIT seed="7,0,0,5,5,98" ten="378,185,143,294" oya="3" hai0="5,69,92,56,67,45,123,22,133,24,16,124,57" hai1="77,58,100,91,104,116,95,39,13,64,52,94,96" hai2="112,48,66,103,4,83,61,86,101,60,41,113,70" hai3="120,1,80,40,90,25,19,89,14,18,132,9,102"/><W12/><G120/><T108/><D108/><U51/><E39/><V7/><F61/><W36/><G1/><T109/><D109/><U121/><E121/><V6/><F48/><W21/><G132/><T85/><D124/><U129/><E129/><V65/><F65/><W17/><G36/><T130/><D130/><U34/><E34/><V114/><F41/><W62/><G40/><T68/><D123/><U46/><E116/><V93/><F93/><W117/><G117/><T128/><D128/><U72/><E72/><V3/><F3/><W88/><G62/><T43/><D5/><U127/><E127/><V71/><F71/><W38/><G38/><T76/><D67/><U27/><E77/><AGARI ba="0,0" hai="4,6,7,60,66,70,77,83,86,101,103,112,113,114" machi="77" ten="50,6400,0" yaku="15,1,52,2" doraHai="98" who="2" fromWho="1" sc="378,0,185,-64,143,64,294,0" owari="378,48.0,121,-38.0,207,-19.0,294,9.0" /></mjloggm>