<mjloggm ver="2.3"><GO type="169" lobby="0"/><UN n0="%E6%B0%B4%E5%93%89%E3%81%AE%E3%83%AC%E3%82%B8%E3%82%A7%E3%83%B3%E3%83%89" n1="%E3%81%BF%E3%83%BC%E3%81%94%E3%81%BE" n2="%E5%B0%8F%E6%B1%A0%E7%BE%8E%E6%B3%A2%E2%8A%BF" n3="%4D%4C%5A%4E%55%2D%53%4B" dan="16,17,17,16" rate="2122.51,2164.39,2148.35,2112.17" sx="M,M,M,F"/><TAIKYOKU oya="0"/><INIT seed="0,0,0,3,4,92" ten="250,250,250,250" oya="0" hai0="4,76,134,91,82,121,28,133,106,36,64,125,129" hai1="52,1,127,122,69,26,109,80,71,78,57,115,97" hai2="135,60,74,99,59,21,72,111,104,77,63,16,20" hai3="11,131,132,67,54,119,102,128,27,46,75,37,39"/><T86/><D36/><U87/><E122/><V7/><F111/><W126/><G75/><T38/><D38/><N who="3" m="14345" /><G11/><T13/><D64/><U43/><E1/><V130/><F135/><N who="0" m="51722" /><D28/><U105/><E109/><V3/><F130/><N who="3" m="49707" /><G27/><T23/><D129/><U25/><E43/><V42/><F77/><W5/><G5/><T6/><D121/><U12/><E115/><V56/><F42/><W85/><G85/><N who="0" m="48327" /><D106/><U116/><E116/><V51/><F7/><W88/><G67/><T58/><D58/><U14/><E71/><V41/><F56/><W103/><G119/><T29/><D125/><U31/><E127/><V24/><F104/><W117/><G117/><T107/><D107/><U100/><E69/><V49/><F59/><W96/><G126/><T123/><D123/><U8/><E8/><V19/><F24/><W10/><G10/><T62/><D62/><U61/><REACH who="1" step="1"/><E26/><REACH who="1" ten="250,240,250,250" step="2"/><V33/><F3/><W90/><G132/><T0/><D0/><U44/><E44/><V118/><F118/><W17/><G46/><T79/><D13/><U120/><E120/><V93/><F41/><W48/><G54/><T68/><D68/><U94/><E94/><V45/><F93/><W112/><G112/><T30/><D23/><AGARI ba="0,1" hai="12,14,23,25,31,52,57,61,78,80,87,97,100,105" machi="23" ten="30,7700,0" yaku="1,1,7,1,52,1,54,1,53,0" doraHai="92" doraHaiUra="124" who="1" fromWho="0" sc="250,-77,240,87,250,0,250,0" /><INIT seed="1,0,0,2,3,109" ten="173,327,250,250" oya="1" hai0="14,112,63,65,21,116,114,90,98,7,100,40,64" hai1="38,44,117,43,39,129,115,20,134,12,17,6,111" hai2="75,104,60,119,5,123,131,23,1,45,94,2,73" hai3="105,25,96,58,128,72,102,16,50,66,62,31,57"/><U47/><E117/><V89/><F23/><W10/><G128/><T56/><D116/><U33/><E33/><V15/><F15/><W86/><G86/><T74/><D74/><U95/><E129/><V36/><F45/><W34/><G72/><T59/><D40/><U69/><E69/><V84/><F60/><W103/><G103/><T9/><D90/><U82/><E134/><V13/><F13/><W108/><G108/><T113/><D21/><U78/><E111/><V101/><F5/><W52/><G10/><T67/><REACH who="0" step="1"/><D63/><REACH who="0" ten="163,327,250,250" step="2"/><U125/><E43/><V81/><F89/><W24/><G24/><T53/><D53/><U126/><E20/><V11/><F75/><W29/><G29/><T127/><D127/><U46/><E126/><V30/><F73/><W37/><G37/><T19/><D19/><U118/><E17/><V26/><F36/><W27/><G27/><T54/><D54/><U76/><E125/><V18/><F26/><W68/><REACH who="3" step="1"/><G16/><REACH who="3" ten="163,327,250,240" step="2"/><T41/><D41/><U130/><E38/><V135/><F18/><W8/><G8/><T49/><D49/><U83/><E39/><V92/><F11/><W35/><G35/><T124/><D124/><U132/><E118/><V3/><F119/><W120/><G120/><T110/><D110/><U80/><E6/><V51/><F123/><W85/><G85/><T55/><D55/><U107/><E132/><V122/><F135/><W133/><G133/><T93/><AGARI ba="0,2" hai="7,9,14,56,59,64,65,67,93,98,100,112,113,114" machi="93" ten="40,16000,3" yaku="1,1,0,1,52,3,53,3" doraHai="109" doraHaiUra="61" who="0" fromWho="0" sc="163,180,327,-80,250,-40,240,-40" /><INIT seed="2,0,0,2,4,57" ten="343,247,210,200" oya="2" hai0="130,26,8,46,119,99,82,62,109,3,129,70,73" hai1="11,123,44,92,15,95,83,89,104,88,85,64,37" hai2="107,103,17,74,84,39,102,23,56,27,113,38,55" hai3="30,14,24,49,94,4,121,115,65,60,25,31,78"/><V41/><F74/><W51/><G78/><N who="0" m="44367" /><D119/><U34/><E104/><V132/><F113/><W33/><G121/><T2/><D109/><U5/><E123/><V48/><F132/><W133/><G133/><T97/><D46/><U81/><E34/><V45/><F107/><W120/><G120/><T105/><D26/><U131/><E131/><N who="0" m="50185" /><D105/><U22/><E22/><V7/><F39/><W96/><G14/><T43/><D43/><U61/><E44/><V112/><F112/><W126/><G4/><N who="0" m="1047" /><D3/><U106/><E37/><V90/><REACH who="2" step="1"/><F7/><REACH who="2" ten="343,247,200,200" step="2"/><W53/><G115/><T63/><D70/><U69/><REACH who="1" step="1"/><E106/><REACH who="1" ten="343,237,200,200" step="2"/><V86/><F86/><AGARI ba="0,2" hai="5,11,15,61,64,69,81,83,85,86,88,89,92,95" machi="86" ten="30,12000,2" yaku="1,1,2,1,7,1,9,1,52,1,54,1,53,0" doraHai="57" doraHaiUra="50" who="1" fromWho="2" sc="343,0,237,140,200,-120,200,0" /><INIT seed="3,0,0,5,0,41" ten="343,377,80,200" oya="3" hai0="73,49,113,102,124,39,60,81,87,135,82,91,101" hai1="2,126,134,47,34,64,93,11,100,77,3,111,56" hai2="50,114,10,122,42,22,20,89,68,84,27,110,24" hai3="71,120,69,108,48,26,13,44,31,66,99,35,133"/><W88/><G120/><T98/><D39/><U33/><E111/><V83/><F114/><W0/><G0/><T52/><D113/><U21/><E134/><V18/><F110/><W57/><G108/><T32/><D135/><U109/><E109/><V72/><F122/><W92/><G133/><T96/><D124/><U129/><E77/><V51/><F68/><W1/><G1/><T90/><D32/><U54/><E2/><V95/><F10/><W15/><G57/><T28/><D28/><U70/><E21/><V36/><F36/><W9/><G66/><T55/><D60/><U117/><E126/><V78/><REACH who="2" step="1"/><F42/><REACH who="2" ten="343,377,70,200" step="2"/><W116/><G116/><T65/><D65/><U123/><E11/><V118/><F118/><W19/><G13/><T43/><D43/><AGARI ba="0,1" hai="9,15,19,26,31,35,43,44,48,69,71,88,92,99" machi="43" ten="30,5800,0" yaku="7,1,52,1,54,1" doraHai="41" who="3" fromWho="0" sc="343,-58,377,0,70,0,200,68" /><INIT seed="3,1,0,4,3,22" ten="285,377,70,268" oya="3" hai0="84,103,88,12,69,52,27,21,132,23,31,13,68" hai1="53,78,97,18,60,70,123,24,99,57,35,107,92" hai2="112,73,66,109,64,79,120,39,17,15,56,29,114" hai3="117,10,118,110,125,25,89,2,115,74,67,106,44"/><W119/><G67/><T126/><D132/><U77/><E123/><V134/><F134/><W121/><G89/><T130/><D130/><U85/><E70/><V51/><F120/><W33/><G44/><T93/><D126/><U76/><E107/><V63/><F109/><W94/><G94/><T41/><D41/><U83/><E35/><V38/><F73/><W91/><G91/><T50/><D103/><U4/><E4/><V0/><F0/><W108/><G121/><T62/><D62/><U81/><E83/><V113/><F79/><N who="1" m="30281" /><E92/><V6/><F6/><N who="3" m="1367" /><G74/><T34/><D34/><U86/><E85/><V104/><F104/><W127/><G106/><T90/><D90/><U95/><E95/><V9/><F66/><W98/><G98/><T11/><D21/><AGARI ba="1,0" hai="18,21,24,53,57,60,78,81,86,97,99" m="30281" machi="21" ten="30,2000,0" yaku="8,1,52,1" doraHai="22" who="1" fromWho="0" sc="285,-23,377,23,70,0,268,0" /><INIT seed="4,0,0,0,4,113" ten="262,400,70,268" oya="0" hai0="52,29,108,12,128,115,106,7,83,90,70,76,59" hai1="67,94,41,125,49,99,127,13,79,58,0,11,131" hai2="91,37,130,34,102,78,46,84,77,104,47,28,97" hai3="53,8,107,80,114,118,23,73,4,133,88,63,38"/><T25/><D115/><U72/><E0/><V120/><F120/><W6/><G107/><T96/><D128/><U9/><E131/><V24/><F130/><W36/><G6/><T101/><D70/><U82/><E67/><V95/><F46/><W19/><G118/><T62/><D108/><U1/><E1/><V60/><F37/><W71/><G133/><T20/><D90/><U93/><E9/><V65/><REACH who="2" step="1"/><F47/><REACH who="2" ten="262,400,60,268" step="2"/><W119/><G36/><T39/><D39/><U124/><E125/><V111/><F111/><W27/><G38/><T134/><D134/><U66/><E124/><V56/><AGARI ba="0,1" hai="24,28,34,56,60,65,77,78,84,91,95,97,102,104" machi="56" ten="20,2700,0" yaku="1,1,0,1,7,1,53,0" doraHai="113" doraHaiUra="64" who="2" fromWho="2" sc="262,-13,400,-7,60,37,268,-7" /><INIT seed="5,0,0,5,0,93" ten="249,393,97,261" oya="1" hai0="104,19,66,123,108,120,64,10,78,74,58,50,52" hai1="21,42,105,59,129,15,55,63,32,117,76,103,126" hai2="72,1,54,37,100,73,130,91,81,101,118,35,45" hai3="56,61,7,70,125,82,77,14,68,48,83,16,47"/><U132/><E117/><V113/><F1/><W13/><G125/><T12/><D108/><U110/><E32/><V112/><F35/><W34/><G34/><T57/><D104/><U127/><E110/><V5/><F5/><W6/><G13/><T33/><D33/><U92/><E105/><V65/><F65/><W99/><G99/><T107/><D107/><U36/><E132/><V18/><F18/><W39/><G39/><T24/><D24/><U79/><E129/><V128/><F37/><W133/><G68/><T49/><D78/><U9/><E21/><V62/><F45/><W122/><G70/><T134/><D74/><N who="2" m="28778" /><F62/><W116/><G133/><T27/><D134/><U115/><E115/><N who="2" m="44107" /><F54/><W80/><G61/><T26/><D26/><U30/><E30/><V25/><F25/><W114/><G7/><T28/><D28/><U0/><E0/><V43/><F43/><W121/><G6/><T87/><D27/><U75/><E42/><V86/><F118/><W124/><G116/><T11/><D11/><U131/><E36/><V2/><F2/><W17/><G17/><T8/><D8/><U71/><E9/><V85/><F85/><W69/><G16/><T3/><D87/><U111/><E75/><V119/><F119/><W31/><G31/><T135/><D3/><U90/><E111/><V95/><F95/><W67/><G114/><T40/><D135/><U53/><E92/><V60/><F60/><W44/><G48/><T97/><D40/><U38/><E63/><V89/><F89/><W23/><G23/><T96/><D10/><U109/><E109/><RYUUKYOKU ba="0,0" sc="249,-10,393,-10,97,30,261,-10" hai2="81,86,91,100,101,128,130" /><INIT seed="6,1,0,0,2,112" ten="239,383,127,251" oya="2" hai0="19,25,1,43,88,65,53,86,70,61,75,37,18" hai1="62,89,3,132,108,16,125,82,114,123,77,85,90" hai2="115,127,41,100,111,38,66,26,34,42,4,45,131" hai3="93,52,79,101,76,126,99,5,2,98,102,107,91"/><V57/><F115/><W104/><G2/><T124/><D1/><U129/><E3/><V109/><F100/><W0/><G0/><T28/><D75/><U30/><E108/><N who="2" m="41547" /><F4/><W69/><G69/><T64/><D124/><U130/><E125/><V84/><F127/><W92/><G5/><T128/><D128/><U32/><E114/><V40/><F84/><N who="3" m="52327" /><G52/><T122/><D122/><U50/><E123/><V73/><F73/><W121/><G126/><T134/><D134/><U11/><E132/><V27/><F131/><W59/><G59/><T60/><D53/><U80/><E77/><N who="3" m="29770" /><G121/><T81/><D43/><N who="2" m="16458" /><F34/><W67/><G67/><T116/><D37/><U95/><E32/><V63/><AGARI ba="1,0" hai="26,27,38,42,45,57,63,66" m="16458,41547" machi="63" ten="30,1500,0" yaku="10,1" doraHai="112" who="2" fromWho="2" sc="239,-6,383,-6,127,18,251,-6" /><INIT seed="6,2,0,0,5,114" ten="233,377,145,245" oya="2" hai0="96,91,80,101,115,12,57,63,64,130,31,14,43" hai1="11,86,71,9,8,78,39,52,117,35,135,111,38" hai2="85,54,16,18,49,30,40,103,4,110,125,60,22" hai3="123,108,118,42,82,74,46,70,34,55,19,23,121"/><V28/><F125/><W99/><G34/><T76/><D115/><U29/><E117/><V68/><F110/><W133/><G70/><T119/><D130/><U47/><E71/><V77/><F68/><W41/><G41/><T105/><D43/><U97/><E111/><V21/><F4/><W127/><G55/><T100/><D100/><U92/><E135/><V53/><F103/><W26/><G118/><T75/><D119/><U84/><E78/><V116/><F116/><W83/><G83/><T45/><D45/><U134/><E134/><V69/><F77/><W1/><G1/><T132/><D132/><U13/><E29/><V95/><F40/><W15/><G99/><T24/><REACH who="0" step="1"/><D91/><REACH who="0" ten="223,377,145,245" step="2"/><U93/><E47/><N who="2" m="27839" /><F69/><W7/><G42/><T6/><D6/><U48/><E38/><V129/><F129/><W88/><G7/><T67/><D67/><U73/><E39/><V81/><F54/><W25/><G133/><T62/><D62/><U10/><E52/><V90/><F60/><W128/><G128/><T66/><D66/><U120/><E48/><V2/><F2/><W131/><G46/><T56/><D56/><U59/><E59/><V20/><F81/><W51/><G82/><T50/><D50/><U32/><E32/><AGARI ba="2,1" hai="12,14,24,31,32,57,63,64,75,76,80,96,101,105" machi="32" ten="30,2000,0" yaku="1,1,7,1,53,0" doraHai="114" doraHaiUra="112" who="0" fromWho="1" sc="223,36,377,-26,145,0,245,0" /><INIT seed="7,0,0,4,0,11" ten="259,351,145,245" oya="3" hai0="87,110,135,20,78,2,114,104,36,115,38,31,133" hai1="3,16,21,14,47,71,118,4,81,39,92,37,63" hai2="72,80,116,76,107,131,86,65,106,105,127,69,128" hai3="17,75,41,6,70,30,134,90,28,49,22,61,10"/><W26/><G134/><N who="0" m="51211" /><D110/><U18/><E118/><V54/><F54/><W50/><G75/><T15/><D2/><U108/><E108/><V93/><F69/><W60/><G70/><T73/><D73/><U53/><E3/><V1/><F65/><W12/><G90/><T27/><D104/><N who="2" m="26626" /><V46/><DORA hai="124" /><F46/><N who="3" m="25807" /><G50/><T83/><D15/><U125/><E92/><V74/><F1/><W55/><G55/><T88/><D78/><U102/><E81/><N who="2" m="45191" /><F127/><W45/><G45/><T51/><D51/><U82/><E47/><V111/><F111/><W29/><AGARI ba="0,0" hai="6,10,12,17,22,26,28,29,30,60,61" m="25807" machi="29" ten="30,3000,0" yaku="8,1,52,1" doraHai="11,124" who="3" fromWho="3" sc="259,-10,351,-10,145,-10,245,30" /><INIT seed="7,1,0,1,2,49" ten="249,341,135,275" oya="3" hai0="35,80,81,38,135,97,40,45,111,71,90,46,120" hai1="107,105,117,95,54,18,74,119,106,41,42,37,50" hai2="12,73,28,91,72,7,1,126,0,85,133,19,17" hai3="52,51,3,110,130,20,21,82,22,60,76,26,32"/><W87/><G3/><T8/><D111/><U86/><E18/><V125/><F85/><W102/><G130/><T77/><D120/><U78/><E37/><V103/><F103/><W39/><G39/><T29/><D135/><U100/><E74/><V44/><F44/><W55/><G32/><T101/><D71/><U23/><E23/><V123/><F91/><W99/><G110/><T132/><D132/><U94/><E100/><V108/><F108/><W25/><G60/><T68/><D68/><U129/><E129/><V4/><F133/><W66/><G66/><T88/><D8/><U116/><E78/><V131/><F131/><W63/><G63/><T122/><D122/><U11/><E11/><V30/><F73/><W14/><G14/><T104/><D80/><U93/><E86/><V34/><F72/><W9/><G9/><T113/><D113/><U98/><E98/><V124/><F124/><W75/><G75/><T70/><D70/><U92/><E92/><V65/><F65/><W114/><G51/><T58/><D46/><AGARI ba="1,0" hai="41,42,46,50,54,93,94,95,105,106,107,116,117,119" machi="46" ten="50,8000,1" yaku="29,2,12,1,52,1" doraHai="49" who="1" fromWho="0" sc="249,-83,341,83,135,0,275,0" owari="166,-23.0,424,51.0,135,-36.0,275,8.0" /></mjloggm>