<mjloggm ver="2.3"><GO type="169" lobby="0"/><UN n0="%73%75%6E%72%69%67%68%74" n1="%E3%83%AC%E3%82%AA%E3%83%B3%E3%83%8F%E3%83%AB%E3%83%88" n2="%E3%83%94%E3%83%B3%E3%82%B5%E3%83%AD%E5%BA%97%E5%93%A1" n3="%E9%AB%98%E6%A9%8B%E8%89%AF%E5%A4%AA" dan="16,16,17,16" rate="2110.50,2075.63,2271.93,2188.11" sx="M,M,M,M"/><TAIKYOKU oya="0"/><INIT seed="0,0,0,4,2,110" ten="250,250,250,250" oya="0" hai0="50,97,21,135,127,11,73,65,52,32,33,72,44" hai1="31,30,81,126,107,109,108,79,48,23,75,104,2" hai2="13,39,55,61,56,15,28,111,64,113,86,119,57" hai3="35,3,16,12,63,59,121,40,91,114,87,1,129"/><T103/><D127/><U102/><E2/><V25/><F39/><W18/><G40/><T98/><D135/><U105/><E102/><V29/><F111/><N who="1" m="42569" /><E126/><V54/><F113/><W134/><G114/><T116/><D116/><U41/><E23/><V27/><F119/><W118/><G35/><T82/><D98/><U120/><E120/><V9/><F86/><W45/><G45/><AGARI ba="0,0" hai="30,31,41,45,48,75,79,81,104,105,107" m="42569" machi="45" ten="40,1300,0" yaku="14,1" doraHai="110" who="1" fromWho="3" sc="250,0,250,13,250,0,250,-13" /><INIT seed="1,0,0,3,1,63" ten="250,263,250,237" oya="1" hai0="61,83,49,132,94,48,0,100,75,12,36,10,28" hai1="65,91,134,133,42,50,43,118,20,128,113,54,5" hai2="122,130,24,66,77,25,55,18,4,6,74,96,101" hai3="58,33,15,84,45,124,99,104,67,131,129,80,19"/><U16/><E113/><V76/><F122/><W56/><G33/><T32/><D36/><U52/><E118/><V92/><F130/><W79/><G124/><T13/><D0/><U81/><E5/><V78/><F74/><W86/><G45/><T60/><D28/><U111/><E128/><N who="3" m="49226" /><G84/><T53/><D32/><U88/><E65/><V44/><F66/><W40/><G40/><N who="1" m="15402" /><E54/><V109/><F109/><W116/><G67/><T108/><D108/><U21/><E21/><N who="2" m="13367" /><F25/><W3/><G3/><T46/><D75/><U17/><E111/><V41/><F41/><W22/><G116/><T69/><D69/><U62/><E62/><V126/><F126/><W38/><G38/><T125/><D61/><U57/><E81/><V11/><F11/><W120/><G120/><T59/><D83/><U29/><E29/><V93/><F92/><W135/><G135/><N who="1" m="51722" /><E17/><V98/><F96/><W30/><G30/><T82/><D132/><U105/><E105/><V71/><F71/><W7/><G7/><T97/><D125/><U8/><E8/><V70/><F70/><W87/><G87/><T2/><D2/><U110/><E110/><V26/><F26/><AGARI ba="0,0" hai="16,20,26,50,52,57,88,91" m="51722,15402" machi="26" ten="30,11600,0" yaku="20,1,54,3" doraHai="63" who="1" fromWho="2" sc="250,0,263,116,250,-116,237,0" /><INIT seed="1,1,0,0,0,71" ten="250,379,134,237" oya="1" hai0="93,54,95,13,42,45,74,21,112,102,92,78,19" hai1="32,81,119,110,29,96,84,30,68,127,135,86,51" hai2="3,130,44,14,115,99,64,25,47,65,105,108,126" hai3="111,129,35,7,82,103,113,39,76,116,56,4,77"/><U72/><E119/><V79/><F3/><W87/><G35/><T88/><D112/><U22/><E68/><V5/><F79/><W125/><G113/><T53/><D102/><U66/><E32/><V27/><F115/><W73/><G116/><T91/><D78/><U20/><E72/><V58/><F108/><W63/><G103/><T12/><D74/><U106/><E66/><V114/><F114/><W107/><G107/><T100/><D100/><U48/><E81/><V24/><F130/><W69/><G69/><T132/><D132/><U49/><E49/><V122/><F122/><W34/><G34/><T17/><D54/><U18/><E18/><V89/><F126/><W16/><G111/><T52/><D53/><U6/><E6/><V9/><F105/><W123/><G39/><T121/><D121/><U50/><E50/><V61/><REACH who="2" step="1"/><F65/><REACH who="2" ten="250,379,124,237" step="2"/><W23/><G123/><T11/><REACH who="0" step="1"/><D52/><REACH who="0" ten="240,379,124,237" step="2"/><U62/><E110/><V59/><F59/><W70/><G70/><T134/><D134/><U10/><E135/><V90/><F90/><W118/><G118/><T15/><D15/><U75/><E127/><V60/><F60/><W46/><G125/><T31/><D31/><U33/><E62/><V40/><F40/><W55/><G129/><T37/><AGARI ba="1,2" hai="11,12,13,17,19,21,37,42,45,88,91,92,93,95" machi="37" ten="30,7900,0" yaku="1,1,0,1,52,1,54,1,53,0" doraHai="71" doraHaiUra="97" who="0" fromWho="0" sc="240,102,379,-40,124,-21,237,-21" /><INIT seed="2,0,0,3,3,17" ten="342,339,103,216" oya="2" hai0="69,8,104,117,112,25,56,99,54,16,125,129,83" hai1="12,102,24,60,13,67,65,20,86,97,126,1,76" hai2="98,70,29,100,47,124,46,118,103,40,11,55,62" hai3="134,110,115,9,92,21,91,77,75,61,109,94,72"/><V57/><F118/><W79/><G61/><T0/><D112/><U14/><E1/><V19/><F124/><W5/><G9/><T53/><D69/><U73/><E73/><N who="3" m="28234" /><G5/><T26/><D83/><U127/><E76/><N who="3" m="29258" /><G21/><T38/><D54/><U133/><E86/><V45/><F70/><W82/><G115/><T93/><D53/><U128/><E133/><V63/><F63/><W35/><G35/><T119/><D8/><U22/><E128/><V71/><F71/><W90/><G82/><T111/><D25/><U41/><E41/><V95/><F29/><W105/><G105/><T59/><D26/><U37/><E37/><V3/><F3/><W32/><G32/><T42/><D38/><U48/><E48/><V78/><F78/><W2/><G2/><T113/><D42/><U121/><E24/><V107/><F107/><W18/><G18/><T33/><D104/><U7/><E7/><V49/><REACH who="2" step="1"/><F103/><REACH who="2" ten="342,339,93,216" step="2"/><W120/><G134/><T114/><D0/><U89/><E102/><V31/><F31/><W6/><G120/><T52/><D117/><U66/><E60/><V58/><F58/><W28/><G28/><T39/><D59/><U68/><E68/><V50/><F50/><W123/><G123/><T132/><D56/><U88/><E121/><V130/><F130/><W44/><G110/><T43/><D111/><U36/><E36/><V96/><F96/><W122/><G109/><T80/><D113/><U116/><E116/><V81/><F81/><W10/><G122/><T51/><D114/><U87/><E97/><V84/><F84/><W4/><G44/><RYUUKYOKU ba="0,1" sc="342,-10,339,-10,93,30,216,-10" hai2="11,19,40,45,46,47,49,55,57,62,95,98,100" /><INIT seed="2,1,1,3,5,29" ten="332,329,123,206" oya="2" hai0="124,2,88,80,101,125,106,5,28,121,131,15,69" hai1="19,18,102,58,40,0,134,45,68,95,43,32,91" hai2="114,108,96,126,56,98,67,94,86,50,8,16,107" hai3="27,82,113,30,65,62,74,12,132,105,26,6,55"/><V7/><F114/><W64/><G105/><T87/><D121/><U81/><E68/><V129/><F129/><W117/><G117/><T33/><D2/><U120/><E0/><V52/><F126/><N who="0" m="48746" /><D69/><U104/><E32/><V63/><F108/><W31/><G74/><T133/><D133/><U60/><E40/><V38/><F38/><W112/><G82/><T20/><D131/><U75/><E102/><V99/><F107/><W130/><G130/><T42/><D42/><U77/><E104/><V93/><F86/><W97/><G97/><N who="0" m="61743" /><D20/><U34/><E34/><V85/><F85/><W111/><G132/><T23/><D23/><U47/><E47/><V41/><F41/><W71/><G71/><T100/><D100/><U76/><E76/><V59/><REACH who="2" step="1"/><F16/><REACH who="2" ten="332,329,113,206" step="2"/><W54/><G111/><T44/><D87/><N who="1" m="52735" /><E134/><V122/><F122/><W128/><G128/><T10/><D5/><U9/><E120/><V83/><F83/><W46/><G6/><T127/><D80/><U73/><E73/><V115/><F115/><W92/><G92/><T48/><D127/><U25/><E18/><V89/><F89/><W119/><G113/><T116/><D116/><U37/><E19/><V123/><F123/><W109/><G112/><T135/><D135/><U57/><E37/><V14/><AGARI ba="1,2" hai="7,8,14,50,52,56,59,63,67,93,94,96,98,99" machi="14" ten="30,11700,0" yaku="1,1,0,1,8,1,54,1,53,0" doraHai="29" doraHaiUra="13" who="2" fromWho="2" sc="332,-40,329,-40,113,140,206,-40" /><INIT seed="2,2,0,0,4,45" ten="292,289,253,166" oya="2" hai0="94,92,38,27,63,4,23,13,130,93,90,47,91" hai1="102,110,3,48,101,51,77,112,75,34,61,127,84" hai2="58,116,78,100,35,1,0,123,31,5,70,30,71" hai3="86,52,73,40,67,81,28,54,109,65,44,76,64"/><V99/><F116/><W24/><G109/><T132/><D130/><U18/><E34/><V59/><F123/><W26/><G73/><T49/><D38/><U8/><E112/><V22/><F35/><W87/><G86/><T131/><D132/><U135/><E75/><V68/><F78/><W16/><G24/><T133/><D133/><U96/><E135/><V10/><F1/><W39/><REACH who="3" step="1"/><G16/><REACH who="3" ten="292,289,253,156" step="2"/><T46/><D131/><U15/><E110/><V108/><F108/><W6/><G6/><T21/><D4/><U36/><E84/><V125/><F125/><W105/><G105/><T113/><D27/><U55/><E18/><V120/><F120/><W25/><G25/><T98/><D13/><U17/><E3/><V11/><F11/><W60/><G60/><T124/><D63/><U9/><E61/><V85/><F85/><W95/><G95/><T79/><D94/><U7/><E7/><V14/><F0/><W128/><G128/><T122/><D124/><U118/><E8/><V119/><F119/><W62/><G62/><T2/><D2/><U129/><E9/><V66/><F66/><W56/><G56/><T50/><D122/><U33/><E118/><V80/><F80/><W115/><G115/><T106/><D106/><U111/><E111/><V83/><F83/><W19/><G19/><T104/><D104/><N who="1" m="63527" /><E129/><V126/><F126/><W82/><G82/><T74/><D74/><U29/><E127/><V57/><REACH who="2" step="1"/><F22/><AGARI ba="2,1" hai="22,26,28,39,40,44,52,54,64,65,67,76,81,87" machi="22" ten="40,2600,0" yaku="1,1,54,1,53,0" doraHai="45" doraHaiUra="103" who="3" fromWho="2" sc="292,0,289,0,253,-32,156,42" /><INIT seed="3,0,0,4,1,18" ten="292,289,221,198" oya="3" hai0="9,127,67,134,31,24,82,89,114,91,32,115,10" hai1="20,70,98,59,60,123,86,35,6,53,49,54,3" hai2="106,50,5,107,81,0,43,130,7,56,46,41,65" hai3="25,68,128,129,77,110,14,12,96,113,44,27,120"/><W116/><G68/><T29/><D127/><U22/><E35/><V40/><F130/><N who="3" m="50283" /><G77/><T95/><D134/><U75/><E75/><V90/><F107/><W88/><G113/><N who="0" m="43019" /><D67/><U124/><E123/><V62/><F106/><W71/><G71/><T11/><D31/><U126/><E70/><V102/><F102/><W48/><G116/><T26/><D26/><N who="3" m="9737" /><G120/><T30/><D30/><U42/><E42/><N who="2" m="24919" /><F0/><W104/><G110/><T33/><D82/><U93/><E86/><AGARI ba="0,0" hai="5,7,40,41,43,56,62,65,81,86,90" m="24919" machi="86" ten="30,1000,0" yaku="8,1" doraHai="18" who="2" fromWho="1" sc="292,0,289,-10,221,10,198,0" /><INIT seed="4,0,0,0,2,88" ten="292,279,231,198" oya="0" hai0="22,38,18,41,112,12,36,126,58,7,101,119,4" hai1="32,95,109,108,71,122,64,115,56,125,15,40,55" hai2="87,133,80,81,48,57,121,70,89,127,78,100,6" hai3="65,135,5,111,69,47,130,86,33,3,90,54,2"/><T60/><D119/><U106/><E106/><V92/><F70/><W91/><G33/><T129/><D112/><U77/><E122/><V98/><F121/><W96/><G111/><T102/><D129/><U118/><E118/><V110/><F110/><W53/><G5/><T114/><D114/><U103/><E32/><V117/><F133/><W42/><G65/><T104/><D126/><U29/><E115/><V39/><F39/><W83/><G69/><T62/><D62/><U123/><E123/><V21/><F117/><W49/><G135/><T66/><D104/><U0/><E0/><V1/><F127/><W26/><G26/><T73/><D73/><U61/><E29/><V131/><F131/><W107/><G107/><T44/><D38/><U82/><E15/><V116/><F116/><W94/><REACH who="3" step="1"/><G130/><REACH who="3" ten="292,279,231,188" step="2"/><T134/><D134/><U8/><E125/><V52/><F21/><W16/><G16/><T25/><D4/><U23/><E64/><V27/><F27/><W84/><G84/><T113/><D113/><U17/><E71/><V30/><F30/><W9/><G9/><T51/><D7/><U31/><E8/><V75/><REACH who="2" step="1"/><F6/><REACH who="2" ten="292,279,221,188" step="2"/><W67/><G67/><T76/><D25/><U50/><E31/><V35/><F35/><W132/><G132/><T45/><D66/><U20/><E109/><V63/><F63/><W68/><G68/><T59/><D60/><U72/><E108/><V128/><F128/><W19/><G19/><T105/><D18/><U97/><E17/><V99/><F99/><W24/><G24/><T14/><D22/><N who="1" m="8235" /><E61/><V46/><F46/><RYUUKYOKU ba="0,2" sc="292,-30,279,10,221,10,188,10" hai1="40,50,55,56,72,77,82,95,97,103" hai2="1,48,52,57,75,78,80,81,87,89,92,98,100" hai3="2,3,42,47,49,53,54,83,86,90,91,94,96" /><INIT seed="5,1,2,3,1,56" ten="262,289,231,198" oya="1" hai0="38,53,78,29,61,32,113,58,43,98,31,57,66" hai1="26,30,87,62,84,99,73,28,134,50,127,106,67" hai2="12,59,3,129,86,116,95,121,24,101,70,76,8" hai3="92,133,5,2,88,7,6,77,119,89,54,1,100"/><U80/><E134/><V52/><F116/><W125/><G133/><T72/><D113/><U97/><E127/><V34/><F121/><W17/><G125/><T60/><D32/><U102/><E97/><V110/><F110/><W91/><G119/><T118/><D118/><U48/><E73/><V39/><F70/><W25/><G77/><T131/><D131/><U114/><E30/><V18/><F39/><W90/><N who="3" m="22528" /><DORA hai="35" /><W124/><G124/><T109/><D109/><U19/><E19/><V120/><F120/><W47/><G47/><T83/><D38/><U112/><E48/><V14/><F129/><W23/><REACH who="3" step="1"/><G54/><REACH who="3" ten="262,289,231,188" step="2"/><T11/><D43/><U51/><E114/><V115/><F76/><W9/><G9/><T93/><D11/><U130/><E112/><V81/><F8/><W135/><G135/><T0/><D0/><U96/><E130/><V15/><F52/><W37/><G37/><T64/><D53/><U55/><E55/><V42/><F3/><W111/><G111/><T94/><D98/><AGARI ba="1,3" hai="1,2,5,6,7,17,23,25,92,98,100" m="22528" machi="98" ten="60,16000,3" yaku="1,1,52,2,54,1,53,4" doraHai="56,35" doraHaiUra="104,85" who="3" fromWho="0" sc="262,-163,289,0,231,0,188,193" /><INIT seed="6,0,0,2,3,83" ten="99,289,231,381" oya="2" hai0="79,58,69,26,20,90,52,88,78,104,113,100,135" hai1="70,74,10,87,123,76,40,24,72,75,13,107,134" hai2="118,6,110,12,45,106,47,38,73,124,23,62,29" hai3="96,129,65,41,102,60,44,3,71,30,127,19,120"/><V55/><F118/><W39/><G120/><T111/><D111/><U11/><E107/><V50/><F73/><W28/><G127/><T85/><D69/><U35/><E70/><V4/><F106/><W8/><G129/><T103/><D113/><U95/><E134/><V84/><F124/><W114/><G114/><T92/><D135/><U9/><E40/><V109/><F62/><W132/><G132/><T94/><D104/><U16/><E123/><V117/><F117/><W131/><G131/><T125/><D125/><U57/><E57/><V64/><F64/><W121/><G121/><T116/><D116/><U63/><E63/><V1/><F1/><W43/><G41/><T21/><D21/><U130/><E130/><V2/><F2/><W93/><G3/><T97/><D78/><U68/><E68/><V37/><F29/><W98/><G96/><T5/><D5/><U48/><E48/><V25/><F25/><W53/><G53/><T105/><D79/><U119/><E119/><V32/><F32/><W51/><G51/><N who="0" m="31007" /><D105/><U46/><E46/><V82/><F47/><W91/><G102/><T31/><AGARI ba="0,0" hai="20,26,31,85,88,90,92,94,97,100,103" m="31007" machi="31" ten="30,7900,0" yaku="8,1,52,1,54,2" doraHai="83" who="0" fromWho="0" sc="99,79,289,-20,231,-39,381,-20" /><INIT seed="7,0,0,3,0,107" ten="178,269,192,361" oya="3" hai0="129,47,112,110,58,134,81,87,20,42,128,120,94" hai1="8,7,28,2,53,52,67,46,103,38,35,109,12" hai2="33,13,131,64,100,80,31,36,69,89,98,6,86" hai3="133,56,37,48,117,115,43,27,93,90,106,116,99"/><W118/><G133/><T88/><D110/><U124/><E109/><V130/><F36/><W51/><G27/><T39/><D120/><U23/><E67/><V62/><F13/><W122/><G48/><T101/><D134/><U78/><E103/><V71/><F6/><W45/><G106/><T57/><D112/><U73/><E35/><V132/><F132/><W63/><G122/><T22/><D22/><U55/><E55/><V15/><F15/><W30/><G30/><T14/><D14/><U125/><E125/><V65/><F65/><W70/><G115/><T50/><D20/><U74/><E74/><V72/><F72/><W4/><G4/><T49/><D49/><U40/><E124/><V3/><F3/><W121/><G121/><T60/><D39/><U10/><E10/><V61/><F61/><W25/><G25/><T24/><D24/><U26/><E12/><V104/><F69/><W0/><G0/><T17/><D17/><U68/><E68/><V18/><F18/><W29/><G29/><T114/><D114/><U75/><E75/><V119/><F119/><W83/><G70/><T59/><D60/><U126/><E126/><V111/><F111/><W76/><G63/><T123/><D123/><U34/><E34/><V97/><F98/><W95/><G117/><T19/><D19/><U113/><E113/><V66/><F64/><W16/><G16/><T82/><D101/><U11/><E8/><V91/><F89/><W9/><G116/><T21/><D21/><U41/><E41/><V79/><F91/><W44/><G118/><T102/><D102/><RYUUKYOKU ba="0,0" sc="178,10,269,10,192,10,361,-30" hai0="42,47,50,57,58,59,81,82,87,88,94,128,129" hai1="2,7,11,23,26,28,38,40,46,52,53,73,78" hai2="31,33,62,66,71,79,80,86,97,100,104,130,131" owari="188,-31.0,279,8.0,202,-20.0,331,43.0" /></mjloggm>