<mjloggm ver="2.3"><GO type="169" lobby="0"/><UN n0="%45%6D%69%75" n1="%6F%6B%62%6F%6B%62" n2="%50%65%74%65%72%50%61%6E" n3="%E3%81%BD%E3%82%93%E5%90%89" dan="18,16,16,16" rate="2287.69,2037.64,2105.10,2092.92" sx="M,M,M,M"/><TAIKYOKU oya="0"/><INIT seed="0,0,0,5,2,75" ten="250,250,250,250" oya="0" hai0="29,131,55,73,38,0,67,91,106,14,76,85,125" hai1="98,116,4,40,17,97,1,123,22,96,6,53,107" hai2="46,81,114,7,52,45,126,61,28,78,18,102,16" hai3="70,58,74,3,63,133,51,104,122,15,71,23,100"/><T66/><D0/><U42/><E123/><V82/><F114/><W31/><G3/><T87/><D38/><U93/><E107/><V56/><F126/><W12/><G133/><T20/><D131/><U105/><E105/><V43/><F102/><W33/><G74/><T80/><D106/><U108/><E108/><V48/><F82/><W11/><G33/><T54/><D73/><U13/><E116/><V134/><F134/><W44/><G122/><T109/><D109/><U101/><E53/><N who="0" m="19977" /><D125/><U113/><E113/><V30/><F7/><N who="1" m="2601" /><E1/><V121/><F46/><W127/><G70/><T118/><D118/><U99/><AGARI ba="0,0" hai="13,17,22,40,42,93,96,97,98,99,101" m="2601" machi="99" ten="30,1100,0" yaku="8,1" doraHai="75" who="1" fromWho="1" sc="250,-5,250,11,250,-3,250,-3" /><INIT seed="1,0,0,4,5,1" ten="245,261,247,247" oya="1" hai0="58,51,22,3,10,4,17,34,108,57,71,102,73" hai1="117,90,37,65,91,131,121,14,45,129,0,125,81" hai2="32,64,75,95,98,83,8,100,19,74,128,43,96" hai3="119,118,134,99,6,15,24,18,20,48,25,133,72"/><U46/><E121/><V31/><F128/><N who="1" m="49225" /><E117/><N who="3" m="44554" /><G72/><T68/><D34/><U12/><E0/><V35/><F43/><W114/><G99/><T106/><D108/><U23/><E65/><V60/><F31/><W39/><G39/><T66/><D73/><U127/><E37/><V132/><F132/><N who="3" m="50795" /><G48/><T107/><D58/><U26/><E26/><N who="3" m="10346" /><G114/><T124/><D71/><U93/><E81/><V109/><F75/><W80/><G80/><T84/><D68/><U41/><E41/><V69/><F98/><W123/><G123/><T104/><D51/><U61/><E61/><V87/><F74/><W30/><G30/><T135/><D135/><U79/><E79/><V50/><F50/><W28/><G28/><T42/><D42/><U116/><E116/><V47/><F47/><N who="1" m="17929" /><E23/><V56/><F69/><W5/><AGARI ba="0,0" hai="5,6,15,18,20" m="10346,50795,44554" machi="5" ten="40,12000,2" yaku="12,1,20,1,34,2,52,2" doraHai="1" who="3" fromWho="3" sc="245,-30,261,-60,247,-30,247,120" /><INIT seed="2,0,0,0,4,133" ten="215,201,217,367" oya="2" hai0="1,63,67,109,59,134,94,100,38,54,132,75,93" hai1="70,19,16,24,45,128,41,122,69,114,107,66,68" hai2="135,22,33,28,17,130,23,37,87,57,31,121,60" hai3="110,50,42,30,82,96,78,43,61,29,92,15,112"/><V13/><F121/><W71/><G112/><T55/><D1/><U7/><E114/><V26/><F37/><W77/><G110/><T46/><D75/><U127/><E122/><V115/><F115/><W14/><G71/><T11/><D11/><U116/><E116/><V117/><F135/><N who="0" m="51754" /><D109/><U0/><E107/><V106/><F106/><W18/><G61/><T108/><D108/><U120/><E120/><V56/><F130/><W49/><G92/><N who="0" m="35435" /><D100/><U126/><E128/><V52/><F117/><W25/><G25/><T101/><D101/><U9/><E66/><V65/><F87/><W123/><G123/><T6/><D6/><U79/><E79/><V83/><F83/><W62/><G82/><T72/><D72/><U111/><E111/><V105/><F105/><W21/><G62/><T74/><D74/><U113/><E113/><V118/><F118/><W34/><G34/><T10/><D10/><U40/><E40/><AGARI ba="0,0" hai="38,40,46,54,55,59,63,67" m="35435,51754" machi="40" ten="30,1000,0" yaku="20,1" doraHai="133" who="0" fromWho="1" sc="215,10,201,-10,217,0,367,0" /><INIT seed="3,0,0,1,1,74" ten="225,191,217,367" oya="3" hai0="132,89,25,88,11,53,78,26,18,101,117,49,7" hai1="87,96,121,60,124,14,70,90,113,105,19,33,36" hai2="112,107,55,134,108,35,133,82,6,48,37,103,110" hai3="98,66,39,17,42,21,97,45,106,79,135,129,34"/><W2/><G34/><T80/><D117/><U16/><E121/><V27/><F37/><W120/><G120/><T22/><D132/><N who="2" m="50794" /><F112/><W84/><G135/><T109/><D101/><U56/><E113/><V75/><F6/><W43/><G2/><T1/><D26/><U93/><E36/><V50/><F35/><W118/><G43/><T51/><D51/><U104/><E33/><V115/><F27/><W15/><G118/><T20/><D20/><U94/><E70/><V128/><F115/><W46/><G46/><T86/><REACH who="0" step="1"/><D109/><REACH who="0" ten="215,191,217,367" step="2"/><U73/><E124/><V9/><F48/><W114/><G114/><T38/><D38/><U4/><E105/><V111/><F128/><W69/><G129/><T125/><D125/><U57/><E104/><V67/><F103/><W92/><G106/><T127/><D127/><U68/><E68/><V40/><F107/><W91/><G69/><T47/><AGARI ba="0,1" hai="1,7,11,18,22,25,47,49,53,78,80,86,88,89" machi="47" ten="20,8000,1" yaku="1,1,0,1,7,1,52,1,54,1,53,0" doraHai="74" doraHaiUra="65" who="0" fromWho="0" sc="215,90,191,-20,217,-20,367,-40" /><INIT seed="4,0,0,1,5,99" ten="305,171,197,327" oya="0" hai0="50,5,96,88,87,1,26,107,80,65,103,123,48" hai1="116,113,100,130,19,0,101,114,44,84,85,134,79" hai2="110,12,37,131,3,8,93,91,52,27,98,75,97" hai3="62,126,119,128,13,66,58,63,43,31,4,18,64"/><T74/><D123/><U28/><E116/><V2/><F110/><W40/><G126/><T72/><D65/><U86/><E134/><V122/><F122/><W6/><G31/><T70/><D70/><U129/><E28/><V106/><F131/><N who="1" m="50185" /><E0/><V83/><F37/><W125/><G125/><T69/><D69/><U46/><E19/><V36/><F36/><W10/><G119/><T47/><D26/><U109/><E79/><V104/><F27/><W118/><G118/><T127/><D127/><U124/><E124/><V54/><F3/><W14/><G128/><T21/><D21/><U7/><E7/><V17/><F2/><W16/><G58/><T111/><D111/><U25/><E25/><V92/><F75/><W49/><G49/><T90/><D50/><U51/><E109/><V115/><F83/><W94/><G94/><T105/><D105/><U102/><E51/><V68/><F68/><W73/><G73/><T38/><D38/><U32/><E32/><V45/><F115/><AGARI ba="0,0" hai="44,46,84,85,86,100,101,102,113,114,115" m="50185" machi="115" ten="40,16000,3" yaku="28,2,15,1,11,1,19,1,52,3" doraHai="99" who="1" fromWho="2" sc="305,0,171,160,197,-160,327,0" /><INIT seed="5,0,0,3,0,119" ten="305,331,37,327" oya="1" hai0="101,86,12,96,40,23,118,42,68,105,94,77,15" hai1="111,31,83,71,34,125,45,66,19,90,55,126,14" hai2="76,129,10,54,134,113,37,78,24,57,117,44,135" hai3="99,127,128,80,95,47,108,5,132,21,102,72,32"/><U112/><E112/><V87/><F117/><W4/><G32/><T103/><D68/><U41/><E111/><V59/><F129/><W123/><G123/><T52/><D118/><U115/><E115/><V75/><F113/><W1/><G108/><T70/><D70/><U88/><E55/><V67/><F75/><W120/><G120/><T58/><D103/><U93/><E34/><V110/><F110/><W11/><G127/><N who="1" m="48650" /><E31/><V7/><F24/><W81/><G128/><T48/><D105/><U69/><E83/><V25/><F25/><W28/><G132/><T53/><D53/><U63/><E93/><V98/><F98/><W26/><G72/><T121/><D121/><U85/><E85/><V17/><F17/><W20/><G5/><T131/><D131/><U39/><E71/><V91/><F67/><W6/><G21/><AGARI ba="0,0" hai="14,19,21,39,41,45,63,66,69,88,90" m="48650" machi="21" ten="30,2900,0" yaku="18,1,54,1" doraHai="119" who="1" fromWho="3" sc="305,0,331,29,37,0,327,-29" /><INIT seed="5,1,0,0,0,91" ten="305,360,37,298" oya="1" hai0="39,66,22,107,44,65,106,63,76,105,17,13,100" hai1="82,75,86,127,28,69,118,37,48,96,72,129,98" hai2="117,88,103,135,47,94,109,51,56,115,74,102,111" hai3="6,16,57,11,62,21,60,80,12,42,50,120,71"/><U10/><E37/><V49/><F117/><W83/><G120/><T45/><D65/><U33/><E118/><V54/><F74/><W20/><G20/><T27/><D76/><U122/><E122/><V97/><F135/><W116/><G116/><T78/><D78/><U2/><E69/><V134/><F134/><W15/><G71/><T1/><D1/><U0/><E0/><V85/><F115/><W99/><G99/><T55/><D100/><U130/><E28/><V52/><REACH who="2" step="1"/><F103/><REACH who="2" ten="305,360,27,298" step="2"/><W126/><G126/><T8/><D39/><U3/><E127/><V101/><F101/><W121/><G121/><T132/><D132/><U92/><E75/><V61/><F61/><W131/><G131/><T114/><D114/><U108/><E72/><V79/><F79/><W9/><G60/><T70/><REACH who="0" step="1"/><D55/><REACH who="0" ten="295,360,27,298" step="2"/><U77/><E130/><V24/><F24/><W123/><G123/><T95/><D95/><AGARI ba="1,2" hai="47,49,51,52,54,56,85,88,94,95,97,102,109,111" machi="95" ten="30,12000,2" yaku="1,1,7,1,52,2,54,2,53,0" doraHai="91" doraHaiUra="110" who="2" fromWho="0" sc="295,-123,360,0,27,143,298,0" /><INIT seed="6,0,0,2,2,128" ten="172,360,170,298" oya="2" hai0="42,88,33,35,52,107,17,14,12,120,84,2,110" hai1="75,4,130,44,79,76,96,22,114,101,31,21,28" hai2="124,126,90,73,105,13,86,24,66,104,8,131,10" hai3="94,48,127,29,95,132,54,60,39,62,67,63,64"/><V25/><F73/><W125/><G29/><T69/><D2/><U32/><E130/><V70/><F131/><W37/><G95/><T43/><D69/><U135/><E4/><V115/><F115/><W47/><G94/><T92/><D110/><U3/><E3/><V109/><F109/><W18/><G18/><T61/><D107/><N who="2" m="41034" /><F66/><N who="3" m="25131" /><G132/><T106/><D106/><U26/><E135/><V19/><F70/><W51/><G51/><T20/><D120/><U55/><E101/><V80/><F8/><W38/><AGARI ba="0,0" hai="37,38,39,47,48,54,60,62,63,125,127" m="25131" machi="38" ten="40,2700,0" yaku="34,2" doraHai="128" who="3" fromWho="3" sc="172,-7,360,-7,170,-13,298,27" /><INIT seed="7,0,0,2,1,88" ten="165,353,157,325" oya="3" hai0="71,19,130,93,45,86,100,5,34,113,43,42,83" hai1="49,50,77,66,75,99,0,46,13,58,17,96,103" hai2="98,131,51,12,32,39,133,31,80,59,111,91,107" hai3="81,104,63,37,33,3,60,101,61,2,15,11,24"/><W84/><G37/><T10/><D34/><U4/><E0/><V26/><F39/><W18/><G104/><T92/><D71/><U65/><E4/><V129/><F111/><W68/><G68/><T6/><D130/><N who="2" m="49674" /><F133/><W67/><G67/><T47/><D113/><U94/><E77/><V79/><F12/><W20/><G101/><T126/><D126/><U106/><E75/><N who="2" m="43135" /><F107/><W69/><G33/><T9/><D19/><U29/><E29/><V70/><F70/><W21/><G69/><T72/><D72/><U16/><E17/><V115/><F115/><W117/><G117/><T73/><D73/><U108/><E108/><V48/><F59/><W125/><G125/><T85/><D83/><U56/><E56/><V76/><F76/><W110/><G110/><T14/><D100/><U52/><E99/><V118/><F118/><W54/><G54/><T62/><D14/><U7/><E7/><V74/><F74/><W116/><G116/><T35/><D35/><U97/><E97/><V8/><F8/><W112/><G112/><T41/><D41/><N who="1" m="24783" /><E106/><V28/><F28/><W44/><G44/><T64/><D64/><U95/><E65/><V102/><F102/><W105/><G105/><T109/><D109/><U87/><E66/><V55/><F55/><W1/><REACH who="3" step="1"/><G24/><REACH who="3" ten="165,353,157,315" step="2"/><T57/><D57/><U121/><E121/><V114/><F114/><W90/><AGARI ba="0,1" hai="1,2,3,11,15,18,20,21,60,61,63,81,84,90" machi="90" ten="40,7800,0" yaku="1,1,2,1,0,1,53,0" doraHai="88" doraHaiUra="27" who="3" fromWho="3" sc="165,-26,353,-26,157,-26,315,88" owari="139,-26.0,327,13.0,131,-37.0,403,50.0" /></mjloggm>