<mjloggm ver="2.3"><GO type="185"/><UN n0="%E3%81%B0%E3%81%8F%E3%81%92%E3%81%A3%E3%81%8D" n1="%E4%B8%89%E7%94%B0%E6%9D%91%E8%8C%9C" n2="%E3%81%9F%E3%82%80%E3%81%A8%E3%83%BC" n3="" dan="16,17,16,0" rate="2307,2197,2145,1500" sx="M,F,M,C"/><TAIKYOKU oya="0"/><INIT seed="0,0,0,4,0,41" ten="350,350,350,0" oya="0" hai0="47,63,40,59,51,129,103,118,36,56,98,122,87" hai1="43,86,128,46,110,119,55,79,48,101,121,70,97" hai2="34,113,2,58,69,71,75,93,50,0,84,120,68" hai3="" shuffle="mt19937ar,D169C06C,2C607332,160FA45F,78A95463,7D7B07F6,5213A76E,892C78B1,CC28771A"/><T65/><N who="0" m="31264" /><T76/><D118/><U131/><N who="1" m="31008" /><U126/><E119/><V32/><F75/><T90/><D129/><U108/><E70/><V37/><F37/><T123/><N who="0" m="31520" /><T127/><D127/><U67/><E126/><V80/><F113/><T111/><D111/><N who="1" m="42539" /><E67/><V99/><F34/><T115/><D115/><U104/><E55/><V91/><N who="2" m="30752" /><V134/><F32/><T105/><D76/><U52/><E43/><V44/><F58/><T114/><D114/><U135/><E135/><V112/><F112/><T33/><D33/><U92/><E92/><V96/><F134/><T1/><D1/><U53/><E53/><V74/><F0/><T132/><D132/><U89/><E89/><V35/><F35/><T72/><D72/><U39/><E39/><V62/><F2/><T102/><D102/><U83/><AGARI ba="0,0" hai="46,48,52,79,83,86,97,101,104,128,131" m="42539,31008" machi="83" ten="30,5900,0" yaku="14,1,52,2,54,1" doraHai="41" who="1" fromWho="1" sc="350,-39,350,59,350,-20,0,0" /><INIT seed="1,0,0,0,1,87" ten="311,409,330,0" oya="1" hai0="48,33,79,93,69,52,73,1,118,131,119,0,32" hai1="85,76,34,107,42,37,46,60,100,55,86,113,98" hai2="92,132,72,66,75,117,63,78,101,90,135,80,40" hai3="" shuffle="mt19937ar,6E0358B9,9D0C9473,03FF32EF,03AF3562,75C1CC82,DD5A5CC3,1684B839,B7DD4696"/><U133/><E34/><N who="0" m="13417" /><D69/><U95/><E113/><V96/><F40/><T83/><D93/><U126/><E133/><N who="2" m="51275" /><F117/><N who="0" m="44554" /><D131/><U36/><E36/><V44/><F44/><AGARI ba="0,0" hai="0,1,44,48,52,73,79,83" m="44554,13417" machi="44" ten="30,2000,0" yaku="12,1,54,1" doraHai="87" who="0" fromWho="2" sc="311,20,409,0,330,-20,0,0" /><INIT seed="2,0,0,1,4,60" ten="331,409,310,0" oya="2" hai0="81,53,116,56,87,105,59,54,135,132,67,50,37" hai1="119,128,112,99,44,71,89,0,43,117,42,48,34" hai2="84,98,126,77,57,64,107,123,106,73,74,75,114" hai3="" shuffle="mt19937ar,43918A23,7D89BA0A,044C1E4A,8CAE69A6,E2D6103B,551F6BC8,7CDBE25A,9AE281F8"/><V102/><N who="2" m="31520" /><V55/><F114/><T91/><D105/><U62/><E112/><V2/><F2/><T41/><D116/><U88/><E34/><V122/><N who="2" m="31264" /><V33/><F33/><T90/><D67/><U83/><E0/><V3/><F3/><T78/><D41/><U113/><E113/><V115/><F115/><T130/><D37/><U134/><E134/><V103/><F126/><T94/><D130/><U51/><E128/><V49/><F64/><T32/><D32/><U47/><E71/><V52/><F84/><T120/><N who="0" m="30752" /><T70/><D70/><U110/><E62/><V121/><N who="2" m="31008" /><V131/><F131/><T111/><D111/><U93/><E110/><V82/><F55/><T68/><D68/><U35/><E35/><V63/><F63/><T80/><D80/><U109/><E109/><V40/><F40/><T125/><D125/><U38/><E38/><V65/><F65/><T96/><REACH who="0" step="1"/><D78/><REACH who="0" step="2"/><U100/><E83/><V76/><REACH who="2" step="1"/><F76/><REACH who="2" step="2"/><T129/><D129/><U61/><E61/><AGARI ba="0,2" hai="50,53,54,56,59,61,81,87,90,91,94,96,132,135" m="30752" machi="61" ten="40,5200,0" yaku="1,1,52,1,53,1" doraHai="60" doraHaiUra="46" who="0" fromWho="1" sc="321,72,409,-52,300,0,0,0" /><INIT seed="4,0,0,2,1,50" ten="393,357,300,0" oya="0" hai0="102,40,84,122,47,0,117,66,55,90,2,37,1" hai1="98,85,72,60,44,127,121,35,82,71,34,33,107" hai2="86,3,115,75,78,114,131,129,62,94,58,42,57" hai3="" shuffle="mt19937ar,0FD745AD,E3844247,CEE52D50,602D6AA5,693A6EF4,060FE98B,28F08650,778A9F32"/><T56/><N who="0" m="31264" /><T101/><D66/><U109/><N who="1" m="31008" /><U124/><E109/><V69/><F3/><T63/><REACH who="0" step="1"/><D117/><REACH who="0" step="2"/><U48/><E33/><V133/><F114/><T112/><D112/><U134/><E34/><V45/><F115/><T79/><D79/><U135/><E35/><V43/><F78/><T68/><D68/><U36/><E71/><V38/><F69/><T49/><D49/><U105/><E48/><V111/><F38/><T132/><D132/><U91/><E36/><V110/><F133/><T116/><D116/><U126/><E135/><V67/><F67/><T93/><AGARI ba="0,1" hai="0,1,2,37,40,47,55,56,63,84,90,93,101,102" m="31264" machi="93" ten="30,7800,0" yaku="1,1,0,1,52,2,53,0" doraHai="50" doraHaiUra="106" who="0" fromWho="0" sc="383,88,357,-39,300,-39,0,0" /><INIT seed="4,1,0,0,1,71" ten="471,318,261,0" oya="0" hai0="51,98,55,118,134,131,34,38,116,125,76,73,103" hai1="107,64,132,66,48,99,67,92,111,47,105,2,133" hai2="77,60,58,75,74,114,33,129,32,39,126,53,95" hai3="" shuffle="mt19937ar,D9B95DD7,DEA01447,F3C55944,E89A5A56,BEEE2FA4,32D4F533,09268E92,A52EE227"/><T35/><D38/><U121/><N who="1" m="31008" /><U100/><E111/><V72/><F114/><T36/><D36/><U50/><E2/><V130/><F126/><T44/><D76/><U127/><E127/><V115/><F115/><T97/><D73/><U56/><E56/><V80/><F95/><T70/><D125/><U0/><E0/><V112/><F112/><T49/><D70/><U84/><E48/><V52/><F39/><T85/><D131/><N who="2" m="50186" /><F53/><T46/><D85/><AGARI ba="1,0" hai="32,33,52,58,60,72,74,75,77,80,85" m="50186" machi="85" ten="40,2600,0" yaku="19,1,54,1" doraHai="71" who="2" fromWho="0" sc="471,-28,318,0,261,28,0,0" /><INIT seed="5,0,0,4,5,96" ten="443,318,289,0" oya="1" hai0="35,2,113,77,52,120,54,105,61,93,45,78,114" hai1="65,36,85,56,108,107,1,90,99,82,102,34,39" hai2="68,121,125,122,109,33,81,41,117,44,95,64,97" hai3="" shuffle="mt19937ar,DBE774CC,19FB9AD6,F4956E0C,4C7520AE,460A9973,6D60CF41,8D681DDD,AFBFF8C7"/><U128/><E1/><V100/><F33/><T47/><N who="0" m="30752" /><T126/><D2/><U111/><E34/><V112/><F117/><T60/><D35/><U131/><E65/><V87/><F109/><N who="1" m="42057" /><E56/><V133/><N who="2" m="31008" /><V124/><N who="2" m="31264" /><V118/><F118/><T71/><D105/><U83/><E39/><V67/><F133/><T66/><D93/><U101/><E102/><V42/><F112/><N who="0" m="43114" /><D126/><N who="2" m="48746" /><F68/><T129/><D129/><N who="1" m="49739" /><E36/><V92/><F92/><AGARI ba="0,0" hai="82,83,85,90,92,99,101,107" m="49739,42057" machi="92" ten="30,12000,1" yaku="10,1,19,1,34,2,52,1" doraHai="96" who="1" fromWho="2" sc="443,0,318,120,289,-120,0,0" /><INIT seed="5,1,0,0,2,105" ten="443,438,169,0" oya="1" hai0="80,98,56,65,108,99,109,114,119,91,84,106,110" hai1="133,132,32,135,101,67,52,60,131,41,0,120,51" hai2="2,59,53,70,77,57,129,73,75,34,79,63,78" hai3="" shuffle="mt19937ar,2FE21BAA,55786231,4A676A5D,9FB5C0D0,3698911C,5C843313,0193C7B7,105BE209"/><U45/><N who="1" m="30752" /><U58/><E0/><V121/><F2/><T64/><D119/><U107/><E32/><V69/><F34/><T115/><D56/><U113/><E113/><N who="0" m="43017" /><D106/><U92/><E107/><V37/><N who="2" m="31008" /><V83/><F37/><T94/><D99/><U74/><E74/><V49/><F129/><T89/><AGARI ba="1,0" hai="64,65,80,84,89,91,94,98,108,109,110" m="43017" machi="89" ten="40,1100,0" yaku="15,1" doraHai="105" who="0" fromWho="0" sc="443,13,438,-8,169,-5,0,0" /><INIT seed="6,0,0,0,1,39" ten="456,430,164,0" oya="2" hai0="122,101,99,91,102,131,2,95,69,78,110,41,104" hai1="115,53,76,43,40,118,44,112,74,45,68,52,50" hai2="61,33,37,47,62,0,48,130,124,84,135,96,128" hai3="" shuffle="mt19937ar,0A5547B5,38B37437,677737FF,F4524562,8F7F8EF1,E1917591,EABECE40,6D468466"/><V105/><F0/><T81/><N who="0" m="31264" /><T129/><D2/><U59/><E118/><V100/><F33/><T106/><D69/><U3/><E3/><V42/><F135/><T83/><D110/><U94/><E68/><V109/><F109/><T98/><D41/><U111/><E111/><V46/><F124/><T67/><D67/><U77/><E94/><V113/><F113/><N who="1" m="43593" /><E74/><V93/><F84/><T88/><D95/><U71/><E71/><V57/><F93/><T80/><D78/><N who="1" m="30315" /><E59/><V123/><N who="2" m="31520" /><V73/><F73/><T51/><D51/><AGARI ba="0,0" hai="40,43,44,45,50,51,52,53" m="30315,43593" machi="51" ten="30,7700,0" yaku="15,1,52,2,54,1" doraHai="39" who="1" fromWho="0" sc="456,-77,430,77,164,0,0,0" owari="379,-2,507,46,164,-44,0,0" /></mjloggm>