<mjloggm ver="2.3"><GO type="185"/><UN n0="%E4%B8%89%E7%94%B0%E6%9D%91%E8%8C%9C" n1="%EF%BC%BC%28%EF%BC%BE%6F%EF%BC%BE%29%EF%BC%8F%E2%98%85" n2="%E3%81%B5%E3%81%8F%EF%BC%A3%EF%BD%88%EF%BD%81%EF%BD%8E%E2%99%AA" n3="" dan="17,17,16,0" rate="2201,2136,2192,1500" sx="F,M,F,C"/><TAIKYOKU oya="0"/><INIT seed="0,0,0,2,0,83" ten="350,350,350,0" oya="0" hai0="1,77,116,110,86,75,134,99,74,59,46,65,130" hai1="2,109,126,63,98,93,72,82,67,53,61,95,106" hai2="36,78,45,114,105,88,127,39,54,41,117,85,120" hai3="" shuffle="mt19937ar,3A5AB277,FFB89060,ED679DAE,95597D06,B8B0A823,9111F32F,94E85320,5BA9487E"/><T128/><D1/><U3/><E106/><V51/><N who="2" m="30752" /><V71/><F127/><T34/><D34/><U107/><E107/><V89/><F114/><T125/><D125/><U132/><E126/><V47/><F117/><T108/><D116/><U52/><E132/><V56/><F71/><T69/><D69/><U68/><E109/><N who="0" m="42089" /><D99/><U91/><E3/><V135/><F105/><T113/><D134/><U33/><E2/><V101/><F101/><T66/><D46/><U81/><E33/><V50/><F135/><T0/><D0/><U124/><E124/><V80/><REACH who="2" step="1"/><F36/><REACH who="2" step="2"/><T55/><D113/><U96/><E72/><N who="0" m="27689" /><D130/><U38/><E38/><V57/><F57/><T62/><D128/><U111/><E111/><V129/><F129/><T104/><D104/><U92/><E68/><V44/><F44/><T121/><N who="0" m="31008" /><T118/><D118/><U58/><E58/><V40/><AGARI ba="0,1" hai="39,40,41,45,47,50,51,54,56,78,80,85,88,89" m="30752" machi="40" ten="20,9000,2" yaku="1,1,0,1,7,1,52,2,54,1,53,0" doraHai="83" doraHaiUra="32" who="2" fromWho="2" sc="350,-60,350,-30,340,100,0,0" /><INIT seed="1,0,0,1,4,41" ten="290,320,440,0" oya="1" hai0="94,78,2,43,117,116,37,62,124,67,115,45,127" hai1="58,109,46,40,54,65,44,49,80,101,0,125,131" hai2="126,91,36,95,122,69,59,97,93,42,55,63,102" hai3="" shuffle="mt19937ar,5343B646,C4D349DF,83DD249A,53486F84,C02F3666,CF011C1D,E5432943,7D706ADD"/><U100/><E0/><V103/><N who="2" m="31264" /><V96/><F126/><N who="0" m="48170" /><D2/><U110/><E125/><V111/><F111/><N who="1" m="42505" /><E131/><V33/><F33/><T120/><N who="0" m="30752" /><T106/><D78/><U52/><E65/><V71/><REACH who="2" step="1"/><F91/><REACH who="2" step="2"/><T57/><D115/><U1/><E1/><V39/><F39/><T113/><D113/><U135/><E135/><V92/><F92/><T3/><D94/><U82/><E82/><V87/><F87/><T61/><D106/><U130/><E80/><V85/><F85/><T107/><D107/><U108/><E108/><V133/><F133/><T121/><N who="0" m="31008" /><T119/><D3/><U105/><E105/><V123/><N who="2" m="31520" /><V70/><F70/><T134/><D134/><U118/><E130/><V75/><F75/><T98/><D98/><U84/><E84/><V53/><F53/><T48/><D62/><U99/><E99/><V128/><F128/><T64/><D67/><U34/><E34/><V83/><F83/><T129/><D129/><U32/><E32/><V104/><F104/><T60/><D61/><U56/><E54/><V77/><F77/><T90/><D90/><U76/><E76/><V81/><F81/><T89/><D89/><U74/><E74/><V73/><F73/><T132/><D132/><RYUUKYOKU ba="0,1" sc="290,10,320,-20,430,10,0,0" hai0="37,43,45,48,57,60,64,116,117,119" hai2="36,42,55,59,63,69,71,93,95,96,97,102,103" /><INIT seed="2,1,1,0,2,83" ten="300,300,440,0" oya="2" hai0="94,81,102,130,53,33,126,104,61,70,85,79,84" hai1="71,36,95,69,97,60,76,128,117,41,2,67,109" hai2="39,78,133,3,96,93,62,134,32,68,87,80,132" hai3="" shuffle="mt19937ar,7F963F95,DAE9403A,BC0B23FA,409195D5,90C21A93,4690CBBF,5394E8B0,633D0D7D"/><V58/><F32/><T54/><D33/><U52/><E2/><V35/><F35/><T77/><D130/><U64/><E117/><V114/><F3/><T127/><D104/><U34/><E34/><V98/><F114/><T123/><N who="0" m="31520" /><T90/><D77/><U48/><E128/><V92/><F68/><T73/><D102/><U42/><E76/><V118/><F39/><T135/><D73/><U89/><E109/><V50/><F50/><T113/><D113/><U55/><E36/><V66/><F118/><T51/><D135/><U103/><E55/><V82/><F93/><T45/><REACH who="0" step="1"/><D53/><REACH who="0" step="2"/><U44/><E103/><V75/><F92/><T38/><D38/><U120/><N who="1" m="30752" /><U125/><E125/><V112/><REACH who="2" step="1"/><F112/><REACH who="2" step="2"/><T74/><D74/><U91/><E95/><V121/><N who="2" m="31008" /><V47/><F47/><T46/><D46/><U101/><E44/><V72/><F72/><T131/><D131/><U56/><E101/><V108/><F108/><T107/><D107/><U116/><E116/><V49/><F49/><T119/><D119/><U63/><E97/><V37/><F37/><T40/><D40/><AGARI ba="1,3" hai="40,41,42,48,52,56,60,63,64,67,69,71,89,91" m="30752" machi="40" ten="40,5200,0" yaku="9,1,52,1,54,1" doraHai="83" who="1" fromWho="0" sc="290,-54,300,84,430,0,0,0" /><INIT seed="4,0,0,2,1,42" ten="236,384,430,0" oya="0" hai0="49,100,90,65,132,44,54,87,113,123,127,72,93" hai1="86,84,97,122,91,52,112,96,75,50,78,69,117" hai2="129,101,105,110,102,98,63,34,43,62,107,33,70" hai3="" shuffle="mt19937ar,E478E5CE,1CF3FD2C,DBF63E94,AB94B29F,85E379C2,ECBC0058,BAB6B66A,4A34813A"/><T48/><N who="0" m="31520" /><T3/><D3/><U80/><N who="1" m="31264" /><U56/><E117/><V76/><F110/><T64/><D113/><U2/><E2/><V103/><F129/><T108/><D108/><U95/><E112/><V38/><F76/><T109/><D109/><U32/><E32/><V89/><F89/><T37/><D127/><U121/><N who="1" m="31008" /><U94/><E69/><V36/><F103/><AGARI ba="0,0" hai="50,52,56,75,78,80,84,86,91,94,95,96,97,103" m="31008,31264" machi="103" ten="30,7700,0" yaku="7,1,52,2,54,1" doraHai="42" who="1" fromWho="2" sc="236,0,384,77,430,-77,0,0" /><INIT seed="5,0,0,5,0,37" ten="236,461,353,0" oya="1" hai0="101,79,107,43,119,83,96,48,81,58,57,104,123" hai1="131,65,100,70,66,33,129,62,84,90,108,94,95" hai2="69,59,60,72,39,109,113,74,47,40,49,124,41" hai3="" shuffle="mt19937ar,A56FDA27,5D07D745,3C15FCFA,BD52A8A4,C44BBC38,3943DC89,898BE151,57BA47AF"/><U105/><E33/><V68/><F74/><T132/><N who="0" m="31520" /><T42/><D119/><U121/><N who="1" m="31008" /><U116/><E116/><V1/><F72/><T34/><D132/><U80/><E108/><V130/><F1/><T91/><D34/><U73/><E66/><V32/><F32/><T53/><D107/><U75/><E75/><V122/><N who="2" m="31264" /><V78/><F78/><T56/><D91/><U106/><E95/><V89/><F89/><T35/><D35/><U135/><E135/><V0/><F0/><T50/><D50/><U92/><E92/><V88/><F88/><T51/><D51/><U125/><E125/><V115/><F130/><N who="1" m="49673" /><E73/><V61/><F124/><T134/><D134/><U103/><E103/><V36/><F109/><T76/><D76/><U2/><E2/><V52/><F69/><T114/><D114/><N who="2" m="43530" /><F68/><T86/><REACH who="0" step="1"/><D83/><REACH who="0" step="2"/><U38/><E38/><N who="2" m="14379" /><F61/><T3/><D3/><U77/><E77/><V127/><F127/><T99/><D99/><AGARI ba="0,1" hai="62,65,70,80,84,90,94,99,100,105,106" m="49673,31008" machi="99" ten="30,2900,0" yaku="19,1,52,1" doraHai="37" who="1" fromWho="0" sc="226,-29,461,39,353,0,0,0" /><INIT seed="5,1,0,4,1,62" ten="197,500,353,0" oya="1" hai0="82,86,78,105,53,40,80,50,132,38,92,60,91" hai1="97,94,108,128,76,49,110,96,45,104,41,123,100" hai2="111,101,135,118,119,70,112,81,32,113,116,61,107" hai3="" shuffle="mt19937ar,C27394ED,841610E4,F7579FE5,C028A028,837EF297,BE11FBAC,0CBF3627,5FAE8900"/><U103/><N who="1" m="31520" /><U3/><E3/><V98/><F32/><T126/><D132/><U120/><N who="1" m="30752" /><U84/><E128/><V46/><F46/><T42/><D126/><U47/><E76/><V72/><F135/><T55/><D105/><U52/><REACH who="1" step="1"/><E84/><REACH who="1" step="2"/><V93/><F119/><T69/><D78/><U89/><E89/><V33/><F118/><T37/><D91/><U56/><E56/><V68/><F68/><T58/><D86/><U2/><E2/><V67/><F116/><T85/><D85/><U134/><E134/><V131/><F131/><T36/><D82/><U88/><E88/><V130/><F130/><T0/><D80/><U87/><E87/><V109/><F81/><T35/><D0/><U48/><AGARI ba="1,1" hai="41,45,47,48,49,52,94,96,97,100,103,104,108,110" m="30752,31520" machi="48" ten="30,12000,2" yaku="1,1,0,1,52,2,54,1,53,2" doraHai="62" doraHaiUra="99" who="1" fromWho="1" sc="197,-61,490,132,353,-61,0,0" /><INIT seed="5,2,0,3,1,48" ten="136,622,292,0" oya="1" hai0="79,109,125,37,126,97,95,121,135,105,60,99,114" hai1="133,118,115,57,122,34,35,80,104,3,129,102,45" hai2="70,77,103,131,132,41,44,106,93,32,92,87,130" hai3="" shuffle="mt19937ar,8692CCF2,DF82C0CE,B3FCE07C,CB206A59,E2110B08,0DE7F913,34D62533,B80083C3"/><U33/><N who="1" m="31264" /><U113/><E3/><V53/><F70/><T100/><N who="0" m="31008" /><T50/><D37/><U84/><E118/><V62/><F32/><T74/><D60/><U1/><E1/><V47/><F106/><T2/><D50/><U112/><E129/><V75/><F75/><T51/><D51/><U78/><E133/><V56/><F132/><T90/><D2/><U96/><E45/><V71/><F71/><T81/><D135/><U42/><E42/><V134/><F134/><T61/><D61/><U72/><E84/><V55/><F87/><T107/><D109/><U58/><AGARI ba="2,0" hai="33,34,35,57,58,72,78,80,96,102,104,112,113,115" m="31264" machi="58" ten="40,5200,0" yaku="0,1,15,1,52,1" doraHai="48" who="1" fromWho="1" sc="136,-28,622,56,292,-28,0,0" /><INIT seed="5,3,0,5,1,111" ten="108,678,264,0" oya="1" hai0="84,2,64,122,60,41,98,93,39,123,55,33,124" hai1="58,106,113,108,78,100,79,88,99,47,87,1,61" hai2="32,3,90,118,70,57,68,119,42,59,69,40,49" hai3="" shuffle="mt19937ar,A00AC507,B2D5033B,2CFC0197,9FE1066E,58FC599E,293D0CF0,BE606650,C05492B7"/><U67/><E1/><V50/><F90/><T128/><N who="0" m="31264" /><T89/><N who="0" m="31520" /><T43/><D2/><U114/><E108/><V117/><F32/><T103/><D33/><U105/><E105/><V131/><F131/><T81/><D128/><U102/><E102/><V65/><F3/><T34/><D124/><U91/><E91/><V62/><F59/><T86/><D34/><U130/><E130/><V126/><F126/><T76/><D39/><U125/><E125/><V48/><AGARI ba="3,0" hai="40,42,48,49,50,57,62,65,68,69,70,117,118,119" machi="48" ten="50,9000,2" yaku="0,1,29,2,34,3" doraHai="111" who="2" fromWho="2" sc="108,-33,678,-63,264,96,0,0" /><INIT seed="6,0,0,3,3,43" ten="75,615,360,0" oya="2" hai0="91,83,62,55,123,2,54,135,117,40,85,129,109" hai1="126,66,124,133,73,120,80,68,76,86,38,53,110" hai2="90,46,103,128,49,44,59,88,100,98,1,35,34" hai3="" shuffle="mt19937ar,7FE99399,63502F74,D6A93A96,E08E4E62,5FF6F6F5,5ED03A1A,A1CFC2D5,22A3CEA5"/><V32/><F1/><T71/><D40/><U106/><N who="1" m="30752" /><U115/><E110/><V112/><F128/><T37/><D54/><U104/><E115/><V93/><F112/><T65/><D62/><U81/><E38/><V111/><F111/><T87/><D55/><U96/><E133/><V48/><F59/><T119/><D65/><U75/><E75/><V41/><REACH who="2" step="1"/><F100/><REACH who="2" step="2"/><T132/><D129/><U58/><E58/><V131/><F131/><T116/><D2/><U70/><E70/><V39/><F39/><T114/><D71/><U89/><E68/><V84/><F84/><T122/><D87/><U3/><E86/><V51/><F51/><T36/><D37/><U127/><E3/><V108/><F108/><T125/><D36/><U56/><E56/><V118/><F118/><T61/><D109/><U99/><E127/><V47/><F47/><T52/><D125/><U105/><E126/><V94/><F94/><T121/><N who="0" m="31008" /><T69/><N who="0" m="31264" /><T113/><N who="0" m="31520" /><T67/><D114/><U45/><E124/><V78/><F78/><T60/><D113/><U74/><E74/><V0/><F0/><T130/><D130/><U33/><E73/><V107/><F107/><T102/><D102/><U97/><E106/><RYUUKYOKU ba="0,1" sc="75,10,615,-20,350,10,0,0" hai0="52,60,61,67,69,83,85,91,116,117,119,132,135" hai2="32,34,35,41,44,46,48,49,88,90,93,98,103" /><INIT seed="6,1,1,2,0,90" ten="85,595,360,0" oya="2" hai0="38,130,72,123,35,106,97,100,103,91,124,115,110" hai1="78,66,40,76,102,120,75,93,68,84,61,119,128" hai2="70,53,92,59,121,127,107,58,46,41,48,87,71" hai3="" shuffle="mt19937ar,3389EA53,DBEDFD19,7036B2F9,9D701E00,F01D03F1,5C21AFA6,2B3229CD,277556BA"/><V108/><N who="2" m="31008" /><V81/><F107/><T82/><N who="0" m="31520" /><T52/><D35/><U113/><N who="1" m="30752" /><U131/><E113/><V112/><F112/><T62/><D52/><U36/><E119/><V51/><F108/><T42/><D62/><U134/><E75/><V135/><F135/><T43/><D42/><U73/><E73/><V117/><F117/><T114/><D43/><U45/><E134/><V118/><F118/><T101/><D38/><U79/><E84/><V86/><F127/><T50/><D50/><U64/><E64/><V60/><F92/><T88/><D124/><U80/><E80/><V56/><F87/><T125/><D110/><U34/><E34/><V99/><F99/><T33/><D125/><U95/><E102/><V67/><REACH who="2" step="1"/><F70/><REACH who="2" step="2"/><T47/><D33/><U85/><E85/><V0/><F0/><T57/><D114/><U126/><E126/><V104/><F104/><T105/><D106/><U98/><E98/><V132/><F132/><T32/><D105/><U44/><E95/><V37/><F37/><T129/><D115/><U94/><E93/><V133/><F133/><T2/><D2/><U111/><E94/><V49/><F49/><T63/><D72/><U54/><E111/><V39/><F39/><RYUUKYOKU ba="1,2" sc="85,-20,595,10,350,10,0,0" hai1="36,40,44,45,54,61,66,68,76,78,79,128,131" hai2="41,46,48,51,53,56,58,59,60,67,71,81,86" /><INIT seed="6,2,2,4,1,109" ten="65,605,360,0" oya="2" hai0="104,56,103,91,101,57,87,79,93,111,120,48,1" hai1="121,123,110,107,2,82,108,105,97,44,74,119,40" hai2="41,47,133,64,42,85,80,76,70,3,35,90,92" hai3="" shuffle="mt19937ar,34EF2D33,31BF75AA,DBCB6698,AACDD2FB,564D3F4B,84AF5145,FE2D1434,61186FC7"/><V53/><F35/><T75/><D48/><U89/><N who="1" m="31008" /><U95/><N who="1" m="31520" /><U128/><E2/><V125/><F3/><T62/><D56/><U132/><E128/><V113/><F133/><T124/><D57/><U65/><E132/><V127/><F113/><T46/><D62/><U58/><E119/><V33/><F33/><T63/><D46/><U0/><E0/><V66/><F53/><T71/><D63/><U134/><E134/><V115/><F115/><T98/><D71/><U77/><E107/><V135/><F135/><T51/><D51/><U112/><E112/><V130/><F130/><T94/><N who="0" m="30752" /><T59/><D59/><U60/><E105/><V45/><F47/><T83/><D1/><U96/><E96/><V86/><F42/><T117/><D111/><U67/><E67/><V49/><REACH who="2" step="1"/><F66/><REACH who="2" step="2"/><T78/><D117/><U36/><AGARI ba="2,3" hai="36,40,44,58,60,65,74,77,82,89,95,97,108,110" m="31520,31008" machi="36" ten="20,3900,0" yaku="0,1,7,1,52,2" doraHai="109" who="1" fromWho="1" sc="65,-15,605,73,350,-28,0,0" owari="50,-55,678,63,322,-8,0,0" /></mjloggm>