<mjloggm ver="2.3"><GO type="185"/><UN n0="%E3%81%AA%E3%83%BC%E3%81%8B%E3%82%80" n1="%E4%BF%8A%E3%81%93%E3%82%8D" n2="%E3%81%9F%E3%82%80%E3%81%A8%E3%83%BC" n3="" dan="16,16,16,0" rate="2079,2102,2144,1500" sx="M,M,M,C"/><TAIKYOKU oya="0"/><INIT seed="0,0,0,0,2,33" ten="350,350,350,0" oya="0" hai0="65,99,129,81,112,117,1,46,120,128,133,118,89" hai1="41,59,35,111,60,58,103,98,52,84,122,126,96" hai2="50,55,72,62,127,93,109,71,57,34,79,123,108" hai3="" shuffle="mt19937ar,EAF11FFD,7E1E53B4,180785A6,AD27BDEA,F9B862CB,F8F065C7,3FB2B728,87520EA8"/><T70/><N who="0" m="30752" /><T0/><D112/><U115/><N who="1" m="31264" /><U101/><E35/><V114/><F34/><T2/><D133/><U75/><E115/><V32/><F32/><T110/><D46/><U90/><E126/><V73/><N who="2" m="31520" /><V130/><F114/><T44/><D44/><U42/><E75/><V74/><F127/><T76/><D110/><N who="2" m="42602" /><F130/><N who="0" m="50282" /><D89/><U134/><E134/><V116/><F116/><N who="0" m="44650" /><D99/><U125/><E111/><V119/><F119/><T43/><D43/><U48/><E125/><V3/><F3/><T56/><D56/><U36/><E41/><V38/><F38/><T47/><D47/><U67/><E42/><V63/><F79/><T85/><D65/><U124/><E124/><V39/><F39/><T53/><D70/><U107/><E36/><V92/><F71/><T78/><D78/><U94/><E96/><V82/><F82/><T83/><D81/><U105/><E103/><V45/><F62/><T88/><D76/><U87/><E87/><V91/><F91/><T104/><D53/><AGARI ba="0,0" hai="45,50,53,55,57,63,72,73,74,92,93" m="42602,31520" machi="53" ten="40,2600,0" yaku="14,1,52,1" doraHai="33" who="2" fromWho="0" sc="350,-26,350,0,350,26,0,0" /><INIT seed="1,0,0,0,3,84" ten="324,350,376,0" oya="1" hai0="40,120,104,113,80,83,37,95,1,66,74,114,111" hai1="117,100,72,47,2,32,43,82,69,116,78,39,96" hai2="77,91,118,97,109,45,61,90,98,89,49,126,107" hai3="" shuffle="mt19937ar,8EABF8D2,3EB20CD2,808936B2,84441C23,3AD9BE56,30749F14,2E897708,B9855470"/><U106/><E2/><V33/><F33/><T46/><N who="0" m="30752" /><T34/><D34/><U128/><E32/><V3/><F3/><T67/><D104/><U110/><E128/><V53/><F118/><T59/><D1/><U42/><E42/><V127/><F109/><T62/><D111/><U51/><E110/><V86/><F107/><T92/><D67/><U0/><E0/><V55/><F77/><T125/><D125/><N who="2" m="47626" /><F86/><T76/><REACH who="0" step="1"/><D80/><REACH who="0" step="2"/><U129/><E129/><V124/><F124/><T58/><D58/><AGARI ba="0,1" hai="45,49,53,55,58,61,89,90,91,97,98" m="47626" machi="58" ten="30,7700,0" yaku="18,1,52,3" doraHai="84" who="2" fromWho="0" sc="314,-77,350,0,376,87,0,0" /><INIT seed="2,0,0,4,3,81" ten="237,350,463,0" oya="2" hai0="40,114,49,104,96,76,54,97,0,2,122,33,80" hai1="62,46,73,130,124,112,92,107,91,135,71,39,77" hai2="52,37,127,133,100,61,67,108,68,115,83,74,43" hai3="" shuffle="mt19937ar,8F709658,E7D4E71F,8B6EB8E1,F23DE665,59687339,13DC08EF,F84A613A,10AA82E6"/><V47/><F115/><T125/><N who="0" m="31264" /><T35/><D40/><U36/><E112/><V106/><F106/><T109/><D109/><U1/><E1/><V117/><F100/><T48/><D114/><U38/><E135/><V110/><F117/><T55/><D80/><U103/><E130/><V118/><F118/><T59/><D76/><U128/><E128/><V86/><F74/><T65/><D65/><U90/><E124/><V63/><F127/><T102/><D125/><U84/><E46/><V70/><F133/><T105/><D59/><U51/><E51/><V41/><F41/><T79/><D79/><U120/><N who="1" m="30752" /><U111/><E111/><N who="2" m="42539" /><F52/><T132/><D102/><U64/><E103/><V123/><N who="2" m="31520" /><V121/><N who="2" m="31008" /><V134/><F134/><AGARI ba="0,0" hai="0,2,33,35,48,49,54,55,96,97,104,105,132,134" m="31264" machi="134" ten="25,3200,0" yaku="22,2,52,1" doraHai="81" who="0" fromWho="2" sc="237,32,350,0,463,-32,0,0" /><INIT seed="4,0,0,3,1,66" ten="269,350,431,0" oya="0" hai0="130,79,34,121,127,46,56,105,47,133,106,58,41" hai1="95,126,80,55,76,129,107,42,60,59,111,115,1" hai2="83,38,72,109,44,98,51,43,0,87,71,70,74" hai3="" shuffle="mt19937ar,3E4B15B9,5D1E0818,37AF13D0,1AB8FD41,02CEB6FE,014276A1,807C472A,5958D0EF"/><T131/><N who="0" m="31008" /><T93/><D34/><U114/><E1/><V117/><F0/><T49/><D79/><U119/><E119/><V99/><F117/><T100/><D133/><U81/><E111/><V103/><F109/><T96/><D127/><U65/><E126/><V69/><F38/><T116/><D116/><U77/><E129/><N who="0" m="49161" /><D47/><U123/><N who="1" m="31520" /><U54/><E107/><AGARI ba="0,0" hai="41,46,49,56,58,93,96,100,105,106,107" m="49161,31008" machi="107" ten="30,2900,0" yaku="19,1,52,1" doraHai="66" who="0" fromWho="1" sc="269,29,350,-29,431,0,0,0" /><INIT seed="4,1,0,2,0,59" ten="298,321,431,0" oya="0" hai0="2,101,109,119,79,44,115,99,41,35,33,113,45" hai1="32,47,97,1,68,61,93,103,39,69,104,83,73" hai2="58,124,92,89,122,65,120,85,108,123,114,37,107" hai3="" shuffle="mt19937ar,6D6B7ED2,79540E55,2E590D57,D2F9143A,54A0EBDE,C47D1B70,4E72AC48,61038F03"/><T102/><D2/><U62/><E1/><V98/><F108/><T34/><D119/><U78/><E32/><V121/><N who="2" m="30752" /><V134/><F37/><T64/><D109/><U55/><E104/><V87/><F114/><T117/><D117/><U82/><E82/><V91/><F65/><T43/><D79/><U118/><E118/><V128/><F58/><T66/><D34/><U42/><REACH who="1" step="1"/><E55/><REACH who="1" step="2"/><V129/><F107/><T60/><D99/><U106/><E106/><V125/><F98/><T53/><D53/><U48/><E48/><V100/><N who="2" m="31008" /><V116/><F116/><T3/><D3/><U86/><E86/><V77/><F92/><T56/><D56/><U49/><E49/><V135/><F77/><T112/><D113/><U54/><E54/><V80/><F80/><T50/><D50/><U131/><E131/><V70/><F70/><AGARI ba="1,1" hai="39,42,47,61,62,68,69,70,73,78,83,93,97,103" machi="70" ten="40,5200,0" yaku="1,1,52,2,53,0" doraHai="59" doraHaiUra="111" who="1" fromWho="2" sc="298,0,311,64,431,-54,0,0" /><INIT seed="5,0,0,5,0,96" ten="298,375,377,0" oya="1" hai0="112,129,92,66,98,77,102,53,1,69,114,83,116" hai1="81,94,52,82,46,70,97,37,41,58,86,63,0" hai2="134,36,105,65,117,72,101,59,118,104,80,40,89" hai3="" shuffle="mt19937ar,7FB5ECE4,D386977A,DA843413,A49B57A9,9930D046,C2A63F12,BCBE59B6,079F444C"/><U73/><E0/><V133/><F36/><T103/><D1/><U113/><E113/><N who="0" m="43625" /><D53/><U38/><E73/><V33/><F40/><T128/><D66/><U121/><N who="1" m="31008" /><U132/><E132/><N who="2" m="50795" /><F33/><T120/><N who="0" m="30752" /><T131/><D69/><U122/><N who="1" m="31264" /><U64/><E37/><V99/><F104/><T54/><D54/><U115/><E86/><V56/><F89/><T87/><D116/><N who="2" m="44650" /><F65/><T67/><D67/><U35/><E35/><V51/><F51/><T78/><D78/><AGARI ba="0,0" hai="56,59,72,78,80,99,101,105" m="44650,50795" machi="78" ten="30,2000,0" yaku="20,1,52,1" doraHai="96" who="2" fromWho="0" sc="298,-20,375,0,377,20,0,0" /><INIT seed="6,0,0,0,1,111" ten="278,375,397,0" oya="2" hai0="33,50,65,101,36,115,0,99,79,118,74,60,78" hai1="76,37,67,125,40,135,71,45,72,80,126,1,68" hai2="110,84,56,38,57,46,95,119,112,133,90,122,61" hai3="" shuffle="mt19937ar,595B2C12,D420E92E,B68BFA5E,ACFD29C2,0AC45A2F,48F91C71,024D799B,0322C4FF"/><V121/><N who="2" m="31008" /><V53/><N who="2" m="31264" /><V70/><F119/><T69/><D33/><U94/><E1/><V48/><F112/><T102/><D0/><U120/><N who="1" m="30752" /><U123/><N who="1" m="31520" /><U42/><E42/><V75/><F75/><T64/><D36/><U55/><E135/><V97/><F133/><T134/><D134/><U34/><E34/><V51/><F110/><T92/><D118/><U100/><E55/><V113/><F113/><T129/><D115/><U77/><E77/><V82/><F38/><T103/><D129/><U108/><E108/><V116/><F116/><T86/><D74/><U41/><E41/><V47/><F70/><T73/><D73/><U52/><E52/><V58/><F47/><T106/><D65/><U3/><E3/><V87/><F87/><T117/><D117/><U130/><E130/><V89/><F48/><T43/><D86/><U127/><E67/><AGARI ba="0,0" hai="46,51,53,56,57,58,61,67,82,84,89,90,95,97" m="31264,31008" machi="67" ten="30,11600,0" yaku="7,1,8,1,52,2" doraHai="111" who="2" fromWho="1" sc="278,0,375,-116,397,116,0,0" owari="278,-12,259,-34,513,46,0,0" /></mjloggm>