<mjloggm ver="2.3"><GO type="225"/><UN n0="%E5%BE%85%E3%81%A1%E3%81%A8%E3%82%89%E3%81%9A" n1="%4E%6F%2E%32" n2="%E3%83%80%E3%83%A0%E3%83%9E%E3%83%8B%E3%82%A2" n3="%E4%BA%8C%E4%B8%89%E8%B5%A4%E4%BA%94%EF%BC%94%EF%BC%96%EF%BC%98" dan="16,16,16,16" rate="2058,2114,2119,2081" sx="M,M,M,M"/><TAIKYOKU oya="0"/><INIT seed="0,0,0,1,4,58" ten="250,250,250,250" oya="0" hai0="115,1,38,125,15,117,20,123,44,50,76,62,70" hai1="95,49,14,29,82,36,11,79,75,31,88,39,24" hai2="107,85,87,73,18,6,91,92,57,35,26,2,72" hai3="121,53,67,13,52,108,27,106,4,0,98,111,112" shuffle="mt19937ar,2D12D8E1,57D4E064,7232B2C7,E885CA63,1E3AD424,35853A80,CEC23B6A,0DF03547"/><T122/><D117/><U102/><E102/><V28/><F107/><W132/><G112/><T64/><D1/><U124/><E124/><V86/><F18/><W5/><G0/><T16/><D115/><U19/><E49/><V100/><F100/><N who="3" m="62743" /><G132/><T71/><D71/><U10/><E10/><V63/><F6/><W135/><G135/><T3/><D3/><U119/><E119/><V134/><F2/><W48/><G27/><T41/><D125/><U99/><REACH who="1" step="1"/><E31/><REACH who="1" step="2"/><V65/><REACH who="2" step="1"/><F134/><REACH who="2" step="2"/><W69/><G111/><T60/><D38/><U21/><AGARI ba="0,2" hai="11,14,19,21,24,29,36,39,75,79,82,88,95,99" machi="21" ten="20,8000,1" yaku="1,1,2,1,0,1,7,1,54,1,53,0" doraHai="58" doraHaiUra="32" who="1" fromWho="1" sc="250,-40,240,100,240,-20,250,-20" /><INIT seed="1,0,0,5,4,8" ten="210,340,220,230" oya="1" hai0="44,128,109,56,2,27,76,126,119,55,70,124,59" hai1="9,38,134,78,73,63,105,41,31,12,23,36,122" hai2="13,60,16,95,81,107,127,68,4,1,21,75,57" hai3="80,113,10,37,54,93,118,53,130,24,116,48,0" shuffle="mt19937ar,78AD31C3,F829EACC,4073E35D,558C3402,7117EB1E,37D83D9B,8DFF83BB,0FAE1A39"/><U17/><E122/><V39/><F107/><W87/><G37/><T65/><D2/><U88/><E105/><V77/><F68/><W131/><G113/><T33/><D119/><N who="3" m="45609" /><G93/><T71/><D76/><U7/><E31/><V111/><F39/><W32/><G32/><T52/><D27/><U120/><E63/><V101/><F127/><N who="0" m="48682" /><D33/><U15/><E134/><V46/><F111/><W110/><G24/><T40/><D109/><U112/><E120/><V14/><F1/><W47/><G110/><T97/><D97/><U135/><E112/><V115/><F46/><W3/><G54/><N who="0" m="20523" /><D128/><N who="3" m="49193" /><G10/><T103/><D103/><U25/><E135/><V125/><F125/><W5/><G5/><T100/><D100/><U121/><E121/><V85/><F75/><W11/><G11/><T45/><D44/><U58/><E25/><N who="2" m="14503" /><F4/><W20/><G20/><T102/><D102/><U49/><E73/><V132/><F132/><W96/><G96/><T72/><D72/><U43/><E38/><V98/><F115/><W64/><G64/><AGARI ba="0,0" hai="13,14,57,60,64,77,81,85,95,98,101" m="14503" machi="64" ten="30,7700,0" yaku="8,1,52,2,54,1" doraHai="8" who="2" fromWho="3" sc="210,0,340,0,220,77,230,-77" /><INIT seed="2,0,0,5,5,32" ten="210,340,297,153" oya="2" hai0="45,54,79,113,87,13,15,27,36,28,115,128,9" hai1="53,121,62,92,31,135,17,99,33,105,23,50,43" hai2="98,114,89,129,48,22,1,21,30,96,46,68,57" hai3="42,10,106,69,40,77,97,5,75,67,18,117,80" shuffle="mt19937ar,68F5584E,BF7CCACB,339D13E1,A39D74EA,3D016C73,2A569C45,50178014,46E6F331"/><V11/><F68/><W25/><G117/><T63/><D128/><U90/><E135/><V34/><F114/><W61/><G18/><T35/><D15/><U3/><E3/><V76/><F76/><W83/><G83/><T91/><D79/><U74/><E74/><V101/><F129/><W130/><G130/><T127/><D127/><U95/><E33/><V94/><F57/><W14/><REACH who="3" step="1"/><G25/><REACH who="3" step="2"/><T37/><D115/><U66/><E121/><V116/><F116/><W134/><G134/><T71/><D27/><U24/><E17/><V59/><F30/><W118/><G118/><T110/><D28/><U64/><E31/><V44/><F34/><W72/><G72/><T78/><D35/><U39/><E24/><V100/><F22/><W133/><G133/><T4/><D113/><U51/><E23/><V65/><F21/><W19/><G19/><T86/><D78/><U124/><E124/><V47/><F11/><W8/><G8/><T29/><D9/><U58/><E105/><V102/><F1/><W12/><G12/><T56/><D13/><U0/><E0/><V103/><N who="2" m="26112" /><DORA hai="60" /><V70/><F70/><W20/><G20/><T126/><D71/><U16/><E16/><V132/><F132/><W81/><G81/><T26/><D26/><U120/><E120/><V52/><REACH who="2" step="1"/><F65/><REACH who="2" step="2"/><W38/><G38/><T73/><D37/><U49/><E39/><V84/><AGARI ba="0,2" hai="44,46,47,48,52,59,84,89,94,96,98" m="26112" machi="84" ten="50,12000,1" yaku="1,1,2,1,0,1,8,1,54,1,53,0" doraHai="32,60" doraHaiUra="107,119" who="2" fromWho="2" sc="210,-40,340,-40,287,140,143,-40" /><INIT seed="2,1,0,0,1,15" ten="170,300,427,103" oya="2" hai0="49,64,98,82,109,0,14,58,76,2,105,56,4" hai1="41,113,65,12,93,9,89,84,88,37,71,115,135" hai2="102,91,114,28,128,36,74,22,53,67,42,103,80" hai3="40,73,18,7,81,96,6,86,62,118,60,106,13" shuffle="mt19937ar,A0BBEBF7,C9E3D3AD,AE83B383,99C78C47,CE172F6D,20BFAB1E,7C5FA844,A4C58BA7"/><V46/><F114/><W79/><G118/><T95/><D105/><U29/><E135/><V47/><F128/><W131/><G131/><T52/><D109/><U43/><E29/><V51/><F67/><W107/><G107/><T123/><D123/><U20/><E71/><V68/><F68/><W112/><G112/><T116/><D116/><U30/><E65/><V35/><F35/><W44/><G73/><T8/><D64/><U63/><E63/><V100/><F74/><W99/><G6/><T39/><D39/><U83/><E37/><V101/><F80/><W94/><G7/><T77/><D77/><U33/><E33/><V97/><F91/><W48/><G106/><T127/><D127/><U38/><E38/><V16/><F28/><W25/><G25/><T10/><D10/><U72/><E115/><V75/><F75/><W108/><G108/><T117/><D58/><U23/><E72/><V66/><F66/><W134/><G134/><T17/><D4/><N who="1" m="3111" /><E113/><V119/><F119/><W61/><REACH who="3" step="1"/><G94/><REACH who="3" step="2"/><T104/><D104/><U125/><E93/><V69/><F69/><W122/><G122/><T129/><D117/><U50/><E125/><V45/><F36/><W130/><G130/><T34/><D129/><U59/><E83/><V27/><F42/><W21/><AGARI ba="1,1" hai="13,18,21,40,44,48,60,61,62,79,81,86,96,99" machi="21" ten="30,7900,0" yaku="1,1,0,1,8,1,52,1,53,0" doraHai="15" doraHaiUra="3" who="3" fromWho="3" sc="170,-21,300,-21,427,-40,93,92" /><INIT seed="3,0,0,5,4,134" ten="149,279,387,185" oya="3" hai0="65,88,125,113,119,72,121,122,101,95,44,94,51" hai1="2,128,84,104,129,40,133,127,66,63,0,20,131" hai2="26,22,132,83,111,21,114,62,79,61,13,82,60" hai3="9,96,73,110,109,38,41,45,106,75,85,120,52" shuffle="mt19937ar,2E51D05C,F96F76B4,447C7C10,766F10C9,D68D74BC,5BE1BE38,BDDDCFEE,F396CB00"/><W68/><G120/><T99/><D65/><U50/><E104/><V126/><F114/><W53/><G68/><T64/><D119/><U5/><E84/><V54/><F132/><W31/><G31/><T27/><D72/><U37/><E133/><V78/><F111/><N who="3" m="42507" /><G85/><T93/><D113/><U46/><E20/><V19/><F54/><N who="3" m="21099" /><G9/><T3/><D3/><U16/><E2/><V71/><F71/><W103/><AGARI ba="0,0" hai="38,41,45,73,75,96,103,106" m="21099,42507" machi="103" ten="30,6000,0" yaku="14,1,10,1,54,1" doraHai="134" who="3" fromWho="3" sc="149,-20,279,-20,387,-20,185,60" /><INIT seed="3,1,0,5,5,128" ten="129,259,367,245" oya="3" hai0="18,97,123,21,134,63,4,49,62,96,121,108,73" hai1="14,83,11,30,94,37,77,28,24,27,67,95,125" hai2="131,104,69,100,80,119,51,107,60,39,133,22,31" hai3="33,106,91,124,87,20,65,36,74,113,17,1,26" shuffle="mt19937ar,CCB5C4DF,3D0C8001,26B38906,3B4B42CF,AF85143E,91B987FF,0F364EB4,900ACF39"/><W12/><G113/><T32/><D73/><U71/><E37/><V54/><F39/><W109/><G74/><T53/><D32/><U64/><E125/><V88/><F119/><W122/><G122/><T85/><D108/><U130/><E130/><V58/><F131/><W34/><G36/><T84/><D4/><N who="1" m="3431" /><E71/><V57/><F69/><W72/><G72/><T45/><D123/><U0/><E0/><V56/><F104/><W47/><G106/><T118/><D121/><U19/><E77/><V112/><F100/><W135/><G1/><T15/><D118/><U29/><E83/><V13/><F107/><W70/><G124/><T59/><D134/><U23/><E27/><N who="2" m="16887" /><F133/><W42/><G135/><T127/><D127/><U117/><E117/><V93/><F80/><W76/><G109/><T101/><D62/><U38/><E38/><V89/><F112/><W41/><G76/><T81/><D101/><U52/><E52/><N who="2" m="33799" /><F13/><W79/><G79/><T61/><D61/><U10/><E10/><V116/><F116/><W2/><G2/><T82/><D82/><U90/><E95/><V110/><F110/><W5/><G70/><T98/><REACH who="0" step="1"/><D81/><REACH who="0" step="2"/><U120/><E120/><V40/><F93/><N who="3" m="54527" /><G65/><T129/><D129/><U43/><E67/><V44/><F40/><W35/><G42/><T55/><AGARI ba="1,1" hai="15,18,21,45,49,53,55,59,63,84,85,96,97,98" machi="55" ten="30,4000,0" yaku="1,1,0,1,8,1,53,0" doraHai="128" doraHaiUra="102" who="0" fromWho="0" sc="119,53,259,-11,367,-11,245,-21" owari="172,-23,248,0,356,36,224,-13" /></mjloggm>