<mjloggm ver="2.3"><GO type="225"/><UN n0="%52%65%64%4D%61%67%69%63" n1="%73%69%67%65%6E%6F%72%69" n2="%E8%80%81%E9%A6%AC" n3="%E2%98%85%E3%83%A6%E3%83%94%E3%83%86%E3%83%AB%E2%98%85" dan="16,17,16,17" rate="2017,2125,2014,2083" sx="M,M,M,M"/><TAIKYOKU oya="0"/><INIT seed="0,0,0,0,2,9" ten="250,250,250,250" oya="0" hai0="99,125,48,134,24,55,21,121,130,128,35,63,76" hai1="68,110,104,86,64,116,85,131,72,33,23,123,88" hai2="60,108,111,106,47,66,65,73,61,80,129,113,41" hai3="117,119,17,4,74,69,2,14,78,79,70,54,77" shuffle="mt19937ar,C772DF4C,B45DEA02,83FC32B0,916DB746,C77C7BBD,CE744827,980A1D64,F0116FF2"/><T90/><D121/><U84/><E123/><V135/><F106/><W56/><G74/><T103/><D35/><U62/><E116/><V120/><F120/><W32/><G32/><T82/><D134/><U83/><E33/><V27/><F113/><W105/><G105/><T96/><D90/><U49/><E110/><N who="2" m="42027" /><F135/><W5/><G2/><T126/><D63/><N who="2" m="24138" /><F27/><W16/><G54/><T46/><D21/><U122/><E122/><V100/><F100/><W114/><G56/><T75/><D24/><U19/><E131/><N who="0" m="50217" /><D103/><U132/><E104/><V3/><F3/><W58/><G58/><T29/><D29/><U95/><E132/><V89/><F129/><W133/><G133/><T1/><D1/><U98/><E49/><N who="2" m="26863" /><F89/><W52/><G114/><T42/><D42/><U51/><E51/><V92/><F92/><W127/><G117/><T22/><D22/><U67/><E72/><V8/><F8/><W93/><G119/><T38/><D38/><U97/><E67/><N who="2" m="25611" /><F73/><W71/><G93/><T59/><D59/><U94/><E83/><AGARI ba="0,0" hai="80,83" m="25611,26863,24138,42027" machi="83" ten="30,1000,0" yaku="14,1" doraHai="9" who="2" fromWho="1" sc="250,0,250,-10,250,10,250,0" /><INIT seed="1,0,0,5,4,62" ten="250,240,260,250" oya="1" hai0="63,121,78,67,3,28,97,77,26,103,65,118,4" hai1="53,37,48,33,31,111,115,20,130,22,6,132,19" hai2="42,99,14,15,44,54,64,119,114,25,96,133,13" hai3="89,11,12,8,36,109,128,38,104,10,134,39,34" shuffle="mt19937ar,5F8B91A6,35F42EDD,EE7CD26D,6D9BC0BA,93D2EE91,91686DFF,422D4379,B9861D10"/><U87/><E115/><V83/><F119/><W69/><G104/><T94/><D118/><U112/><E112/><V1/><F1/><W40/><G34/><T107/><D121/><U117/><E37/><V80/><F114/><W68/><G40/><T24/><D24/><U76/><E117/><V105/><F133/><W59/><G134/><T131/><D131/><U43/><E132/><V35/><F54/><W7/><G128/><T90/><D4/><U106/><E106/><V29/><F64/><W91/><G109/><T50/><D50/><U45/><E130/><V135/><F135/><W70/><G59/><T72/><D3/><U58/><E111/><V41/><F41/><W23/><G7/><T84/><D63/><U122/><E122/><V127/><F127/><W5/><G5/><T47/><D47/><U66/><E6/><V116/><F116/><W9/><N who="3" m="2560" /><DORA hai="92" /><W27/><G12/><T81/><D77/><U52/><E33/><AGARI ba="0,0" hai="26,28,33,65,67,72,78,81,84,90,94,97,103,107" machi="33" ten="30,12000,2" yaku="7,1,24,2,52,3" doraHai="62,92" who="0" fromWho="1" sc="250,120,240,-120,260,0,250,0" /><INIT seed="2,0,0,0,5,36" ten="370,120,260,250" oya="2" hai0="97,60,22,122,123,101,65,94,73,38,57,120,76" hai1="66,54,33,126,17,117,133,113,85,80,115,7,13" hai2="104,74,23,100,50,108,70,1,30,86,77,53,68" hai3="61,39,121,107,32,72,134,31,9,87,37,116,106" shuffle="mt19937ar,BF120B82,4B118593,39DD3A03,1E2ADB51,81BFF072,C66E57EF,F295C31B,E49DDA8D"/><V125/><F74/><W89/><G116/><T42/><D76/><U67/><E117/><V14/><F1/><W45/><G72/><T56/><D73/><U34/><E54/><V3/><F3/><W79/><G121/><T35/><D35/><U59/><E7/><V99/><F125/><W82/><G134/><T15/><D57/><U64/><E59/><V40/><F108/><W88/><G61/><T55/><D15/><U4/><E4/><V46/><F53/><W5/><G31/><T95/><D22/><U27/><E133/><V127/><F127/><W131/><G131/><T48/><D97/><U26/><E126/><V44/><F44/><W71/><G32/><T28/><D28/><U81/><E66/><V19/><REACH who="2" step="1"/><F30/><REACH who="2" step="2"/><W98/><G45/><T124/><D124/><U114/><E114/><V6/><F6/><W112/><G5/><T118/><D55/><U52/><E52/><V92/><F92/><W18/><G107/><T62/><D95/><U8/><E17/><V51/><F51/><W43/><G18/><T63/><D118/><U119/><E119/><V58/><F58/><W135/><G37/><T111/><D111/><U84/><REACH who="1" step="1"/><E13/><REACH who="1" step="2"/><V109/><F109/><W96/><G135/><T49/><D56/><U11/><AGARI ba="0,2" hai="8,11,26,27,33,34,64,67,80,81,84,85,113,115" machi="11" ten="25,8000,1" yaku="1,1,2,1,0,1,22,2,53,0" doraHai="36" doraHaiUra="69" who="1" fromWho="1" sc="370,-20,110,100,250,-40,250,-20" /><INIT seed="3,0,0,4,2,121" ten="350,210,210,230" oya="3" hai0="38,97,24,0,92,103,65,19,72,124,119,51,88" hai1="102,15,9,112,122,27,93,75,70,61,67,91,86" hai2="54,32,5,130,69,49,8,79,52,7,21,17,129" hai3="42,64,23,29,106,81,34,30,25,53,95,107,132" shuffle="mt19937ar,372F118C,8B72E78D,ED0B72A5,E7326F58,6EC37EDD,22468153,EEAF4CC8,5AD296DC"/><W78/><G132/><T100/><D38/><U6/><E112/><V18/><F32/><W131/><G131/><N who="2" m="50185" /><F69/><W99/><G42/><T48/><D72/><U116/><E122/><V35/><F35/><W50/><G64/><T101/><D0/><U62/><E75/><V55/><F79/><W63/><G63/><T47/><D124/><U31/><E116/><V109/><F109/><W90/><G30/><T74/><D74/><U98/><E62/><V134/><F134/><W73/><REACH who="3" step="1"/><G34/><REACH who="3" step="2"/><T105/><D65/><U11/><E31/><V76/><F76/><W83/><G83/><T127/><D119/><U118/><E118/><V40/><F40/><W2/><G2/><T71/><D71/><U104/><E70/><V1/><F7/><W108/><G108/><T3/><D3/><U126/><E67/><V84/><F49/><W44/><AGARI ba="0,1" hai="23,25,29,44,50,53,73,78,81,90,95,99,106,107" machi="44" ten="20,3900,0" yaku="1,1,0,1,7,1,53,0" doraHai="121" doraHaiUra="14" who="3" fromWho="3" sc="350,-13,210,-13,210,-13,220,49" /><INIT seed="3,1,0,2,4,22" ten="337,197,197,269" oya="3" hai0="100,13,92,98,63,91,69,6,127,73,66,2,87" hai1="53,128,106,41,49,115,116,65,20,27,54,103,102" hai2="7,110,19,71,129,28,17,82,47,105,35,18,57" hai3="113,33,39,89,16,59,107,26,93,94,24,112,111" shuffle="mt19937ar,93E10EA0,0A15689F,38EE7E3D,D4764180,2DF7C8F0,548C1C2A,9C2C2649,68F26C5C"/><W58/><G107/><T80/><D127/><U43/><E115/><V34/><F71/><W60/><G39/><T9/><REACH who="0" step="1"/><D73/><REACH who="0" step="2"/><U101/><E116/><V64/><F110/><W61/><G111/><T104/><D104/><U117/><E117/><V68/><F129/><W14/><G112/><T120/><D120/><U76/><E106/><V51/><F105/><W121/><G113/><T25/><D25/><N who="3" m="9833" /><G33/><T36/><D36/><U48/><E128/><V125/><F125/><W21/><G121/><T114/><D114/><U10/><E27/><V81/><F35/><W79/><G79/><T97/><D97/><U29/><E76/><V8/><F34/><W37/><G37/><T131/><D131/><U130/><E130/><V30/><F30/><W83/><G83/><N who="2" m="31753" /><F28/><W62/><G94/><T126/><D126/><U84/><E29/><V96/><F96/><AGARI ba="1,1" hai="14,16,21,58,59,60,61,62,89,93,96" m="9833" machi="96" ten="30,12000,1" yaku="8,1,52,3,54,1" doraHai="22" who="3" fromWho="2" sc="327,0,197,0,197,-123,269,133" owari="327,8,197,-15,74,-33,402,40" /></mjloggm>