<mjloggm ver="2.3"><GO type="225"/><UN n0="%72%61%72%61%70%70%65" n1="%E3%83%9C%E3%83%84" n2="%E9%95%B7%E5%B2%A1%E5%A4%A7%E6%98%8E%E7%A5%9E" n3="%E3%81%B6%E3%81%A3%E3%81%A8%E3%81%B3%E4%BE%8D" dan="16,16,16,16" rate="2051,2050,2025,2081" sx="M,M,F,M"/><TAIKYOKU oya="0"/><INIT seed="0,0,0,3,4,103" ten="250,250,250,250" oya="0" hai0="69,45,113,5,44,130,62,67,43,72,73,11,81" hai1="71,61,77,109,86,96,97,128,42,58,76,2,15" hai2="95,114,110,122,126,118,27,48,35,106,31,16,119" hai3="13,39,59,23,22,18,131,53,38,87,30,10,121" shuffle="mt19937ar,F58344CB,A3B1B765,A372B432,0F1D99B3,E00063C7,2D288A98,12B654FC,F2E92FA7"/><T101/><D113/><U63/><E2/><V93/><F114/><W6/><G131/><T0/><D130/><U47/><E128/><V132/><F122/><W134/><G134/><T4/><D101/><U90/><E109/><V115/><F115/><W55/><G121/><T40/><D5/><U51/><E71/><V111/><F132/><W33/><G33/><T91/><D91/><U108/><E63/><V112/><F112/><W127/><G127/><T85/><D45/><U107/><E108/><N who="2" m="41515" /><F126/><W64/><G64/><T1/><D1/><U26/><E26/><V17/><F48/><W41/><G41/><T94/><D94/><N who="2" m="35850" /><F106/><W36/><G39/><T100/><D100/><U9/><E107/><V125/><F125/><W70/><G70/><T133/><D133/><U32/><E32/><V124/><F124/><W37/><G37/><T120/><D120/><U28/><E96/><V98/><F98/><W25/><G38/><T99/><D99/><U75/><E97/><V117/><AGARI ba="0,0" hai="16,17,27,31,35,117,118,119" m="35850,41515" machi="117" ten="40,5200,0" yaku="12,1,14,1,54,1" doraHai="103" who="2" fromWho="2" sc="250,-26,250,-13,250,52,250,-13" /><INIT seed="1,0,0,3,1,47" ten="224,237,302,237" oya="1" hai0="1,8,86,59,96,130,36,67,16,71,133,23,68" hai1="103,44,43,14,26,107,77,91,116,64,134,50,69" hai2="15,57,90,132,11,9,42,62,38,121,61,51,72" hai3="4,75,52,33,120,6,119,113,110,87,129,106,135" shuffle="mt19937ar,C6BF14C2,C3B285B5,1AF01688,E3BD2048,C32D18AA,4CAF2171,5E91465B,57F27B87"/><U76/><E116/><V22/><F72/><W32/><RYUUKYOKU type="yao9" ba="0,0" sc="224,0,237,0,302,0,237,0" hai3="4,6,32,33,52,75,87,106,110,113,119,120,129,135" /><INIT seed="1,1,0,5,2,16" ten="224,237,302,237" oya="1" hai0="72,121,128,126,125,46,41,124,101,119,47,115,8" hai1="26,23,68,71,58,96,83,20,133,77,91,132,63" hai2="52,45,18,17,6,66,106,107,35,67,130,53,28" hai3="74,117,3,12,24,131,99,34,69,59,55,48,19" shuffle="mt19937ar,8BEE1096,460ACD4A,F4F8DF91,AEA9F09D,452FB6F3,5F212511,10233406,5C7E3FD2"/><U90/><E68/><V89/><F130/><W114/><G114/><T14/><D119/><U33/><E71/><V86/><F6/><W36/><G74/><T38/><D115/><U27/><E33/><V0/><F0/><W10/><G131/><T1/><D128/><U39/><E39/><V88/><F35/><W13/><G69/><T60/><D121/><U56/><E77/><V75/><F28/><W76/><G76/><T87/><D72/><U57/><E63/><V113/><F75/><W80/><G80/><T51/><D1/><U21/><E96/><V123/><F113/><W97/><G36/><T4/><D60/><U116/><E116/><V84/><REACH who="2" step="1"/><F45/><REACH who="2" step="2"/><W105/><G117/><T81/><D101/><U109/><E109/><V112/><F112/><W135/><G3/><T103/><D103/><U127/><E127/><V122/><AGARI ba="1,1" hai="17,18,52,53,66,67,84,86,88,89,106,107,122,123" machi="122" ten="25,12000,2" yaku="1,1,0,1,22,2,54,2,53,0" doraHai="16" doraHaiUra="22" who="2" fromWho="2" sc="224,-31,237,-61,292,133,237,-31" /><INIT seed="2,0,0,0,5,19" ten="193,176,425,206" oya="2" hai0="40,97,34,17,93,83,125,105,122,88,5,119,51" hai1="14,7,132,69,59,100,71,99,26,42,2,96,37" hai2="112,118,94,28,16,3,98,21,85,117,110,44,10" hai3="82,49,84,129,52,54,81,111,38,113,47,114,36" shuffle="mt19937ar,9151B945,4FD948CC,CEE37308,033B0D4B,5ED36B3E,9A111BDA,FFED32B6,95F20A85"/><V77/><F112/><N who="3" m="43115" /><G111/><T75/><D122/><U22/><E132/><V101/><F110/><W133/><G133/><T33/><D119/><U13/><E2/><V123/><F123/><W58/><G129/><T57/><D5/><U50/><E37/><N who="3" m="14442" /><G84/><T79/><D125/><U108/><E108/><V27/><F44/><W4/><G4/><T11/><D105/><U109/><E109/><V8/><F3/><W61/><AGARI ba="0,0" hai="47,49,52,54,58,61,81,82" m="14442,43115" machi="61" ten="30,2000,0" yaku="11,1,54,1" doraHai="19" who="3" fromWho="3" sc="193,-5,176,-5,425,-10,206,20" /><INIT seed="3,0,0,3,2,133" ten="188,171,415,226" oya="3" hai0="56,0,104,12,54,71,132,62,96,50,55,8,75" hai1="15,130,112,123,80,127,43,20,60,82,22,91,94" hai2="120,19,135,124,106,18,105,17,90,110,9,99,76" hai3="108,58,65,2,117,114,25,116,107,44,115,5,32" shuffle="mt19937ar,A0C7E390,2875F79E,C1494F82,884CA17C,6D2A1D34,13B81FF3,8125CD7A,FD87F5BD"/><W126/><G107/><T41/><D75/><U81/><E123/><V128/><F120/><W33/><G44/><T31/><D0/><U97/><E112/><N who="3" m="43050" /><G58/><T85/><D132/><U78/><E130/><V28/><F76/><W64/><G64/><T129/><D31/><U73/><E127/><V7/><F124/><W63/><G63/><T72/><D72/><U87/><E43/><V14/><F128/><W68/><G68/><T134/><D134/><U121/><E121/><V101/><F135/><W69/><G69/><T16/><D129/><U89/><E60/><V6/><F105/><W13/><G65/><T53/><D71/><U131/><E131/><V57/><F57/><W98/><G98/><T36/><D36/><U47/><E47/><V21/><F90/><W30/><G126/><T52/><D85/><U109/><E109/><V1/><F110/><W79/><G79/><T83/><D83/><U119/><E119/><N who="3" m="45642" /><G2/><T59/><D104/><U61/><E61/><V23/><F99/><W49/><G49/><N who="0" m="30735" /><D96/><U10/><REACH who="1" step="1"/><E81/><REACH who="1" step="2"/><V103/><F106/><W95/><G108/><T45/><AGARI ba="0,1" hai="8,12,16,41,45,50,53,54,55,59,62" m="30735" machi="45" ten="30,4000,0" yaku="8,1,54,2" doraHai="133" who="0" fromWho="0" sc="188,50,161,-10,415,-10,226,-20" owari="238,-1,151,-25,405,40,206,-14" /></mjloggm>