<mjloggm ver="2.3"><GO type="225"/><UN n0="%E6%A1%9C%E8%8A%B1%E9%96%83%E3%80%85" n1="%E3%82%B9%E3%83%91%E3%83%BC%E3%82%AF%E3%82%B9" n2="%E3%82%AF%E3%83%AB%E3%83%AB%E2%98%86" n3="%E8%80%81%E9%A6%AC" dan="16,16,16,16" rate="2054,2048,2041,2019" sx="M,F,F,M"/><TAIKYOKU oya="0"/><INIT seed="0,0,0,3,4,106" ten="250,250,250,250" oya="0" hai0="67,100,131,73,1,118,9,123,54,2,17,74,41" hai1="102,119,75,85,19,62,84,7,103,55,64,132,83" hai2="88,3,28,4,30,127,68,11,121,82,72,57,43" hai3="18,50,87,93,120,42,76,96,111,8,27,116,117" shuffle="mt19937ar,9D0BA2E6,79111B0B,73513DE9,3DAB65C1,C781788D,ABC5972D,A9999023,DDDC44AD"/><T94/><D123/><U46/><E119/><V21/><F68/><W89/><G120/><T110/><D118/><U24/><E132/><V113/><F121/><W39/><G39/><T13/><D67/><U122/><E122/><V129/><F113/><W31/><G111/><T34/><D34/><U15/><E7/><V44/><F127/><W32/><G42/><T47/><D110/><U126/><E126/><V29/><F129/><W135/><G135/><T5/><D131/><U112/><E24/><V45/><F57/><W97/><G50/><T26/><D54/><U59/><E112/><V40/><F21/><W48/><G48/><T90/><D100/><U81/><E46/><V133/><F133/><W77/><G97/><T10/><D26/><U6/><E6/><V107/><F107/><W108/><G108/><T35/><D35/><U61/><E75/><V33/><F33/><W0/><G77/><T70/><D70/><U115/><E115/><V86/><F45/><W104/><G0/><T98/><REACH who="0" step="1"/><D1/><REACH who="0" step="2"/><U134/><E134/><V130/><F130/><W49/><G117/><T58/><D58/><U25/><E25/><V80/><REACH who="2" step="1"/><F44/><REACH who="2" step="2"/><W16/><G116/><T91/><D91/><U79/><E64/><V56/><F56/><W71/><G71/><T65/><D65/><U36/><E59/><V124/><F124/><W125/><G125/><T95/><D95/><U20/><E102/><V109/><F109/><W105/><G32/><T53/><D53/><U66/><E103/><V38/><F38/><AGARI ba="0,2" hai="2,5,9,10,13,17,38,41,47,73,74,90,94,98" machi="38" ten="30,11600,0" yaku="1,1,7,1,52,2,53,0" doraHai="106" doraHaiUra="22" who="0" fromWho="2" sc="240,136,250,0,240,-116,250,0" /><INIT seed="0,1,0,3,3,91" ten="376,250,124,250" oya="0" hai0="56,114,68,122,127,123,30,75,7,101,25,96,26" hai1="131,103,81,119,19,47,92,63,13,5,90,99,1" hai2="112,62,65,41,87,74,135,46,133,23,79,69,50" hai3="43,9,73,106,104,59,80,76,94,48,97,93,124" shuffle="mt19937ar,8DD0CA17,EB397082,59CF8A61,37D7FD7B,36B36D92,E3B1F5BC,3DB85E1A,E3E56530"/><T52/><D114/><U102/><E119/><V72/><F112/><W53/><G124/><T37/><D68/><U24/><E131/><V14/><F14/><W77/><G77/><T100/><D75/><U132/><E132/><V17/><F17/><W108/><G108/><T15/><D37/><U110/><E110/><V20/><F20/><W54/><G43/><T85/><D127/><U57/><E24/><V78/><F23/><W89/><G9/><T51/><D85/><U3/><E47/><V83/><REACH who="2" step="1"/><F87/><REACH who="2" step="2"/><W45/><REACH who="3" step="1"/><G94/><REACH who="3" step="2"/><T71/><D122/><U0/><E92/><V32/><F32/><W28/><G28/><T31/><D31/><U115/><E115/><V40/><F40/><W117/><G117/><T44/><D30/><U88/><E0/><V18/><F18/><W10/><G10/><T29/><D29/><U118/><E1/><V126/><F126/><W116/><G116/><T120/><D123/><U86/><E3/><V12/><F12/><W64/><G64/><T60/><D15/><U111/><E118/><V55/><F55/><W125/><G125/><T38/><D120/><U2/><E2/><V61/><F61/><AGARI ba="1,2" hai="45,48,53,54,59,61,73,76,80,89,93,97,104,106" machi="61" ten="30,3900,0" yaku="1,1,7,1,52,1,53,0" doraHai="91" doraHaiUra="70" who="3" fromWho="2" sc="376,0,250,0,114,-42,240,62" /><INIT seed="1,0,0,1,4,19" ten="376,250,72,302" oya="1" hai0="15,24,2,125,45,123,82,124,106,85,93,11,94" hai1="92,117,14,9,114,10,13,119,122,99,95,41,116" hai2="88,40,60,68,107,77,29,120,5,87,121,23,36" hai3="112,28,100,126,42,21,34,66,27,105,127,57,67" shuffle="mt19937ar,840003F7,89A97143,60926FBC,7251F874,F110173B,E81EBF29,05C79E3B,4B55A68D"/><U6/><E114/><V97/><F77/><W52/><G112/><T78/><D106/><U74/><E74/><V48/><F36/><W37/><G42/><T72/><D2/><U69/><E69/><V43/><F5/><W108/><G37/><T135/><D135/><U16/><E122/><V89/><F121/><W8/><G8/><T39/><D123/><U58/><E41/><V62/><F120/><W109/><G34/><T102/><D39/><U104/><REACH who="1" step="1"/><E58/><REACH who="1" step="2"/><V55/><F43/><W50/><G126/><T25/><D72/><U32/><E32/><V20/><F40/><W130/><G127/><T63/><D124/><U65/><E65/><V84/><F68/><W64/><REACH who="3" step="1"/><G130/><REACH who="3" step="2"/><T31/><D125/><U96/><E96/><AGARI ba="0,2" hai="21,27,28,50,52,57,64,66,67,96,100,105,108,109" machi="96" ten="40,8000,1" yaku="1,1,2,1,52,1,54,1,53,0" doraHai="19" doraHaiUra="86" who="3" fromWho="1" sc="376,0,240,-80,72,0,292,100" /><INIT seed="2,0,0,1,5,1" ten="376,160,72,392" oya="2" hai0="33,32,22,98,73,114,28,75,133,31,58,2,130" hai1="95,44,13,36,81,89,19,121,60,15,134,26,108" hai2="83,20,24,8,64,91,113,29,100,127,103,67,105" hai3="41,123,96,131,10,51,7,76,119,104,27,92,14" shuffle="mt19937ar,89D16D89,7F62749A,E8DB78F9,17029543,BA2C09CD,748CF61E,C83B26C0,37AE262B"/><V11/><F113/><W101/><G123/><T86/><D114/><U112/><E121/><V5/><F127/><W43/><G119/><T62/><D2/><U71/><E112/><V118/><F118/><W48/><G76/><T80/><D130/><U42/><E134/><V16/><F29/><W49/><G131/><T53/><D133/><U61/><E81/><V74/><F11/><W84/><G27/><T115/><D115/><U23/><E108/><V39/><F39/><W12/><G12/><T79/><D98/><U82/><E82/><V87/><F74/><W109/><G109/><T68/><D68/><U45/><E45/><V99/><REACH who="2" step="1"/><F103/><REACH who="2" step="2"/><W55/><G101/><T40/><D31/><U102/><E102/><V110/><F110/><W9/><G9/><T94/><D73/><U90/><E36/><V126/><F126/><W128/><G10/><T18/><D28/><U125/><E125/><V0/><AGARI ba="0,1" hai="0,5,8,16,20,24,64,67,83,87,91,99,100,105" machi="0" ten="20,12000,1" yaku="1,1,0,1,7,1,52,1,54,1,53,0" doraHai="1" doraHaiUra="30" who="2" fromWho="2" sc="376,-40,160,-40,62,130,392,-40" /><INIT seed="2,1,0,5,2,115" ten="336,120,192,352" oya="2" hai0="2,13,68,81,122,46,14,56,64,36,127,133,30" hai1="54,93,51,33,101,83,37,5,73,128,117,123,110" hai2="8,31,50,92,75,48,95,29,9,1,78,119,32" hai3="15,121,89,87,125,131,104,41,98,60,21,135,134" shuffle="mt19937ar,0F996927,C638A098,54540994,A0F77BD8,B5E0D04D,5D01681D,4EE2AF6E,2CEE8B00"/><V100/><F75/><W112/><G121/><T124/><D122/><U67/><E123/><V11/><F78/><W120/><G120/><T109/><D2/><U55/><E37/><V7/><F1/><W80/><G112/><T47/><D68/><U114/><E114/><V25/><F7/><W63/><G41/><T18/><D109/><U40/><E33/><V52/><F31/><W26/><G15/><T132/><D30/><U38/><E38/><V72/><F72/><W107/><G125/><N who="0" m="48203" /><D81/><U70/><E5/><V58/><F100/><N who="3" m="62487" /><G107/><T27/><D27/><U85/><E73/><V96/><F96/><W19/><G131/><T20/><D14/><U4/><E4/><V6/><F6/><W17/><G17/><T126/><D126/><U118/><E110/><V45/><REACH who="2" step="1"/><F119/><REACH who="2" step="2"/><W103/><G103/><T0/><D0/><U35/><E117/><V71/><F71/><W116/><G116/><T102/><D132/><AGARI ba="1,1" hai="19,21,26,60,63,80,87,89,132,134,135" m="62487" machi="132" ten="30,1000,0" yaku="20,1" doraHai="115" who="3" fromWho="0" sc="336,-13,120,0,182,0,352,23" /><INIT seed="3,0,0,1,3,33" ten="323,120,182,375" oya="3" hai0="68,52,11,128,35,98,106,18,83,13,94,3,85" hai1="8,119,97,21,45,107,63,125,114,61,86,87,31" hai2="22,80,57,113,74,5,49,64,108,78,133,26,122" hai3="9,20,77,120,71,2,1,25,115,135,24,95,34" shuffle="mt19937ar,CF163160,398BC170,E6D96CA5,BED5A4FC,8626DB5C,BD5F5EF4,74C15F0B,2339D03B"/><W70/><G120/><T102/><D68/><U62/><E114/><V19/><F113/><W81/><G115/><T48/><D35/><U59/><E119/><V105/><F105/><W110/><G135/><T93/><D128/><U54/><E125/><V84/><F133/><W96/><G110/><T121/><D121/><U67/><E107/><V14/><F122/><W15/><G34/><T6/><D18/><U46/><E97/><V88/><F108/><W36/><G36/><T56/><REACH who="0" step="1"/><D13/><REACH who="0" step="2"/><U66/><E8/><V60/><F14/><W4/><G71/><T10/><D10/><U43/><E31/><V27/><F19/><W42/><G70/><T69/><D69/><N who="1" m="42191" /><E21/><V72/><F22/><W40/><G25/><T73/><D73/><U44/><E86/><V92/><F27/><W134/><G134/><T127/><D127/><U0/><E87/><V90/><F26/><W82/><G24/><T99/><D99/><U124/><E124/><V37/><F84/><W130/><G96/><T28/><D28/><U111/><E111/><V53/><F74/><W32/><G32/><T58/><D58/><N who="1" m="37367" /><E0/><V89/><F72/><W50/><G2/><T29/><D29/><U79/><E79/><AGARI ba="0,1" hai="3,6,11,48,52,56,79,83,85,93,94,98,102,106" machi="79" ten="30,8000,1" yaku="1,1,7,1,52,1,54,1,53,1" doraHai="33" doraHaiUra="103" who="0" fromWho="1" sc="313,90,120,-80,182,0,375,0" owari="403,40,40,-36,182,-17,375,13" /></mjloggm>