<mjloggm ver="2.3"><GO type="225"/><UN n0="%E7%90%86%E6%83%B3%E9%9B%80%E5%A3%AB" n1="%E3%81%95%E3%81%8F%E3%82%89%E3%81%93" n2="%6B%6F%67%65%70%61%6E" n3="%E2%98%85%E3%83%A6%E3%83%94%E3%83%86%E3%83%AB%E2%98%85" dan="16,17,16,17" rate="2019,2027,2061,2074" sx="M,M,M,M"/><TAIKYOKU oya="0"/><INIT seed="0,0,0,3,0,65" ten="250,250,250,250" oya="0" hai0="100,114,40,110,128,58,113,133,70,98,21,119,121" hai1="37,19,102,130,47,41,85,26,135,10,132,106,25" hai2="82,134,32,118,108,101,15,5,105,57,69,56,34" hai3="112,0,73,35,84,52,104,74,95,78,22,60,45" shuffle="mt19937ar,EE5B06E2,283B4407,C769AB2F,699ADF9F,26946964,E96EF882,11EA9131,B2791B7D"/><T129/><D40/><U66/><E130/><N who="0" m="50281" /><D21/><U111/><E111/><V83/><F108/><W93/><G104/><N who="0" m="63511" /><D110/><U28/><E85/><V7/><F101/><W131/><G112/><N who="0" m="43115" /><D119/><U117/><E117/><V1/><F105/><W75/><G131/><T12/><D12/><U68/><E106/><V86/><F15/><W2/><G35/><T94/><D121/><U53/><E102/><V16/><F118/><W30/><G22/><T27/><D27/><U123/><E123/><V120/><F120/><W80/><G30/><T99/><D58/><U43/><E43/><V6/><F1/><W62/><G0/><T55/><D55/><U18/><E53/><V11/><F34/><W115/><G2/><T51/><D51/><U72/><E25/><V31/><F32/><W39/><G115/><T89/><D70/><U64/><E72/><V4/><F69/><W20/><G20/><T44/><D44/><U91/><E26/><V49/><F31/><W77/><G52/><T54/><D54/><U124/><E28/><V107/><F49/><W24/><G24/><T63/><D63/><U61/><E64/><V92/><F57/><W126/><G60/><T81/><D81/><U38/><E38/><V8/><F56/><W33/><G62/><T13/><D13/><U90/><E10/><V103/><F5/><W9/><G9/><T46/><D46/><U96/><E96/><N who="2" m="61927" /><F11/><W127/><G33/><T42/><D42/><U97/><E68/><V116/><F116/><W125/><G45/><T122/><D122/><U109/><E47/><V79/><F4/><W76/><G39/><RYUUKYOKU ba="0,0" sc="250,15,250,-15,250,-15,250,15" hai0="89,94,99,133" hai3="73,74,75,76,77,78,80,84,93,95,125,126,127" /><INIT seed="0,1,0,2,2,92" ten="265,235,235,265" oya="0" hai0="34,35,66,24,78,85,3,91,111,123,15,58,76" hai1="72,67,133,86,29,48,124,88,117,16,114,7,75" hai2="63,87,47,68,59,4,82,119,121,103,20,83,52" hai3="95,2,26,33,40,80,32,45,105,21,55,106,130" shuffle="mt19937ar,6A6BFB47,3FA778CB,E53683F3,0A513FBA,EFFEA364,0440D05A,202B1997,C9D31358"/><T89/><D123/><U99/><E117/><V43/><F121/><W90/><G2/><T42/><D3/><U104/><E29/><V112/><F112/><W28/><G130/><T53/><D66/><U109/><E7/><V51/><F119/><W70/><G70/><T27/><D42/><U71/><E71/><V129/><F129/><W57/><G80/><T110/><D15/><U30/><E30/><V54/><F4/><W113/><G113/><T79/><D58/><U12/><E67/><V107/><F68/><W22/><G22/><T6/><D6/><U97/><E104/><V100/><F107/><W69/><G69/><T9/><D53/><U56/><E75/><V23/><F54/><W17/><G32/><N who="0" m="12331" /><D9/><U122/><E72/><V61/><F61/><W1/><G1/><T37/><D85/><U118/><E118/><V108/><F83/><W41/><G45/><T126/><D37/><U36/><E36/><V131/><F131/><W101/><G106/><T115/><D126/><U81/><E124/><V127/><F127/><W93/><G93/><T135/><D135/><U14/><E133/><V96/><F43/><W98/><G28/><T62/><D62/><U50/><E12/><V74/><F63/><W46/><G33/><T39/><D39/><U102/><E114/><V44/><F74/><W5/><G5/><T64/><D64/><U0/><E0/><V84/><F82/><W19/><G46/><T77/><N who="0" m="19456" /><DORA hai="65" /><T128/><D128/><U10/><E56/><V73/><F59/><W94/><G105/><T11/><D115/><U120/><E120/><RYUUKYOKU ba="1,0" sc="265,0,235,0,235,0,265,0" /><INIT seed="1,2,0,1,2,135" ten="265,235,235,265" oya="1" hai0="97,120,27,55,48,111,71,9,51,2,83,105,67" hai1="130,92,93,99,4,14,85,52,116,84,127,96,118" hai2="112,113,15,79,13,8,70,42,134,86,58,103,0" hai3="69,119,110,109,94,57,47,133,73,122,104,125,54" shuffle="mt19937ar,7EF64738,FE27B5D9,444AB532,170A1AE9,DDCFC8A2,F4A3539B,C80202AB,6290C500"/><U21/><E130/><V1/><F70/><W12/><G69/><T82/><D111/><N who="3" m="42505" /><G104/><T43/><D120/><U91/><E127/><V126/><F103/><W132/><G73/><T45/><D27/><U81/><E116/><V53/><F42/><W72/><G72/><T25/><D25/><U89/><E118/><V29/><F29/><W66/><G119/><T101/><D67/><U108/><E108/><V106/><F106/><W33/><G33/><T26/><D71/><U129/><E129/><V34/><F34/><W98/><G122/><T115/><D115/><U31/><E31/><V128/><F128/><W62/><G12/><T124/><D124/><U7/><E81/><N who="2" m="47423" /><F126/><W36/><G125/><T90/><D26/><U30/><E30/><V100/><F100/><N who="3" m="60503" /><G36/><T76/><D76/><U23/><E14/><V60/><F15/><W28/><G28/><T77/><D90/><U18/><E18/><N who="2" m="8487" /><F134/><N who="3" m="51819" /><G47/><T131/><D131/><U49/><E49/><V117/><F117/><W19/><G19/><T59/><D77/><U22/><E23/><V38/><F38/><W37/><G37/><T78/><D78/><U68/><E68/><V35/><F35/><W17/><G17/><T39/><D39/><U123/><E123/><V114/><AGARI ba="2,0" hai="0,1,53,58,60,112,113,114" m="8487,47423" machi="114" ten="30,1100,0" yaku="11,1" doraHai="135" who="2" fromWho="2" sc="265,-5,235,-7,235,17,265,-5" /><INIT seed="2,0,0,2,0,58" ten="260,228,252,260" oya="2" hai0="29,71,98,127,130,28,27,82,78,85,114,62,131" hai1="65,39,93,19,92,49,50,63,31,104,100,88,48" hai2="60,26,84,102,108,59,119,107,24,117,54,103,33" hai3="17,120,4,121,6,35,7,122,61,77,105,12,5" shuffle="mt19937ar,3F82EC63,8DFB7243,4D3A3F87,EB83564B,9E9EE182,909A73C7,D751CE30,22F2F4C4"/><V112/><F112/><W38/><G105/><T25/><D114/><U135/><E39/><V115/><F115/><W41/><G77/><T89/><D127/><U101/><E104/><V52/><F108/><W67/><G35/><T32/><D71/><U9/><E31/><V51/><F107/><W70/><N who="3" m="1536" /><DORA hai="57" /><W47/><REACH who="3" step="1"/><G122/><REACH who="3" step="2"/><T66/><D78/><U86/><E135/><V74/><F33/><W45/><G45/><T110/><D110/><U3/><E93/><V46/><F119/><W15/><G15/><T96/><D130/><U83/><E3/><V132/><F117/><W13/><G13/><T20/><D131/><U72/><E72/><V30/><F74/><W134/><G134/><T75/><D75/><U11/><E92/><V53/><F132/><W128/><G128/><T37/><D32/><U109/><E109/><V2/><F2/><W76/><G76/><T90/><D27/><U118/><E118/><V44/><F24/><W34/><G34/><T129/><D129/><U106/><E106/><V97/><F26/><W79/><G79/><T0/><D0/><U99/><E19/><V69/><F30/><W16/><G16/><T21/><D29/><U95/><REACH who="1" step="1"/><E101/><REACH who="1" step="2"/><V36/><F103/><W23/><AGARI ba="0,2" hai="12,17,23,38,41,47,61,67,70,120,121" m="1536" machi="23" ten="40,8000,1" yaku="1,1,0,1,52,2,53,1" doraHai="58,57" doraHaiUra="40,80" who="3" fromWho="3" sc="260,-20,218,-20,252,-40,250,100" /><INIT seed="3,0,0,1,5,41" ten="240,198,212,350" oya="3" hai0="1,124,54,38,20,58,13,50,43,127,110,35,53" hai1="98,114,122,73,94,109,39,5,4,51,123,132,49" hai2="120,31,97,116,2,12,30,46,60,52,67,9,18" hai3="100,125,129,62,71,48,44,11,106,76,25,16,104" shuffle="mt19937ar,B2C50459,E7D233EE,11AE10D2,E56D32AB,558276B2,B61E7DBD,E54809F4,8F0019A1"/><W63/><G76/><T23/><D35/><U36/><E114/><V121/><F116/><W10/><G125/><N who="0" m="48203" /><D1/><U88/><E73/><V93/><F2/><W34/><G129/><T45/><D110/><U61/><E109/><V130/><F130/><W89/><G34/><T8/><D54/><U105/><E105/><V0/><F0/><W119/><G119/><T85/><D85/><U92/><E61/><V21/><F9/><W66/><G63/><T28/><D28/><U91/><REACH who="1" step="1"/><E98/><REACH who="1" step="2"/><V40/><F121/><W113/><G113/><T99/><D99/><U59/><E59/><N who="2" m="37279" /><F120/><W111/><G106/><T75/><D75/><U126/><E126/><V17/><F40/><W90/><G104/><T80/><D58/><U86/><E86/><V33/><F33/><W107/><G62/><T68/><D68/><U131/><E131/><V102/><F18/><W7/><G71/><T112/><D112/><U101/><E101/><V22/><F22/><W81/><G16/><N who="0" m="8231" /><D20/><U32/><E32/><V117/><F117/><W133/><G100/><T27/><D23/><U96/><E96/><V19/><F19/><W82/><G107/><T3/><D43/><U115/><E115/><V70/><F70/><W78/><G111/><T15/><D27/><U37/><E37/><V135/><F135/><AGARI ba="0,1" hai="4,5,36,39,49,51,88,91,92,94,122,123,132,135" machi="135" ten="25,6400,0" yaku="1,1,22,2,54,1,53,0" doraHai="41" doraHaiUra="29" who="1" fromWho="2" sc="240,0,188,74,212,-64,350,0" owari="240,-11,262,1,148,-25,350,35" /></mjloggm>