<mjloggm ver="2.3"><GO type="185"/><UN n0="%E5%8D%81%E5%85%AD%E5%A4%9C%E2%80%A0%E5%92%B2%E5%A4%9C" n1="%E5%83%8D%E3%81%8D%E3%81%9F%E3%81%8F%E3%81%AA%E3%81%84" n2="%EF%BC%BC%28%EF%BC%BE%6F%EF%BC%BE%29%EF%BC%8F%E2%98%85" n3="" dan="16,17,17,0" rate="2199,2181,2175,1500" sx="F,M,M,C"/><TAIKYOKU oya="0"/><INIT seed="0,0,0,3,2,97" ten="350,350,350,0" oya="0" hai0="3,127,126,72,96,39,79,61,47,130,0,135,100" hai1="50,121,38,81,74,57,77,106,55,105,62,98,125" hai2="82,115,83,60,94,75,44,133,43,84,78,92,128" hai3="" shuffle="mt19937ar,4A7BE526,806EE2BF,254F40F3,4790354E,2471432C,8AB30442,1BFDE496,3F8A856C"/><T32/><D32/><U122/><N who="1" m="31008" /><U119/><N who="1" m="31264" /><U110/><E119/><V1/><F1/><T112/><D112/><U102/><E38/><V66/><F115/><T95/><D135/><U42/><E125/><V63/><F133/><T35/><D35/><U46/><REACH who="1" step="1"/><E110/><REACH who="1" step="2"/><V117/><F117/><T120/><D126/><U48/><E48/><V90/><F63/><T103/><D127/><U114/><E114/><V45/><F128/><T89/><D61/><U33/><E33/><V70/><F45/><T118/><D130/><U49/><E49/><AGARI ba="0,1" hai="43,44,49,60,66,70,75,78,82,83,84,90,92,94" machi="49" ten="30,1000,0" yaku="7,1" doraHai="97" who="2" fromWho="1" sc="350,0,340,-10,350,20,0,0" /><INIT seed="1,0,0,2,2,102" ten="350,330,370,0" oya="1" hai0="71,117,90,66,45,60,112,121,89,99,104,114,69" hai1="51,91,49,33,44,63,50,98,103,62,47,35,56" hai2="52,106,134,83,34,133,118,72,77,128,126,111,125" hai3="" shuffle="mt19937ar,CC25E2C9,30CFA26A,8BF427A3,0810B6E4,646EBA49,46F7B994,8F2D7F9E,336F8675"/><U48/><N who="1" m="12288" /><DORA hai="46" /><U67/><E91/><V1/><F52/><T43/><N who="0" m="31008" /><T124/><D117/><U92/><REACH who="1" step="1"/><E63/><REACH who="1" step="2"/><V76/><F118/><T107/><D60/><U64/><E64/><V101/><F133/><T97/><D66/><U59/><E59/><V39/><F134/><T130/><D90/><U84/><E84/><V3/><F3/><T93/><D89/><U113/><E113/><V81/><F1/><T95/><D114/><U135/><E135/><V78/><F78/><T129/><D112/><U70/><E70/><V74/><F77/><T68/><D68/><U58/><E58/><V109/><F76/><T120/><N who="0" m="30752" /><T115/><D115/><U110/><E110/><V79/><F79/><T108/><D108/><U88/><E88/><V42/><F111/><T40/><REACH who="0" step="1"/><D45/><AGARI ba="0,1" hai="33,35,44,45,47,56,62,67,92,98,103" m="12288" machi="45" ten="50,24000,3" yaku="1,1,52,4,53,3" doraHai="102,46" doraHaiUra="75,41" who="1" fromWho="0" sc="350,-240,320,250,370,0,0,0" /><INIT seed="1,1,0,2,2,40" ten="110,570,370,0" oya="1" hai0="79,62,76,82,125,113,129,58,95,119,110,70,48" hai1="98,90,109,50,42,128,38,106,44,112,127,115,77" hai2="117,92,37,1,114,91,83,2,102,97,103,66,51" hai3="" shuffle="mt19937ar,DBCFD9B4,515974DE,BF1CEA5D,114B165A,7C7F5556,57956290,CCCD4AD3,760DEB4D"/><U131/><E127/><V72/><F37/><T105/><D105/><U101/><E109/><V41/><F117/><T57/><D113/><U96/><E77/><V123/><N who="2" m="31520" /><V39/><F39/><T80/><D125/><U118/><E118/><V122/><N who="2" m="31264" /><V47/><F114/><T43/><D110/><U53/><E98/><V63/><F72/><T108/><D119/><U69/><E90/><V46/><F46/><T71/><D108/><U67/><E69/><V134/><F134/><T130/><D95/><U104/><E67/><V88/><F91/><T52/><D71/><U45/><E106/><V60/><F60/><T36/><D70/><U35/><E35/><V100/><REACH who="2" step="1"/><F83/><REACH who="2" step="2"/><T99/><D36/><U81/><E81/><V133/><F133/><T120/><D80/><U124/><E124/><V0/><F0/><T93/><D82/><U49/><E38/><V126/><F126/><T32/><D120/><U65/><E112/><V111/><F111/><T54/><D62/><U59/><E115/><V33/><F33/><T85/><D32/><U74/><E74/><V135/><F135/><T78/><D78/><U89/><E89/><V107/><F107/><T68/><D76/><U116/><E116/><V64/><F64/><RYUUKYOKU ba="1,1" sc="110,-20,570,10,360,10,0,0" hai1="42,44,45,49,50,53,59,65,96,101,104,128,131" hai2="1,2,41,47,51,63,66,88,92,97,100,102,103" /><INIT seed="1,2,1,0,1,121" ten="90,580,370,0" oya="1" hai0="76,35,117,125,42,74,118,83,62,59,65,133,77" hai1="54,37,130,88,36,94,131,101,56,84,112,72,43" hai2="51,102,63,92,134,40,106,127,73,67,126,39,61" hai3="" shuffle="mt19937ar,7B2B9765,B17FE2ED,1C36BF81,EC9221F3,6F993C2E,CF231B30,541686EB,5047616C"/><U97/><E72/><V108/><F106/><T58/><D35/><U34/><E112/><V66/><F73/><T111/><D42/><U57/><E34/><V86/><F102/><T60/><D133/><U90/><E43/><V115/><F92/><T46/><D46/><U64/><E64/><V53/><F86/><T135/><D135/><U107/><E90/><V91/><F91/><T98/><D98/><U3/><E3/><V48/><F134/><T105/><D105/><U100/><E100/><V75/><F75/><T104/><D104/><U1/><E1/><V44/><F115/><T38/><D38/><U132/><E132/><V69/><F51/><T113/><D113/><U52/><E36/><V93/><F93/><T123/><D77/><U47/><E107/><V49/><F49/><T96/><D76/><U32/><E97/><V2/><F2/><T41/><D96/><U81/><E32/><V80/><F80/><T109/><D83/><U82/><E81/><V114/><F114/><T99/><D74/><U70/><E82/><V87/><F87/><T95/><D99/><U85/><E84/><V0/><F0/><T122/><D123/><U50/><E85/><V128/><F128/><T33/><D122/><U103/><E131/><RYUUKYOKU ba="2,1" sc="90,0,580,0,370,0,0,0" /><INIT seed="2,3,1,2,5,110" ten="90,580,370,0" oya="2" hai0="79,39,132,50,3,73,69,134,126,55,36,129,109" hai1="63,51,125,119,32,43,75,117,104,34,86,49,60" hai2="102,85,124,118,103,33,95,38,61,46,0,108,57" hai3="" shuffle="mt19937ar,DDD9E67C,00517C5D,420D7A2E,25407ABC,7863546B,859BAB5F,EF29352F,0459040E"/><V44/><F33/><T120/><RYUUKYOKU type="yao9" ba="3,1" sc="90,0,580,0,370,0,0,0" hai0="3,36,39,50,55,69,73,79,109,120,126,129,132,134" /><INIT seed="2,4,1,3,1,109" ten="90,580,370,0" oya="2" hai0="48,88,68,55,113,130,89,125,62,92,52,96,74" hai1="101,1,79,83,94,43,75,111,67,134,45,105,41" hai2="80,107,47,70,133,87,85,132,71,61,122,76,104" hai3="" shuffle="mt19937ar,D725FE5C,9DDABACD,2A0EBE9E,F996C0D9,6695CF83,1A36286F,BC4BA49B,CBE0AA7D"/><V119/><N who="2" m="31264" /><V118/><F47/><T65/><D74/><U108/><E1/><V35/><F35/><T128/><D125/><U126/><E126/><V63/><F80/><T120/><N who="0" m="30752" /><T112/><D89/><U90/><E134/><V81/><F81/><T123/><N who="0" m="31520" /><T66/><D66/><U64/><E105/><V84/><REACH who="2" step="1"/><F84/><REACH who="2" step="2"/><T37/><D37/><U95/><E45/><V32/><F32/><T39/><D39/><U38/><E38/><V121/><N who="2" m="31008" /><V97/><F97/><T59/><REACH who="0" step="1"/><D55/><REACH who="0" step="2"/><U102/><E43/><V44/><F44/><T117/><D117/><U33/><E41/><V58/><F58/><T34/><D34/><U2/><E33/><V135/><F135/><T129/><AGARI ba="4,3" hai="48,52,59,62,65,68,88,92,96,112,113,128,129,130" m="31520,30752" machi="129" ten="40,12000,3" yaku="1,1,0,1,19,1,52,4,54,2,53,1" doraHai="109" doraHaiUra="54" who="0" fromWho="0" sc="80,158,580,-44,360,-84,0,0" /><INIT seed="4,0,0,3,4,111" ten="238,536,276,0" oya="0" hai0="121,61,128,79,67,98,85,125,53,116,92,131,44" hai1="118,135,68,123,74,63,81,105,35,72,87,94,134" hai2="77,95,90,47,82,57,51,99,86,76,126,117,50" hai3="" shuffle="mt19937ar,3FF59B59,4DC199B2,B8FEC114,9A8D5C7D,FB93F979,1C1054AB,916C1375,2C1DAA01"/><T120/><N who="0" m="30752" /><T66/><N who="0" m="31008" /><T133/><D116/><U132/><N who="1" m="31520" /><U113/><E113/><V45/><F117/><T70/><D133/><U60/><E118/><V112/><F126/><T114/><D125/><U65/><E105/><V88/><F112/><T36/><D114/><U93/><E35/><V89/><F57/><T46/><D67/><U59/><E94/><V109/><F77/><T102/><D53/><U1/><E93/><V64/><F64/><T110/><D110/><U62/><E1/><V124/><F109/><T127/><D127/><U37/><E37/><V130/><F124/><T52/><D36/><U107/><E107/><V49/><REACH who="2" step="1"/><F130/><REACH who="2" step="2"/><N who="0" m="49706" /><D52/><U96/><E68/><V84/><F84/><T3/><D3/><U34/><E34/><V54/><F54/><T80/><AGARI ba="0,1" hai="44,46,61,66,70,79,80,85,92,98,102" m="49706,31008,30752" machi="80" ten="30,4000,0" yaku="19,1,52,2" doraHai="111" who="0" fromWho="0" sc="238,50,536,-20,266,-20,0,0" /><INIT seed="4,1,0,3,0,124" ten="288,516,246,0" oya="0" hai0="106,2,35,88,59,117,67,48,68,64,58,82,75" hai1="91,57,107,105,122,97,130,69,1,123,94,92,39" hai2="50,111,52,128,76,45,129,61,95,40,74,32,62" hai3="" shuffle="mt19937ar,D9F12857,6149C3A0,0A327B80,4762130C,B0D652CF,766B9E48,B38EA090,DD76C2D0"/><T53/><D2/><U84/><N who="1" m="31264" /><U89/><N who="1" m="31520" /><U79/><E130/><N who="2" m="50283" /><F111/><T109/><D35/><U63/><E1/><V77/><F32/><T119/><D106/><U125/><E125/><V133/><F133/><T41/><D41/><U34/><E69/><V65/><F74/><T60/><D109/><U126/><E34/><V113/><F113/><T87/><REACH who="0" step="1"/><D75/><REACH who="0" step="2"/><U33/><E33/><V103/><F40/><T101/><D101/><U44/><E126/><V131/><F131/><T134/><D134/><U49/><E39/><V108/><F108/><T72/><D72/><U73/><E73/><V83/><F83/><T0/><D0/><U54/><E79/><N who="2" m="30283" /><F65/><AGARI ba="1,1" hai="44,49,54,57,63,65,84,89,91,92,94,97,105,107" m="31520,31264" machi="65" ten="30,3900,0" yaku="7,1,52,2" doraHai="124" who="1" fromWho="2" sc="278,0,516,51,246,-41,0,0" /><INIT seed="5,0,0,5,5,45" ten="278,567,205,0" oya="1" hai0="37,81,113,95,47,43,102,114,122,57,65,106,111" hai1="55,74,56,96,64,68,75,39,38,32,104,82,33" hai2="116,0,48,124,72,36,34,83,118,87,60,77,86" hai3="" shuffle="mt19937ar,3C8FBBAE,DBF0E85D,D9BA7A64,390931BE,0812E335,F1F88920,64BB8D2E,AD4D34F3"/><U66/><E68/><V40/><F0/><T119/><N who="0" m="31264" /><T128/><D106/><U88/><E104/><V133/><F34/><T85/><D111/><U120/><N who="1" m="30752" /><U101/><E101/><V131/><F36/><T44/><D128/><U121/><N who="1" m="31008" /><U70/><E70/><V103/><F131/><T58/><D119/><U132/><E132/><V49/><F133/><T73/><D73/><U35/><E38/><V63/><F103/><T107/><D107/><U108/><E39/><V93/><F124/><T99/><D47/><U115/><E115/><N who="0" m="44041" /><D65/><U2/><E2/><V71/><F40/><T90/><AGARI ba="0,0" hai="37,43,44,57,58,81,85,90,95,99,102" m="44041,31264" machi="90" ten="30,1500,0" yaku="15,1,52,1" doraHai="45" who="0" fromWho="0" sc="278,15,567,-10,205,-5,0,0" /><INIT seed="6,0,0,4,4,92" ten="293,557,200,0" oya="2" hai0="53,123,83,65,78,32,79,124,125,50,86,47,48" hai1="112,102,46,105,43,72,69,49,127,64,129,61,130" hai2="57,33,99,90,111,114,120,42,75,126,38,106,76" hai3="" shuffle="mt19937ar,739D7683,B5A553B0,36B24BF1,A912571F,A86A74FB,E34D4BA2,57E88ACD,810F9E4A"/><V35/><N who="2" m="30752" /><V118/><F118/><T63/><N who="0" m="31520" /><T109/><D32/><U81/><E127/><N who="0" m="48713" /><D109/><U107/><E112/><V59/><F126/><T98/><D98/><U93/><E93/><V132/><F114/><T0/><D0/><U104/><E102/><V39/><F111/><T62/><D78/><U117/><E117/><V115/><F115/><T110/><D110/><U2/><E2/><V52/><F132/><T41/><D65/><U94/><E94/><V34/><F42/><T77/><D77/><U133/><E133/><V73/><F90/><T119/><D119/><U71/><E71/><V122/><N who="2" m="31264" /><V44/><F44/><AGARI ba="0,0" hai="41,44,47,48,50,53,62,63,79,83,86" m="48713,31520" machi="44" ten="30,2000,0" yaku="18,1,52,1" doraHai="92" who="0" fromWho="2" sc="293,20,557,0,200,-20,0,0" owari="313,-9,557,51,180,-42,0,0" /></mjloggm>