<mjloggm ver="2.3"><GO type="185"/><UN n0="%E3%82%89%E3%81%B6%E3%81%A1%E3%81%A3%E3%81%8F" n1="%E2%98%85%E3%83%A6%E3%83%94%E3%83%86%E3%83%AB%E2%98%85" n2="%E4%B8%89%E7%94%B0%E6%9D%91%E8%8C%9C" n3="" dan="16,18,17,0" rate="2093,2239,2175,1500" sx="M,M,F,C"/><TAIKYOKU oya="0"/><INIT seed="0,0,0,2,5,40" ten="350,350,350,0" oya="0" hai0="3,89,60,115,130,47,58,71,93,64,99,2,76" hai1="116,92,135,110,83,134,74,72,95,98,52,87,100" hai2="61,41,84,57,125,103,107,63,81,94,32,44,104" hai3="" shuffle="mt19937ar,7CFAD991,8D793555,5E39AEE5,963BE40C,4DA21809,9745EFAC,CDAC9770,4B7B1639"/><T66/><D115/><U65/><E65/><V62/><F32/><T118/><D118/><U1/><E1/><V124/><F94/><T37/><D130/><U88/><E116/><V75/><F75/><N who="1" m="28713" /><E52/><V102/><F57/><T49/><D76/><U50/><E50/><V113/><F113/><T109/><D109/><U48/><E48/><V106/><F84/><T105/><D105/><U96/><E110/><V123/><N who="2" m="31520" /><V90/><F90/><AGARI ba="0,0" hai="83,87,88,90,92,95,96,98,100,134,135" m="28713" machi="90" ten="30,3900,0" yaku="34,2,54,1" doraHai="40" who="1" fromWho="2" sc="350,0,350,39,350,-39,0,0" /><INIT seed="1,0,0,0,1,71" ten="350,389,311,0" oya="1" hai0="74,91,64,127,125,115,121,39,75,98,95,38,37" hai1="106,122,60,109,33,70,3,102,73,104,43,59,87" hai2="62,100,112,128,57,53,45,99,51,54,116,120,49" hai3="" shuffle="mt19937ar,455508F3,D55967B6,7692DEC3,92D56F4C,8204A60E,428DDA5D,CA0E9340,A0E4877F"/><U63/><N who="1" m="31264" /><U76/><E3/><V118/><N who="2" m="30752" /><V86/><F112/><T97/><N who="0" m="31008" /><T72/><D115/><U44/><E33/><V94/><F128/><T126/><D64/><U101/><E73/><V123/><N who="2" m="31520" /><V48/><F48/><T40/><D40/><U85/><E70/><V68/><F68/><T103/><D98/><U50/><E109/><V130/><F130/><T93/><D93/><U65/><E60/><V77/><F77/><T131/><D131/><U66/><E66/><V117/><F86/><T107/><D107/><U82/><REACH who="1" step="1"/><E85/><REACH who="1" step="2"/><V108/><F108/><T78/><REACH who="0" step="1"/><D78/><REACH who="0" step="2"/><U32/><E32/><V124/><F117/><T132/><D132/><U0/><E0/><V88/><F118/><T2/><D2/><U134/><E134/><V110/><F116/><T52/><D52/><U1/><E1/><V105/><F110/><T35/><D35/><U90/><E90/><AGARI ba="0,2" hai="37,38,39,72,74,75,90,91,95,97,103,125,126,127" m="31008" machi="90" ten="60,16000,3" yaku="1,1,29,2,18,1,52,4,53,0" doraHai="71" doraHaiUra="36" who="0" fromWho="1" sc="340,180,379,-160,311,0,0,0" /><INIT seed="2,0,0,3,1,105" ten="520,219,311,0" oya="2" hai0="70,133,62,98,80,69,39,81,47,41,71,97,114" hai1="68,58,67,87,90,122,130,78,49,134,76,124,46" hai2="57,72,104,128,93,126,84,113,92,88,2,1,89" hai3="" shuffle="mt19937ar,B7B8DA81,D06BD9D7,79095BCE,4C002E56,7FF8713D,F31693EB,125E4827,500250AE"/><V48/><F113/><T60/><D114/><U3/><N who="1" m="31264" /><U50/><E3/><V74/><F104/><T110/><D133/><U121/><N who="1" m="31008" /><U112/><E134/><V125/><F128/><T52/><D110/><U79/><E130/><V36/><F36/><T53/><D81/><U64/><E112/><V73/><F57/><T85/><D62/><U120/><N who="1" m="30752" /><U99/><E124/><N who="2" m="47723" /><F48/><T38/><D38/><U119/><E119/><V101/><F101/><T131/><D131/><U132/><E132/><V65/><F65/><T107/><D107/><U75/><E75/><N who="2" m="19203" /><V94/><DORA hai="32" /><F94/><T115/><D115/><U106/><E68/><V37/><F37/><T42/><D39/><U0/><E58/><V111/><F111/><T118/><D118/><U55/><E49/><V116/><F116/><T117/><D117/><U95/><REACH who="1" step="1"/><E0/><REACH who="1" step="2"/><V63/><F63/><T82/><D60/><U91/><E91/><V40/><F40/><T66/><D71/><U34/><E34/><V56/><F56/><T100/><D70/><U108/><E108/><V86/><AGARI ba="0,1" hai="1,2,84,86,88,89,92,93" m="19203,47723" machi="86" ten="50,16000,3" yaku="18,1,52,6,54,1" doraHai="105,32" who="2" fromWho="2" sc="520,-80,209,-80,311,170,0,0" /><INIT seed="2,1,0,4,4,79" ten="440,129,481,0" oya="2" hai0="62,40,54,111,131,59,41,75,94,53,77,115,69" hai1="65,63,60,56,51,114,95,130,48,129,119,120,87" hai2="74,33,55,91,34,101,44,135,102,72,67,43,50" hai3="" shuffle="mt19937ar,E521E81E,F410FD48,DE959E26,9436C8F6,3943E0E3,0B8B48F2,5A8C767A,9FB728A2"/><V92/><F135/><T126/><D115/><U107/><N who="1" m="30752" /><U85/><E107/><V105/><F67/><T90/><D111/><U110/><E110/><V32/><F105/><T0/><D0/><U104/><E104/><V96/><REACH who="2" step="1"/><F55/><REACH who="2" step="2"/><T132/><D54/><U37/><E114/><V83/><F83/><T108/><D132/><U106/><E106/><V2/><F2/><T112/><D108/><U127/><E95/><V99/><F99/><T93/><D112/><U76/><E129/><V117/><F117/><T68/><D131/><U125/><E119/><V3/><F3/><T45/><D94/><U98/><E98/><V35/><F35/><T88/><D93/><U134/><E134/><V103/><AGARI ba="1,1" hai="32,33,34,43,44,50,72,74,91,92,96,101,102,103" machi="103" ten="40,5200,0" yaku="1,1,0,1,53,1" doraHai="79" doraHaiUra="89" who="2" fromWho="2" sc="440,-27,129,-27,471,64,0,0" /><INIT seed="2,2,0,5,0,35" ten="413,102,535,0" oya="2" hai0="131,56,113,32,84,68,36,86,72,57,38,117,50" hai1="126,94,74,85,49,75,83,3,77,112,46,66,52" hai2="93,0,71,123,65,61,88,105,104,129,33,108,59" hai3="" shuffle="mt19937ar,EF7DED37,E3313AA5,FDECC347,6BFDC528,036D88E8,71874332,2351857D,36484E32"/><V130/><N who="2" m="31520" /><V69/><F0/><T92/><D68/><U62/><E3/><V125/><F33/><T81/><D32/><U118/><E112/><V79/><F79/><T63/><D113/><U110/><E118/><V91/><F125/><T109/><D117/><U120/><N who="1" m="30752" /><U103/><E126/><V132/><F132/><T53/><D109/><U106/><E110/><V133/><F133/><T102/><D131/><N who="2" m="50186" /><F108/><T70/><D70/><N who="2" m="26634" /><F91/><T107/><D72/><U40/><E106/><V119/><F119/><T115/><D115/><U135/><E135/><V67/><F65/><T89/><D107/><U87/><E66/><V64/><F64/><T45/><D57/><U47/><E103/><V34/><F34/><T51/><D102/><U60/><E74/><V95/><F95/><T124/><D124/><U96/><E75/><V78/><F78/><T43/><D63/><U54/><E96/><AGARI ba="2,0" hai="59,61,67,88,93,96,104,105" m="26634,50186,31520" machi="96" ten="30,5800,0" yaku="19,1,52,1,54,1" doraHai="35" who="2" fromWho="1" sc="413,0,102,-62,535,62,0,0" /><INIT seed="2,3,0,3,4,119" ten="413,40,597,0" oya="2" hai0="75,118,3,40,53,105,36,87,65,103,89,57,64" hai1="73,50,98,62,113,67,63,88,85,33,114,111,77" hai2="51,81,92,76,82,95,58,80,79,32,66,93,38" hai3="" shuffle="mt19937ar,52873595,EE44A554,EF18DAC9,79F32A9E,6112303D,E4B740C7,E82BDD3A,E001BA8A"/><V2/><F32/><T37/><D118/><U127/><E33/><V35/><F35/><T128/><D3/><U100/><E111/><V1/><F38/><T55/><D75/><U121/><N who="1" m="31008" /><U74/><E127/><V101/><F101/><T117/><D117/><U90/><E50/><V116/><F116/><T107/><D128/><U124/><E124/><V72/><F82/><T110/><D110/><U133/><E133/><V46/><F58/><T44/><D37/><U43/><E43/><V56/><F56/><T91/><D55/><U60/><E67/><V125/><F66/><T78/><D78/><U86/><E77/><V130/><F130/><T131/><D91/><U99/><E63/><V108/><F125/><T45/><D45/><U49/><E49/><V70/><F70/><T69/><D131/><U41/><E41/><V122/><N who="2" m="31264" /><V52/><F108/><T47/><D47/><U54/><E54/><V68/><F68/><T132/><D69/><U115/><E115/><V94/><N who="2" m="23552" /><DORA hai="102" /><V112/><REACH who="2" step="1"/><F112/><REACH who="2" step="2"/><T61/><D65/><U34/><E34/><V123/><N who="2" m="31520" /><V96/><F96/><T126/><D64/><U120/><N who="1" m="30752" /><U109/><E109/><V48/><F48/><T84/><D126/><RYUUKYOKU ba="3,1" sc="413,-20,40,10,587,10,0,0" hai1="60,62,73,74,85,86,88,90,98,99,100,113,114" hai2="1,2,46,51,52,72,76,79,80,81" /><INIT seed="2,4,1,2,1,101" ten="393,50,597,0" oya="2" hai0="70,64,86,55,36,130,42,128,49,113,58,2,83" hai1="69,72,54,87,119,107,82,92,1,39,98,0,61" hai2="65,51,32,127,93,41,135,109,44,68,48,66,57" hai3="" shuffle="mt19937ar,D82FC423,67A7A54D,359C7EB2,1FEAC5FC,965ED1D1,23A63F1A,021F6292,BE924E81"/><V124/><F32/><T122/><N who="0" m="31264" /><T112/><D2/><U37/><E119/><V35/><F35/><T53/><D53/><U85/><E72/><V132/><F109/><T115/><D64/><N who="2" m="24682" /><F68/><T131/><D70/><U76/><E69/><V133/><F93/><T78/><D42/><U102/><E87/><V71/><F71/><T118/><D36/><U33/><E33/><V121/><N who="2" m="31008" /><V50/><F57/><T126/><D126/><AGARI ba="4,1" hai="41,44,48,50,51,124,126,127,132,133,135" m="31008,24682" machi="126" ten="40,12000,1" yaku="18,1,20,1,34,2,52,1" doraHai="101" who="2" fromWho="0" sc="393,-128,50,0,597,138,0,0" /><INIT seed="2,5,0,1,5,125" ten="265,50,735,0" oya="2" hai0="46,34,98,35,131,118,53,117,104,62,123,78,79" hai1="120,68,51,44,94,126,72,113,89,32,129,85,75" hai2="33,135,49,55,80,86,88,69,61,56,82,63,122" hai3="" shuffle="mt19937ar,7F6F72D3,D58160DF,5EA6E512,6722195E,99E83850,6182FE75,9B98AF46,BC95B8BF"/><V91/><N who="2" m="31264" /><V132/><F33/><T3/><N who="0" m="31520" /><T67/><D3/><U102/><N who="1" m="30752" /><U124/><E32/><V93/><F69/><T81/><D53/><U71/><E113/><V57/><F49/><T84/><D46/><U38/><E38/><V133/><F91/><T112/><D112/><U43/><E129/><V54/><AGARI ba="5,0" hai="54,55,56,57,61,63,80,82,86,88,93,132,133,135" m="31264" machi="54" ten="30,8000,1" yaku="0,1,9,1,20,1,52,1,54,1" doraHai="125" who="2" fromWho="2" sc="265,-45,50,-45,735,90,0,0" /><INIT seed="2,6,0,1,2,131" ten="220,5,825,0" oya="2" hai0="40,37,124,57,101,123,111,51,76,118,86,55,112" hai1="99,59,91,127,114,125,54,38,93,92,94,100,61" hai2="75,120,113,65,89,48,106,71,64,84,107,60,81" hai3="" shuffle="mt19937ar,3658C06F,991F35B0,70F56E82,636E512D,7E64B07B,A6D7FAA5,B9876F6A,1030ADAE"/><V119/><N who="2" m="30752" /><V87/><F119/><T116/><N who="0" m="31520" /><T88/><D111/><U126/><E38/><V90/><F113/><T0/><D0/><U77/><E114/><V115/><F115/><T66/><D112/><U36/><E36/><V117/><F117/><T72/><D124/><N who="1" m="31747" /><U135/><DORA hai="110" /><E77/><V129/><F75/><T58/><D101/><U132/><E91/><V98/><F98/><T73/><D76/><U109/><E109/><V45/><F65/><T104/><D104/><AGARI ba="6,0" hai="54,59,61,92,93,94,99,100,104,132,135" m="31747" machi="104" ten="50,6400,0" yaku="18,1,52,2" doraHai="131,110" who="1" fromWho="0" sc="220,-76,5,76,825,0,0,0" /><INIT seed="4,0,0,0,2,81" ten="144,81,825,0" oya="0" hai0="33,70,126,91,38,61,135,74,1,68,116,102,77" hai1="133,125,124,67,85,57,99,0,39,111,53,89,96" hai2="112,129,41,98,82,127,115,44,47,2,62,117,79" hai3="" shuffle="mt19937ar,4E8F0A2D,6AA62C10,345011D3,A43BDE21,720B8995,64CEB5DF,85682438,37332BC7"/><T87/><D33/><U54/><E0/><V48/><F117/><T71/><D1/><U104/><E39/><V37/><F2/><T65/><D116/><U83/><E111/><V72/><F129/><T109/><D109/><U107/><E133/><V93/><F127/><N who="1" m="48713" /><E67/><V121/><N who="2" m="31008" /><V64/><F47/><T55/><D135/><U90/><E54/><V51/><F115/><T63/><D126/><U113/><E113/><V66/><F66/><T95/><D102/><U42/><E42/><V34/><F34/><T119/><D38/><U50/><E96/><V36/><F36/><T45/><D119/><U58/><E58/><V132/><F132/><T40/><D40/><U49/><E49/><V75/><F75/><T35/><D35/><U106/><E99/><V97/><F97/><T94/><D45/><U103/><E103/><V60/><F60/><T80/><D55/><U130/><E130/><V110/><F110/><T59/><REACH who="0" step="1"/><D63/><REACH who="0" step="2"/><U56/><E56/><V134/><F134/><T32/><D32/><U52/><E53/><V78/><F112/><T120/><N who="0" m="30752" /><T86/><D86/><U131/><E131/><V84/><F37/><T108/><D108/><U88/><AGARI ba="0,1" hai="50,52,57,83,85,88,89,90,104,106,107" m="48713" machi="88" ten="40,6000,1" yaku="18,1,52,1,54,2" doraHai="81" who="1" fromWho="1" sc="134,-40,81,70,825,-20,0,0" /><INIT seed="5,0,0,0,3,53" ten="94,151,805,0" oya="1" hai0="96,32,129,126,58,101,47,99,106,0,128,89,37" hai1="51,66,2,67,123,3,108,34,87,92,94,125,57" hai2="109,105,70,55,86,100,83,73,102,93,63,97,104" hai3="" shuffle="mt19937ar,8C7288A3,E5C882E4,3EA3AB7C,25CCA62B,AD98791C,4270AC1D,7ADB5366,AB112753"/><U42/><N who="1" m="31520" /><U52/><E34/><V119/><F119/><T59/><D0/><U95/><E108/><V113/><F109/><T64/><D32/><U80/><E125/><V121/><N who="2" m="31008" /><V107/><F113/><T130/><D126/><U79/><E2/><V33/><F33/><T114/><D114/><U75/><E3/><V1/><F1/><T111/><D111/><U54/><E42/><V81/><F102/><T115/><D115/><U62/><E75/><V131/><F131/><T82/><D64/><U50/><E62/><V46/><F70/><T56/><D96/><U103/><E103/><V71/><F71/><T74/><D89/><U72/><E72/><V112/><F112/><T135/><D135/><U36/><E36/><V35/><F35/><T116/><D116/><U110/><E110/><V98/><F100/><T61/><D61/><U90/><E90/><V117/><F117/><T44/><D37/><U39/><E39/><V60/><F60/><T69/><D69/><U78/><E78/><AGARI ba="0,0" hai="44,47,56,58,59,74,78,82,99,101,106,128,129,130" machi="78" ten="50,8000,1" yaku="19,1,52,3" doraHai="53" who="0" fromWho="1" sc="94,80,151,-80,805,0,0,0" /><INIT seed="6,0,0,4,0,128" ten="174,71,805,0" oya="2" hai0="85,101,83,1,51,82,91,126,67,78,44,131,92" hai1="72,94,118,58,107,115,105,75,76,80,102,77,3" hai2="61,127,69,71,48,62,46,47,123,81,96,65,34" hai3="" shuffle="mt19937ar,32D54A8B,123F3471,B91C0D62,4C13BB93,E501F16C,804C93B5,18BBAC40,EF9E7E85"/><V86/><N who="2" m="31520" /><V64/><F127/><T113/><D1/><U129/><E3/><V50/><F34/><T120/><N who="0" m="30752" /><T98/><D131/><U130/><E58/><V53/><F96/><T56/><D126/><U54/><E54/><V88/><F50/><T36/><D36/><U63/><E63/><V111/><F47/><T125/><D113/><U112/><E94/><V45/><F45/><T95/><D125/><U60/><E60/><V79/><F111/><T93/><D67/><U133/><E102/><V99/><F99/><T70/><D56/><U106/><E118/><V52/><F53/><T2/><D70/><U104/><N who="1" m="27136" /><DORA hai="119" /><U38/><E38/><V97/><F97/><T59/><D59/><U41/><E41/><V114/><F62/><T33/><D33/><U73/><E133/><V42/><F64/><T103/><D2/><U109/><E109/><V124/><F69/><T35/><D35/><U37/><E37/><V132/><F71/><T66/><D66/><U122/><N who="1" m="31264" /><U39/><E39/><V89/><F42/><T87/><D103/><U90/><E130/><V55/><F124/><T135/><D135/><U116/><E129/><V40/><F132/><T68/><D68/><U32/><E32/><RYUUKYOKU ba="0,0" sc="174,20,71,-10,805,-10,0,0" hai0="44,51,78,82,83,85,87,91,92,93,95,98,101" owari="194,-21,61,-54,795,75,0,0" /></mjloggm>