<mjloggm ver="2.3"><GO type="185"/><UN n0="%E3%81%9F%E3%82%80%E3%81%A8%E3%83%BC" n1="%E5%83%8D%E3%81%8D%E3%81%9F%E3%81%8F%E3%81%AA%E3%81%84" n2="%E5%8D%81%E5%85%AD%E5%A4%9C%E2%80%A0%E5%92%B2%E5%A4%9C" n3="" dan="16,17,16,0" rate="2156,2212,2142,1500" sx="M,M,F,C"/><TAIKYOKU oya="0"/><INIT seed="0,0,0,2,3,65" ten="350,350,350,0" oya="0" hai0="57,122,116,47,0,33,95,110,93,119,42,32,58" hai1="77,44,109,126,53,3,114,123,79,128,96,130,104" hai2="102,90,66,121,70,91,67,69,54,99,63,105,64" hai3="" shuffle="mt19937ar,43629D9D,3C497048,DE08C1D4,49BF2CC6,63487F6F,912814C4,AF47E73C,338BB241"/><T101/><D0/><U36/><N who="1" m="31520" /><U87/><E3/><V117/><N who="2" m="31008" /><V78/><F117/><T55/><N who="0" m="31264" /><T39/><D110/><U61/><E109/><V134/><F134/><T83/><D83/><U35/><E35/><V56/><REACH who="2" step="1"/><F78/><REACH who="2" step="2"/><T62/><D116/><U92/><E79/><V49/><F49/><T71/><D119/><U97/><E77/><V73/><F73/><T113/><D32/><U80/><E36/><V129/><F129/><T84/><D33/><U107/><E128/><V118/><F118/><T103/><D39/><U68/><E130/><V85/><F85/><T120/><D84/><U88/><E87/><V124/><F124/><T40/><D120/><U125/><E125/><V94/><F94/><T106/><D95/><U2/><E92/><V82/><F82/><T37/><D93/><U100/><E80/><V76/><F76/><T131/><D37/><U135/><E135/><V48/><F48/><T112/><D131/><U41/><E126/><V51/><F51/><T46/><D62/><U98/><E61/><V108/><F108/><T1/><D1/><U74/><E2/><V133/><F133/><T59/><D106/><U89/><E104/><V81/><F81/><T38/><D38/><RYUUKYOKU ba="0,1" sc="350,-10,350,-10,340,20,0,0" hai2="54,56,63,64,66,67,69,70,90,91,99,102,105" /><INIT seed="1,1,1,5,4,72" ten="340,340,360,0" oya="1" hai0="58,75,102,113,85,32,50,41,108,0,100,52,99" hai1="62,120,47,125,61,107,88,83,126,110,84,60,65" hai2="94,89,117,133,36,92,53,91,105,49,70,45,122" hai3="" shuffle="mt19937ar,F60C6329,A78CDB48,B2676907,3F89627D,D8D6CC49,D58DEE26,0D509C7F,4571C07F"/><U69/><N who="1" m="30752" /><U79/><E107/><V104/><N who="2" m="31264" /><V119/><F70/><T90/><D75/><U54/><E110/><V73/><F36/><T121/><D0/><U3/><E3/><V2/><F2/><T43/><D32/><U51/><E79/><V109/><F73/><T86/><D113/><U80/><E80/><V116/><F109/><T81/><D108/><U114/><E114/><V134/><F104/><T42/><N who="0" m="31008" /><T40/><N who="0" m="10240" /><DORA hai="124" /><T76/><D99/><U57/><REACH who="1" step="1"/><E62/><REACH who="1" step="2"/><V127/><F105/><T38/><REACH who="0" step="1"/><D38/><REACH who="0" step="2"/><U129/><E129/><V123/><N who="2" m="31520" /><V71/><F117/><T128/><D128/><U48/><E48/><V87/><F116/><T63/><D63/><U130/><E130/><V37/><F119/><T35/><D35/><U77/><E77/><V68/><F37/><T98/><D98/><U66/><AGARI ba="1,3" hai="47,51,54,57,60,61,65,66,69,83,84,88,125,126" m="30752" machi="66" ten="30,12000,2" yaku="1,1,0,1,52,1,54,1,53,2" doraHai="72,124" doraHaiUra="82,67" who="1" fromWho="1" sc="330,-61,330,152,360,-61,0,0" /><INIT seed="1,2,0,2,5,87" ten="269,482,299,0" oya="1" hai0="117,40,56,59,86,77,52,99,103,41,92,96,57" hai1="95,115,38,65,73,3,34,47,36,97,82,71,43" hai2="107,69,62,124,81,102,83,46,53,78,93,64,110" hai3="" shuffle="mt19937ar,5BE5F6A8,C2EB063F,3B186CAC,9FC517B2,F2CB7B5C,BCDAA09A,741CE0F6,6C7E5EBB"/><U76/><E115/><V45/><F107/><T32/><D32/><U105/><E34/><V68/><F124/><T33/><D33/><U114/><E3/><V70/><F110/><T122/><N who="0" m="31264" /><T112/><D112/><U132/><E132/><V37/><F37/><T74/><D117/><U89/><E114/><V88/><F102/><T49/><D74/><U98/><E71/><V116/><F116/><T51/><D96/><U90/><E65/><V118/><F118/><T80/><D51/><U104/><E36/><V67/><F53/><T61/><D57/><U1/><E1/><V72/><F83/><T106/><D106/><U131/><E131/><V54/><F54/><AGARI ba="2,0" hai="40,41,49,52,54,56,59,61,77,80,86,92,99,103" m="31264" machi="54" ten="30,7700,0" yaku="7,1,8,1,52,1,54,1" doraHai="87" who="0" fromWho="2" sc="269,81,482,0,299,-81,0,0" /><INIT seed="2,0,0,0,1,135" ten="350,482,218,0" oya="2" hai0="95,82,103,72,66,104,125,3,94,100,57,105,51" hai1="119,37,127,108,106,89,75,91,68,53,112,61,85" hai2="87,134,88,116,101,49,81,43,74,124,120,42,96" hai3="" shuffle="mt19937ar,F624F05F,DA86462F,358214E0,AC6B6CAF,A3E95EE8,2E2F05F6,8F5577BA,948D2120"/><V64/><N who="2" m="30752" /><V34/><F34/><T92/><D3/><U65/><E112/><V44/><F116/><T32/><D32/><U54/><E119/><V97/><F134/><T47/><D66/><U56/><E75/><V126/><F74/><T122/><D57/><U114/><E37/><V78/><F64/><T84/><N who="0" m="31264" /><T73/><D51/><U102/><E114/><V93/><REACH who="2" step="1"/><F43/><REACH who="2" step="2"/><T1/><D1/><U123/><N who="1" m="31520" /><U129/><E65/><V35/><F35/><T118/><D118/><U62/><E53/><V38/><F38/><T60/><D73/><U59/><E54/><V2/><F2/><T46/><D72/><U0/><E0/><V90/><F90/><T131/><D100/><U55/><E91/><V79/><F79/><T113/><D103/><U70/><E55/><V36/><F36/><T86/><D113/><U117/><E89/><V52/><F52/><T48/><D48/><U45/><E102/><V71/><F71/><T39/><D39/><U80/><E70/><V121/><N who="2" m="31008" /><V41/><F41/><T107/><D46/><U77/><E45/><V110/><F110/><T109/><D47/><U50/><E68/><V63/><F63/><T115/><D109/><U33/><E62/><RYUUKYOKU ba="0,1" sc="350,-10,482,-10,208,20,0,0" hai2="42,44,49,78,81,87,88,93,96,97,101,124,126" /><INIT seed="2,1,1,2,1,96" ten="340,472,228,0" oya="2" hai0="86,87,101,47,33,111,32,131,103,121,73,2,55" hai1="62,46,3,54,42,38,61,89,114,74,44,51,90" hai2="70,95,97,41,50,0,132,108,68,56,109,115,72" hai3="" shuffle="mt19937ar,CBEFC145,6ACA9748,848864D1,38F25413,EDC778CC,A098C25D,AF52524C,A4969AD0"/><V135/><F0/><T83/><D2/><U113/><E3/><V48/><F72/><T120/><D73/><U124/><E74/><V58/><F115/><T75/><D75/><U88/><E124/><V110/><F95/><T91/><N who="0" m="30752" /><T133/><N who="0" m="31008" /><T82/><D111/><U64/><REACH who="1" step="1"/><E61/><REACH who="1" step="2"/><V43/><F108/><T92/><D32/><U128/><E128/><V119/><REACH who="2" step="1"/><F97/><REACH who="2" step="2"/><T84/><D131/><U105/><E105/><V85/><F85/><T130/><D86/><U127/><E127/><V1/><F1/><T49/><D87/><U122/><N who="1" m="31264" /><U60/><E60/><V66/><F66/><T126/><D130/><U45/><E45/><V104/><F104/><T76/><D126/><U59/><AGARI ba="1,3" hai="38,42,44,46,51,54,59,62,64,88,89,90,113,114" m="31264" machi="59" ten="30,6000,1" yaku="1,1,0,1,52,1,54,1,53,1" doraHai="96" doraHaiUra="52" who="1" fromWho="1" sc="340,-21,462,92,218,-41,0,0" /><INIT seed="4,0,0,1,5,102" ten="319,554,177,0" oya="0" hai0="44,100,67,68,130,71,52,69,94,99,70,84,126" hai1="125,77,83,132,85,59,90,131,56,80,61,108,118" hai2="74,101,124,111,129,127,53,86,66,65,54,115,96" hai3="" shuffle="mt19937ar,E2216515,0418080C,C8D2373A,D66A3E48,3A85E044,023EA86D,94BE1A4B,1FAB77F2"/><T98/><D126/><U55/><E125/><V45/><F74/><T43/><D130/><U113/><E131/><V60/><F111/><T133/><D133/><U41/><E132/><V72/><F72/><T47/><D84/><U110/><E118/><V35/><F35/><T81/><D81/><U2/><E113/><V104/><F129/><T106/><D47/><U114/><E114/><V58/><F115/><T1/><D1/><U93/><E41/><V40/><F127/><T73/><D73/><U121/><N who="1" m="31008" /><U134/><E2/><V36/><F124/><T0/><D0/><U91/><E134/><V112/><F112/><T92/><D52/><U128/><E128/><V46/><REACH who="2" step="1"/><F86/><REACH who="2" step="2"/><T107/><D67/><U75/><E59/><V89/><F89/><T119/><D119/><U64/><E64/><V49/><AGARI ba="0,1" hai="36,40,45,46,49,53,54,58,60,65,66,96,101,104" machi="49" ten="30,6000,1" yaku="1,1,0,1,52,1,53,2" doraHai="102" doraHaiUra="48" who="2" fromWho="2" sc="319,-40,554,-20,167,70,0,0" /><INIT seed="5,0,0,1,1,131" ten="279,534,237,0" oya="1" hai0="90,100,108,80,98,123,55,50,2,124,71,129,36" hai1="107,78,48,97,86,119,41,94,0,46,40,110,44" hai2="112,68,38,92,118,39,95,67,79,34,57,91,128" hai3="" shuffle="mt19937ar,AD04A27C,36874DBB,C2636C0A,CAFE7510,A8980E06,6DB49A41,21E63BD9,27B0D900"/><U63/><E0/><V54/><F34/><T116/><D2/><U93/><E119/><V53/><F118/><T70/><D36/><U87/><E110/><V77/><F112/><T125/><D116/><U122/><N who="1" m="31264" /><U121/><N who="1" m="31008" /><U59/><E107/><V32/><F128/><T105/><D108/><U76/><E76/><V106/><F68/><T73/><N who="0" m="31520" /><T96/><D129/><U126/><E126/><N who="0" m="48745" /><D73/><U101/><E93/><V103/><F32/><T109/><D109/><U81/><E86/><V35/><F35/><T88/><D80/><U52/><E46/><V62/><F106/><T60/><D96/><U85/><E85/><V74/><F74/><T115/><D115/><U66/><AGARI ba="0,0" hai="40,41,44,48,52,59,63,66,78,81,87,94,97,101" m="31008,31264" machi="66" ten="20,12000,2" yaku="0,1,7,1,8,1,52,2,54,1" doraHai="131" who="1" fromWho="1" sc="279,-60,534,120,237,-60,0,0" /><INIT seed="5,1,0,1,2,69" ten="219,654,177,0" oya="1" hai0="35,42,45,38,70,79,3,125,95,117,123,106,109" hai1="132,98,1,75,36,129,0,110,80,116,127,57,111" hai2="113,82,81,88,97,74,84,39,55,2,46,52,37" hai3="" shuffle="mt19937ar,DDA1266B,73AA55B6,5AA3F443,532E27DC,AC50B5CF,15C65343,A8AAECB3,687CDE53"/><U130/><E116/><V56/><F2/><T87/><D87/><U76/><E132/><V108/><F108/><N who="1" m="41513" /><E127/><V114/><F97/><T96/><D95/><U86/><E36/><V105/><F105/><T103/><D79/><U50/><E98/><V112/><F46/><T126/><D45/><U65/><E75/><V85/><F74/><T90/><D42/><U61/><E50/><V107/><F107/><T68/><D90/><U71/><E71/><V73/><F73/><T134/><D103/><U131/><AGARI ba="1,0" hai="0,1,57,61,65,76,80,86,129,130,131" m="41513" machi="131" ten="40,2600,0" yaku="19,1,10,1" doraHai="69" who="1" fromWho="1" sc="219,-14,654,28,177,-14,0,0" /><INIT seed="5,2,0,0,4,87" ten="205,682,163,0" oya="1" hai0="129,84,97,119,108,50,78,111,59,131,76,121,63" hai1="55,69,39,120,71,125,109,77,99,43,128,104,45" hai2="64,56,130,106,107,88,89,36,73,47,66,93,38" hai3="" shuffle="mt19937ar,75B9F882,4379D71E,1BC4465F,29603C98,7EAA4784,EDA03272,96910B4B,266FFBF3"/><U105/><N who="1" m="30752" /><U60/><E128/><N who="0" m="49225" /><D50/><U75/><E125/><V81/><F130/><T46/><N who="0" m="31008" /><T126/><D46/><U124/><E109/><N who="0" m="42057" /><D126/><U57/><E124/><V54/><F73/><T33/><D33/><U1/><E1/><V127/><F127/><T112/><D112/><U0/><E0/><V113/><F113/><T41/><D41/><U85/><E75/><V133/><F133/><T37/><D37/><U67/><E99/><V96/><F47/><T74/><D74/><U70/><E67/><V132/><F38/><T122/><N who="0" m="31264" /><T49/><D49/><U58/><E58/><V103/><F36/><T35/><D35/><U51/><E39/><V102/><F64/><T83/><D97/><U44/><E44/><V98/><F66/><T82/><D119/><U34/><E34/><V117/><F117/><T110/><D110/><U134/><E45/><V123/><N who="2" m="31520" /><V40/><F56/><T61/><D59/><U2/><E57/><V100/><F40/><T94/><D94/><U95/><E95/><V68/><F93/><T91/><D82/><U52/><E43/><V135/><F81/><T32/><D32/><U118/><E69/><V114/><F114/><T101/><D101/><U86/><E70/><RYUUKYOKU ba="2,0" sc="205,20,682,-10,163,-10,0,0" hai0="61,63,76,78,83,84,91" /><INIT seed="6,3,0,1,3,91" ten="225,672,153,0" oya="2" hai0="39,61,67,99,77,84,60,40,127,41,102,80,35" hai1="54,129,2,57,115,38,103,63,133,94,79,55,33" hai2="1,73,117,96,42,78,100,64,58,114,90,120,69" hai3="" shuffle="mt19937ar,FA470080,5B054506,EC4D8307,A535DD3D,C2CFEF1B,9ED11B90,B02E712C,0D3071D0"/><V44/><N who="2" m="30752" /><V85/><F1/><T49/><D35/><U34/><E2/><V62/><F117/><T70/><D127/><U68/><E38/><V131/><F131/><T83/><D39/><U98/><E129/><V88/><F114/><T76/><D60/><U48/><E115/><V46/><F69/><T104/><D49/><U134/><E79/><V59/><F59/><T53/><D53/><U43/><E43/><V108/><F108/><T56/><D70/><U106/><E106/><V74/><F78/><T52/><D67/><U135/><E68/><V122/><N who="2" m="31264" /><V119/><F119/><T32/><D32/><U107/><E107/><V121/><N who="2" m="31008" /><V132/><F132/><T86/><AGARI ba="3,0" hai="40,41,52,56,61,76,77,80,83,84,86,99,102,104" machi="86" ten="20,3900,0" yaku="0,1,7,1,9,1,54,1" doraHai="91" who="0" fromWho="0" sc="225,45,672,-16,153,-29,0,0" owari="270,-13,656,61,124,-48,0,0" /></mjloggm>