<mjloggm ver="2.3"><GO type="185"/><UN n0="%E3%81%B5%E3%81%8F%EF%BC%A3%EF%BD%88%EF%BD%81%EF%BD%8E%E2%99%AA" n1="%E7%A5%9E%E9%80%9F%E2%98%85%2E%63%6F%6D" n2="%EF%BC%BC%28%EF%BC%BE%6F%EF%BC%BE%29%EF%BC%8F%E2%98%85" n3="" dan="17,17,17,0" rate="2152,2167,2175,1500" sx="F,M,M,C"/><TAIKYOKU oya="0"/><INIT seed="0,0,0,1,0,98" ten="350,350,350,0" oya="0" hai0="132,67,55,71,135,86,46,89,112,37,92,60,88" hai1="74,118,103,81,53,76,100,45,50,40,117,119,41" hai2="126,106,94,131,47,0,66,130,129,42,35,72,64" hai3="" shuffle="mt19937ar,7C82E283,60CE5B19,A8A98097,D869F269,5BAAA0E1,0B60E74B,4047B5C5,B0BEFC11"/><T116/><D112/><U36/><REACH who="1" step="1"/><E41/><REACH who="1" step="2"/><V87/><F42/><T84/><D116/><U114/><E114/><V133/><F131/><T39/><D55/><U109/><E109/><V95/><F130/><T128/><D128/><U70/><E70/><V34/><F129/><T107/><D107/><U120/><N who="1" m="30752" /><U33/><E33/><V124/><F106/><T43/><REACH who="0" step="1"/><D37/><REACH who="0" step="2"/><U121/><N who="1" m="31008" /><U58/><AGARI ba="0,2" hai="36,40,45,50,53,58,74,76,81,100,103,117,118,119" m="31008,30752" machi="58" ten="30,12000,3" yaku="21,2,4,1,0,1,52,4,53,1" doraHai="98" doraHaiUra="68" who="1" fromWho="1" sc="340,-80,340,140,350,-40,0,0" /><INIT seed="1,0,0,2,4,65" ten="260,480,310,0" oya="1" hai0="134,35,57,95,121,54,51,78,88,116,114,48,101" hai1="99,112,49,1,129,81,46,44,69,61,71,90,68" hai2="107,115,55,118,70,66,125,3,93,82,133,45,84" hai3="" shuffle="mt19937ar,5C8CC789,244F80A8,A05F4C8F,D9A518DD,F39E96E2,715521B7,96F1449F,CFA88591"/><U58/><E1/><V42/><F3/><T53/><N who="0" m="31008" /><T87/><D35/><U41/><E112/><V113/><F107/><T105/><D134/><U59/><E129/><V124/><F118/><T52/><D114/><U110/><E110/><V122/><N who="2" m="31264" /><V79/><F133/><T135/><D135/><U37/><E99/><V131/><F131/><T33/><D33/><U50/><E90/><V38/><F55/><T111/><D111/><U126/><E81/><V83/><F93/><T64/><D116/><U43/><E126/><N who="2" m="48747" /><F83/><T97/><D64/><U47/><E61/><AGARI ba="0,0" hai="38,42,45,61,66,70,79,82,84,113,115" m="48747,31264" machi="61" ten="30,3900,0" yaku="18,1,52,2" doraHai="65" who="2" fromWho="1" sc="260,0,480,-39,310,39,0,0" /><INIT seed="2,0,0,1,0,38" ten="260,441,349,0" oya="2" hai0="70,34,42,89,62,109,43,67,74,81,127,106,1" hai1="64,0,88,86,36,105,53,52,76,99,126,72,32" hai2="110,130,63,51,133,73,35,124,61,113,119,92,45" hai3="" shuffle="mt19937ar,400CA56C,FA9DD456,A988FFDC,29142AA7,E60628F9,728D9A8F,6F51BC1C,BF124B22"/><V78/><F35/><T71/><D34/><U114/><E32/><V85/><F113/><T98/><D1/><U83/><E114/><V94/><F119/><T107/><D127/><U68/><E0/><V100/><F124/><T56/><D109/><U121/><N who="1" m="31008" /><U95/><E126/><V40/><F110/><T90/><D71/><U79/><E36/><V123/><N who="2" m="31520" /><V102/><F73/><T91/><D70/><U77/><E68/><V48/><F133/><T117/><D117/><U41/><E64/><V50/><F130/><T75/><D75/><U104/><E41/><V33/><F33/><T3/><D3/><U47/><E47/><V134/><F134/><T97/><D106/><N who="1" m="41067" /><E52/><V57/><F63/><T39/><D39/><U108/><E53/><V59/><F59/><T2/><D2/><U131/><E131/><V101/><F51/><T115/><D115/><U122/><N who="1" m="31264" /><U80/><E108/><V65/><F50/><T44/><D44/><U84/><E72/><V37/><F37/><T87/><D74/><U69/><E69/><V55/><F65/><T60/><D60/><U118/><E118/><V54/><F54/><T49/><D49/><U82/><AGARI ba="0,0" hai="76,77,79,80,82,83,84,86,88,95,99" m="31264,41067,31008" machi="82" ten="40,12000,3" yaku="35,5,52,2,54,1" doraHai="38" who="1" fromWho="1" sc="260,-40,441,120,349,-80,0,0" /><INIT seed="4,0,0,0,1,124" ten="220,561,269,0" oya="0" hai0="96,128,66,60,100,41,104,1,94,108,75,73,52" hai1="34,57,90,103,87,92,110,101,61,43,2,97,105" hai2="93,48,79,56,135,127,82,117,119,113,32,71,114" hai3="" shuffle="mt19937ar,74CFAB0F,468FE989,A98EFF0D,348D8855,E8546745,86CF209D,0D6CB2C4,B7B176DC"/><T45/><D1/><U122/><N who="1" m="31264" /><U89/><E2/><V118/><F32/><T133/><D108/><U129/><E34/><V86/><F71/><T98/><D133/><U134/><E110/><V80/><F135/><T116/><D116/><U53/><E134/><V115/><F127/><T37/><D128/><U123/><N who="1" m="31520" /><U81/><E129/><V78/><F56/><T55/><D73/><U62/><E43/><V58/><F58/><T69/><REACH who="0" step="1"/><D75/><REACH who="0" step="2"/><U63/><E105/><V74/><F48/><AGARI ba="0,1" hai="48,53,57,61,62,63,81,87,89,90,92,97,101,103" m="31520,31264" machi="48" ten="40,5200,0" yaku="8,1,52,2" doraHai="124" who="1" fromWho="2" sc="210,0,561,62,269,-52,0,0" /><INIT seed="5,0,0,3,2,58" ten="210,623,217,0" oya="1" hai0="91,63,92,46,71,70,105,99,121,134,78,111,35" hai1="73,93,95,102,61,122,59,76,130,64,113,74,77" hai2="115,124,107,32,37,45,89,84,41,119,101,104,0" hai3="" shuffle="mt19937ar,688B2D78,1047F4C4,3162BA2B,3623B17E,D799BF38,B31822DF,2B6F05A2,B32D5435"/><U87/><N who="1" m="31264" /><U33/><E33/><V40/><F32/><T127/><N who="0" m="31008" /><T55/><D35/><U82/><E113/><V52/><F0/><T36/><D111/><U88/><E130/><V48/><F115/><T118/><D118/><U83/><E102/><V67/><F119/><T126/><D134/><U50/><E50/><V49/><F124/><N who="0" m="47658" /><D105/><U132/><E132/><V42/><F37/><T68/><D78/><U34/><E34/><V39/><F39/><T3/><D3/><U72/><REACH who="1" step="1"/><E93/><REACH who="1" step="2"/><V69/><F101/><T96/><D36/><U56/><E56/><V38/><F49/><T51/><D99/><AGARI ba="0,1" hai="59,61,64,72,73,74,76,77,82,83,87,88,95,99" m="31264" machi="99" ten="30,18000,2" yaku="1,1,7,1,52,2,54,1,53,1" doraHai="58" doraHaiUra="57" who="1" fromWho="0" sc="210,-180,613,190,217,0,0,0" /><INIT seed="5,1,0,0,3,106" ten="30,803,217,0" oya="1" hai0="91,101,32,129,93,77,37,51,94,114,115,43,59" hai1="42,111,105,118,44,2,132,79,70,57,127,56,50" hai2="54,134,35,76,98,60,88,117,96,55,112,66,121" hai3="" shuffle="mt19937ar,CCB6A1D1,28162931,61507438,1CF2B164,B53BF311,C25BF9A9,F2B9F3D9,CC036401"/><U58/><E2/><V109/><N who="2" m="31008" /><V97/><F35/><T61/><D32/><U67/><E105/><V125/><F109/><T119/><D37/><U130/><E118/><V110/><F117/><T89/><D119/><U1/><E1/><V39/><F110/><T82/><D51/><U86/><E111/><V104/><F39/><T65/><D43/><U68/><E79/><V48/><F104/><T75/><D129/><U34/><E86/><V38/><F38/><T33/><D33/><U81/><E81/><V108/><F108/><T71/><D101/><U72/><E72/><V135/><F125/><T116/><D116/><U73/><E73/><V133/><F112/><T123/><N who="0" m="31520" /><T3/><D3/><U45/><E34/><V0/><F0/><T49/><D71/><N who="1" m="27179" /><E127/><V92/><F76/><T80/><D80/><U90/><E90/><V99/><F48/><T69/><D49/><U62/><E130/><V41/><F41/><T124/><D124/><U113/><E113/><V122/><N who="2" m="31264" /><V46/><F46/><N who="1" m="18025" /><E132/><V78/><F78/><T47/><D115/><U85/><E85/><V103/><F103/><T74/><D114/><U64/><E62/><V126/><F126/><T84/><D77/><U120/><E120/><RYUUKYOKU ba="1,0" sc="30,-20,803,10,217,10,0,0" hai1="42,50,56,57,58,64,67" hai2="54,55,60,66,88,92,96,97,98,99,133,134,135" /><INIT seed="5,2,0,5,0,59" ten="10,813,227,0" oya="1" hai0="103,63,68,46,71,55,53,39,84,109,33,133,3" hai1="111,40,119,47,37,90,108,91,74,135,96,64,87" hai2="107,115,116,49,98,122,106,95,83,93,97,132,36" hai3="" shuffle="mt19937ar,A23F9D65,D655CE0D,CD4AE4E6,271279B6,13182748,5D5FA988,5DA16701,B58A68C0"/><U42/><E74/><V127/><N who="2" m="31264" /><V43/><F36/><T121/><N who="0" m="31008" /><T1/><D33/><U62/><E119/><V80/><F116/><T92/><D109/><U41/><E135/><V110/><F43/><T73/><D73/><U45/><E96/><V72/><F49/><T112/><D133/><U100/><E100/><V101/><F132/><T130/><D112/><U81/><E91/><V117/><F117/><T126/><D126/><U105/><E105/><V114/><F110/><N who="1" m="42025" /><E37/><V77/><F127/><T82/><D130/><U129/><E129/><V134/><F134/><T32/><D32/><U86/><E87/><V50/><F50/><T34/><D34/><U123/><N who="1" m="31520" /><U88/><E88/><V60/><F83/><T52/><D39/><U48/><E48/><V99/><F99/><T61/><D46/><N who="1" m="17419" /><E40/><V102/><F115/><T113/><D113/><U89/><E90/><V38/><F114/><T76/><D68/><AGARI ba="2,0" hai="41,42,62,64,68,81,86,89" m="17419,31520,42025" machi="68" ten="30,5800,0" yaku="10,1,52,2" doraHai="59" who="1" fromWho="0" sc="10,-62,813,62,227,0,0,0" owari="-52,-65,875,82,227,-17,0,0" /></mjloggm>