<mjloggm ver="2.3"><GO type="225"/><UN n0="%E3%81%99%E3%81%9A%E3%81%BD%E3%82%93" n1="%E2%98%85%E3%83%A6%E3%83%94%E3%83%86%E3%83%AB%E2%98%85" n2="%E9%95%B7%E5%B2%A1%E5%A4%A7%E6%98%8E%E7%A5%9E" n3="%E5%85%8B%E5%88%A9%E5%A5%A5%E4%BD%A9%E7%89%B9%E5%89%8C%CE%B6" dan="16,17,16,16" rate="2149,2082,2062,2174" sx="M,M,F,F"/><TAIKYOKU oya="0"/><INIT seed="0,0,0,3,4,53" ten="250,250,250,250" oya="0" hai0="82,69,20,87,122,98,78,97,43,50,77,115,48" hai1="79,121,57,40,3,19,114,8,36,49,10,111,62" hai2="29,120,65,118,72,32,129,39,117,15,13,66,86" hai3="133,80,73,119,56,28,51,55,90,52,46,93,58" shuffle="mt19937ar,DF9E8F21,0CC9A8F3,90CD6B30,16A8C1EF,B88ED50D,1A34FB08,A81FAD7C,A91C5925"/><T1/><D69/><U25/><E121/><V24/><F72/><W116/><G133/><T31/><D1/><U105/><E105/><V42/><F120/><W81/><G28/><T130/><D115/><U22/><E36/><V33/><F129/><W123/><G123/><T60/><D122/><U107/><E107/><V124/><F124/><W26/><G26/><N who="0" m="16839" /><D130/><U35/><E114/><V6/><F42/><W106/><G106/><T61/><D78/><U134/><E111/><V12/><F39/><W41/><G73/><T85/><D85/><U132/><E79/><V2/><F86/><N who="3" m="52439" /><G116/><N who="2" m="44649" /><F66/><W71/><G71/><T44/><D48/><U108/><E108/><V47/><F65/><W21/><G21/><T89/><D98/><U27/><E3/><V109/><F47/><W104/><G104/><T14/><D14/><U91/><E27/><V100/><F100/><W128/><G128/><T9/><D9/><U96/><E35/><N who="2" m="20903" /><F109/><W45/><G119/><T103/><D103/><U88/><E134/><V110/><F110/><W38/><G38/><T127/><D127/><U131/><E131/><V101/><F101/><W63/><G41/><T102/><D102/><U34/><E34/><N who="2" m="13419" /><F2/><W0/><G0/><T17/><D97/><U18/><E96/><V7/><AGARI ba="0,0" hai="6,7,12,13,15" m="13419,20903,44649" machi="7" ten="40,5200,0" yaku="12,1,34,2" doraHai="53" who="2" fromWho="2" sc="250,-26,250,-13,250,52,250,-13" /><INIT seed="1,0,0,1,3,60" ten="224,237,302,237" oya="1" hai0="100,21,8,123,3,72,55,103,104,18,91,40,22" hai1="89,79,134,94,76,56,34,86,129,115,23,110,135" hai2="95,24,0,102,78,2,49,38,53,93,7,35,4" hai3="113,111,45,83,92,19,88,58,67,108,15,17,50" shuffle="mt19937ar,EFE0B671,ADC092D0,3B9C6185,2C5A43C3,6DD0AD92,4EAF55F1,6B1FA5C5,9E19C49F"/><U57/><E34/><V32/><F38/><W122/><G83/><T128/><D72/><U69/><E69/><V87/><F102/><W77/><G77/><T54/><D128/><U132/><E115/><V118/><F118/><W1/><G1/><T9/><D123/><U121/><E121/><V39/><F39/><W133/><G122/><T28/><D40/><U44/><E129/><V131/><F131/><W107/><G107/><T26/><D104/><U126/><E126/><V81/><F0/><W96/><G113/><T27/><D91/><U101/><E110/><N who="3" m="42026" /><G133/><T31/><D3/><U37/><E101/><V66/><F2/><W85/><G96/><T6/><REACH who="0" step="1"/><D18/><REACH who="0" step="2"/><U109/><E109/><V29/><F78/><W71/><G17/><T10/><D10/><U61/><E76/><V70/><F4/><AGARI ba="0,1" hai="4,6,8,9,21,22,26,27,28,31,54,55,100,103" machi="4" ten="25,6400,0" yaku="1,1,22,2,8,1,53,0" doraHai="60" doraHaiUra="62" who="0" fromWho="2" sc="214,74,237,0,302,-64,237,0" /><INIT seed="2,0,0,0,3,9" ten="288,237,238,237" oya="2" hai0="111,29,24,108,43,41,82,69,8,55,42,5,33" hai1="100,121,74,92,88,62,12,107,126,0,68,22,132" hai2="129,119,1,25,49,64,112,104,16,37,85,116,103" hai3="101,58,99,66,65,57,97,79,40,54,93,6,81" shuffle="mt19937ar,608BDCCE,AF08045A,EC906E82,40DB72ED,59C416C1,66115E2A,0AB489CE,0710DBFD"/><V131/><F37/><W122/><G122/><T48/><D69/><U135/><E0/><V39/><F39/><W10/><G40/><T106/><D106/><U30/><E121/><V20/><F1/><W3/><G97/><T28/><D28/><U47/><E74/><V134/><F112/><W96/><G96/><T76/><D82/><U117/><E117/><V127/><F127/><W56/><REACH who="3" step="1"/><G54/><REACH who="3" step="2"/><T38/><D38/><U124/><E107/><V78/><F116/><W109/><G109/><T118/><D118/><U72/><E124/><V125/><F119/><W90/><G90/><T80/><D111/><U26/><E126/><V73/><F125/><W4/><G4/><T52/><D108/><U102/><E100/><V83/><F103/><W94/><G94/><T45/><D55/><U120/><E102/><V110/><F110/><W114/><G114/><T63/><D42/><U98/><E120/><V128/><F104/><W67/><G67/><T35/><D43/><U19/><E88/><V87/><F64/><W15/><G15/><T95/><D41/><U34/><E92/><V36/><F36/><W115/><G115/><T113/><D95/><U51/><E98/><V21/><F134/><W60/><G60/><T91/><D63/><U11/><E62/><V105/><F105/><W71/><G71/><T32/><D91/><U133/><E68/><V77/><F49/><W89/><G89/><T130/><D113/><U123/><E123/><V84/><F78/><W61/><G61/><T53/><D53/><U18/><E133/><V44/><F44/><W17/><G17/><RYUUKYOKU ba="0,1" sc="288,-15,237,-15,238,15,227,15" hai2="16,20,21,25,73,77,83,84,85,87,128,129,131" hai3="3,6,10,56,57,58,65,66,79,81,93,99,101" /><INIT seed="2,1,1,5,3,131" ten="273,222,253,242" oya="2" hai0="43,104,40,67,97,69,74,5,110,107,34,98,32" hai1="38,125,79,19,25,20,65,23,126,27,56,105,51" hai2="117,31,1,119,72,123,93,99,86,122,90,42,47" hai3="18,73,70,134,62,63,135,112,87,50,21,89,92" shuffle="mt19937ar,7D446952,A50CCE07,DE83FBEF,A334A978,64C19FD4,48DE27E0,3EFCAB4E,EEF0F0A9"/><V114/><F1/><W16/><G73/><T53/><D5/><U82/><E105/><V52/><F31/><W127/><G127/><N who="1" m="48650" /><E38/><V54/><F72/><W7/><G112/><T109/><D74/><N who="1" m="43383" /><E65/><V129/><F129/><W30/><G7/><T91/><D53/><N who="1" m="31807" /><E23/><V77/><F114/><W95/><G50/><T132/><D67/><U108/><E108/><V35/><F35/><W0/><G0/><T55/><D55/><U45/><E45/><V17/><F119/><W3/><G3/><T100/><D100/><U60/><E60/><N who="3" m="23082" /><G70/><T48/><D48/><U88/><E88/><V24/><F117/><W8/><G95/><T11/><D91/><U37/><E37/><V71/><F71/><W76/><G76/><T106/><D104/><U10/><E10/><V94/><F77/><W4/><G4/><T120/><D11/><U13/><AGARI ba="1,1" hai="13,19,20,25,27" m="31807,43383,48650" machi="13" ten="30,1100,0" yaku="18,1" doraHai="131" who="1" fromWho="1" sc="273,-4,222,24,253,-6,242,-4" /><INIT seed="3,0,0,0,1,131" ten="269,246,247,238" oya="3" hai0="18,128,130,21,53,90,121,16,61,95,27,119,112" hai1="72,82,129,122,35,89,40,110,91,107,93,42,56" hai2="26,0,23,103,31,125,101,48,126,9,79,8,120" hai3="86,2,4,70,81,54,68,12,77,109,78,38,69" shuffle="mt19937ar,28A5C7BB,5671FF1B,CB5EF452,E1A827C3,7EA2C8F7,25824319,CAABEB73,2E0139CA"/><W116/><G116/><T102/><D121/><U62/><E35/><V41/><F79/><W100/><G100/><T36/><D36/><U124/><E122/><V43/><F120/><W57/><G38/><T105/><D119/><U133/><E107/><V39/><F39/><W88/><G2/><T96/><D112/><U17/><E129/><N who="0" m="49769" /><D18/><U10/><E110/><V99/><F103/><W59/><G109/><T114/><D114/><U80/><E124/><N who="2" m="47723" /><F48/><W28/><G28/><T83/><D83/><U63/><E17/><V24/><F24/><W3/><G3/><T104/><D102/><U87/><E10/><N who="2" m="4203" /><F0/><W58/><REACH who="3" step="1"/><G54/><REACH who="3" step="2"/><T20/><D20/><U135/><E72/><V34/><F34/><W15/><G15/><T75/><D75/><U11/><E11/><AGARI ba="0,1" hai="4,11,12,57,58,59,68,69,70,77,78,81,86,88" machi="11" ten="50,4800,0" yaku="1,1,54,1,53,0" doraHai="131" doraHaiUra="71" who="3" fromWho="1" sc="269,0,246,-48,247,0,228,58" /><INIT seed="3,1,0,0,4,65" ten="269,198,247,286" oya="3" hai0="107,42,57,5,25,101,96,109,79,98,134,88,39" hai1="92,91,99,131,89,38,117,9,110,28,125,34,46" hai2="128,48,113,80,111,21,83,4,114,22,60,105,20" hai3="87,37,121,45,73,29,30,31,35,116,70,97,103" shuffle="mt19937ar,68B0A0C2,900B07F1,F7647E23,35E9A5BE,0E1F774A,5E791352,250972CB,57BE8116"/><W54/><G73/><T52/><D134/><U86/><E125/><V120/><F105/><W102/><G116/><T1/><D109/><U61/><E117/><V58/><F120/><W90/><G121/><T135/><D135/><U16/><E110/><V100/><F100/><W59/><G70/><T85/><D79/><U119/><E119/><V8/><F111/><W122/><G122/><T104/><D42/><U69/><E131/><V0/><F128/><W19/><G35/><T50/><D39/><U133/><E133/><V71/><F48/><N who="3" m="28943" /><G37/><T41/><D41/><U14/><E38/><V53/><REACH who="2" step="1"/><F71/><REACH who="2" step="2"/><W126/><G126/><T27/><D104/><U76/><E76/><V72/><F72/><W78/><G78/><T93/><REACH who="0" step="1"/><D98/><REACH who="0" step="2"/><U112/><E112/><AGARI ba="1,2" hai="0,4,8,20,21,22,53,58,60,80,83,112,113,114" machi="112" ten="40,1300,0" yaku="1,1,53,0" doraHai="65" doraHaiUra="132" who="2" fromWho="1" sc="259,0,198,-16,237,36,286,0" /><INIT seed="4,0,0,5,3,77" ten="259,182,273,286" oya="0" hai0="82,32,20,44,128,37,74,87,84,28,38,69,23" hai1="33,70,73,80,67,113,30,101,60,19,9,99,125" hai2="72,46,34,36,107,50,98,93,40,41,76,55,66" hai3="25,110,104,134,122,111,31,10,26,96,79,75,64" shuffle="mt19937ar,C3702A67,8F958730,BBE34625,EDD2FEBF,E220EBCD,11EF649C,9BBDDEDA,574AEB1A"/><T90/><D69/><U54/><E125/><V83/><F34/><N who="3" m="20847" /><G26/><T103/><D74/><U71/><E71/><V1/><F1/><W130/><G10/><T63/><D128/><U94/><E113/><V5/><F107/><W105/><G64/><T85/><D103/><U35/><E30/><V116/><F116/><W120/><G130/><T14/><D32/><U6/><E19/><V129/><F129/><W88/><G88/><N who="0" m="51223" /><D38/><U2/><E54/><V4/><F66/><W49/><G49/><T0/><D0/><U132/><REACH who="1" step="1"/><E132/><REACH who="1" step="2"/><V131/><F131/><W51/><G134/><T102/><D28/><U29/><E29/><V42/><REACH who="2" step="1"/><F36/><REACH who="2" step="2"/><W18/><G120/><T59/><D37/><U58/><E58/><V121/><F121/><W21/><G122/><T61/><D44/><U124/><E124/><V56/><F56/><W100/><G110/><T68/><D68/><U39/><E39/><V62/><F62/><W127/><G111/><T11/><D63/><U109/><E109/><V3/><F3/><W89/><G127/><T112/><D112/><U8/><E8/><V118/><F118/><W7/><G51/><T133/><D133/><U47/><E47/><V43/><F43/><W45/><G45/><T115/><D115/><U92/><E92/><V86/><F86/><W53/><G105/><T106/><D87/><U95/><E95/><V97/><F97/><W114/><G114/><T108/><D108/><U65/><E65/><V81/><F81/><W22/><G104/><T78/><D59/><U27/><E27/><V119/><F119/><W16/><G53/><RYUUKYOKU ba="0,2" sc="259,-15,172,15,263,15,286,-15" hai1="2,6,9,33,35,60,67,70,73,80,94,99,101" hai2="4,5,40,41,42,46,50,55,72,76,83,93,98" /><INIT seed="5,1,2,3,5,78" ten="244,187,278,271" oya="1" hai0="40,23,118,100,16,35,53,97,2,113,99,95,73" hai1="117,130,119,31,30,61,87,22,51,32,111,34,20" hai2="57,38,116,9,85,108,3,47,103,56,121,42,126" hai3="21,84,29,88,60,92,4,74,65,1,122,96,44" shuffle="mt19937ar,5038140B,1343AD61,3015888C,900D256A,EB16F8FC,CAA33621,0A9C18C0,DC57C094"/><U45/><E61/><V131/><F121/><W134/><G74/><T27/><D73/><U129/><E51/><V71/><F71/><W10/><G134/><T72/><D118/><N who="1" m="45067" /><E45/><V102/><F116/><W127/><G127/><T75/><D113/><U5/><E87/><V0/><F108/><W110/><G110/><T49/><D40/><U98/><E98/><V107/><F126/><W125/><G125/><T26/><D2/><U128/><E5/><V58/><F131/><W94/><G122/><T124/><D124/><U14/><E111/><V89/><F107/><W67/><G44/><T17/><D97/><U39/><E39/><V114/><F114/><W106/><G106/><T104/><D104/><U93/><E93/><V43/><F43/><W36/><G36/><T59/><REACH who="0" step="1"/><D17/><REACH who="0" step="2"/><N who="1" m="10295" /><E22/><V69/><F0/><W13/><G1/><T8/><D8/><U7/><E7/><V54/><F9/><W123/><G123/><T18/><D18/><U24/><E24/><V15/><F3/><W79/><G60/><T48/><D48/><U82/><E82/><V41/><F42/><W55/><G92/><T132/><D132/><U133/><E133/><V50/><F38/><W11/><G11/><T19/><D19/><U120/><E120/><V109/><F109/><W81/><G55/><T33/><D33/><AGARI ba="1,3" hai="30,31,32,33,34,128,129,130" m="10295,45067" machi="33" ten="40,7700,0" yaku="19,1,34,2" doraHai="78" who="1" fromWho="0" sc="234,-80,187,110,278,0,271,0" /><INIT seed="5,2,0,0,1,119" ten="154,297,278,271" oya="1" hai0="21,90,44,34,96,29,42,103,134,70,86,116,100" hai1="135,121,102,112,81,27,31,77,118,23,94,95,92" hai2="40,45,5,1,19,61,74,22,133,69,3,32,47" hai3="25,125,46,57,120,110,15,6,41,111,39,68,28" shuffle="mt19937ar,2BC93F6A,7C2D214D,71B16E01,1CE4AD14,2BCDEEBE,99E0C4A7,4FF5D1A4,AAC45A1B"/><U0/><E118/><V55/><F74/><W117/><G68/><T130/><D70/><U78/><E0/><V48/><F32/><W128/><G117/><T64/><D116/><U43/><E121/><V2/><F133/><W36/><G36/><T85/><D134/><U37/><E135/><V13/><F69/><W73/><G73/><T66/><D130/><U60/><E112/><V18/><F18/><W63/><G128/><T10/><D34/><U99/><E60/><V52/><F55/><W83/><G83/><T101/><D10/><U97/><E37/><V105/><F105/><W7/><G120/><T72/><D72/><U51/><E81/><V124/><F124/><W49/><G39/><T109/><D109/><U20/><E20/><V24/><F61/><W16/><G125/><T17/><D29/><U65/><E65/><N who="0" m="25193" /><D44/><N who="1" m="26015" /><E95/><V71/><F71/><W91/><G111/><T14/><D42/><U87/><E87/><N who="0" m="33289" /><D90/><AGARI ba="2,0" hai="23,27,31,77,78,90,92,94,97,99,102" m="26015" machi="90" ten="30,1500,0" yaku="8,1" doraHai="119" who="1" fromWho="0" sc="154,-21,297,21,278,0,271,0" owari="133,-27,318,32,278,3,271,-8" /></mjloggm>