<mjloggm ver="2.3"><GO type="225"/><UN n0="%E5%BE%85%E3%81%A1%E3%81%A8%E3%82%89%E3%81%9A" n1="%E9%9B%AA%E5%9B%BD%E8%82%B2%E3%81%A1" n2="%E3%81%BF%E3%81%A3%E3%81%A4%E3%81%83%EF%BD%9E" n3="%E2%98%85%E3%83%A6%E3%83%94%E3%83%86%E3%83%AB%E2%98%85" dan="16,17,17,16" rate="2049,2062,2192,2048" sx="M,M,F,M"/><TAIKYOKU oya="0"/><INIT seed="0,0,0,0,0,122" ten="250,250,250,250" oya="0" hai0="63,132,22,119,121,59,104,14,91,135,95,52,1" hai1="21,39,99,79,58,67,64,9,43,19,108,127,76" hai2="82,74,88,107,10,124,62,129,133,69,42,102,93" hai3="24,114,0,56,17,48,98,32,45,113,28,125,3" shuffle="mt19937ar,29AD0C3B,0F126976,BB7FB0A9,6893525C,524B7F77,993D787F,CE027424,E83760C0"/><T109/><D121/><U30/><E127/><V100/><F42/><W50/><G125/><T65/><D119/><U26/><E39/><V4/><F124/><W66/><G17/><N who="0" m="10551" /><D104/><U44/><E99/><V92/><F92/><W105/><G50/><N who="0" m="31127" /><D1/><U49/><E108/><V15/><F107/><W31/><G31/><T126/><D126/><U34/><E34/><V68/><F68/><W120/><G120/><T12/><D12/><N who="1" m="7567" /><E58/><V57/><F69/><W35/><G35/><T13/><D13/><U7/><E7/><V47/><F47/><W38/><G38/><T11/><D11/><U101/><E101/><V41/><F41/><W106/><G106/><T36/><D36/><U128/><E128/><V77/><F129/><W33/><G33/><T81/><D81/><U5/><E5/><V37/><F37/><W70/><G70/><T90/><D109/><U86/><E76/><V72/><F74/><W23/><G32/><T85/><D91/><U134/><E134/><N who="0" m="51241" /><D63/><U6/><E6/><V53/><REACH who="2" step="1"/><F133/><REACH who="2" step="2"/><W40/><G105/><T20/><D20/><U89/><E79/><V80/><F80/><AGARI ba="0,1" hai="21,26,30,43,44,49,64,67,80,86,89" m="7567" machi="80" ten="30,1000,0" yaku="8,1" doraHai="122" who="1" fromWho="2" sc="250,0,250,20,240,-10,250,0" /><INIT seed="1,0,0,0,0,49" ten="250,270,230,250" oya="1" hai0="83,50,86,119,59,7,10,45,48,126,70,8,17" hai1="134,52,5,61,99,33,135,87,114,77,29,132,54" hai2="18,97,22,25,41,102,12,26,76,110,103,62,0" hai3="21,109,60,123,58,105,88,3,95,56,121,51,104" shuffle="mt19937ar,355400D5,C3053D0D,F148FD51,3A749C1F,D5425000,023CF375,3E137D8F,EC5898EB"/><U80/><E114/><V24/><F0/><W125/><G3/><T38/><D70/><U67/><E5/><V19/><F110/><W47/><G109/><T15/><D38/><U55/><E99/><V78/><F41/><W39/><G125/><T85/><D126/><U6/><E6/><V96/><F62/><W35/><G35/><T40/><D119/><U98/><E98/><V72/><F72/><W93/><G39/><T73/><D73/><U11/><E11/><V74/><F74/><W113/><G113/><T34/><D34/><U46/><E33/><V43/><F43/><W30/><G95/><T27/><D27/><U129/><E129/><V69/><F69/><W127/><G127/><T124/><D124/><U120/><E29/><V81/><F81/><W31/><G58/><T116/><D116/><U122/><E46/><V100/><F97/><W131/><G131/><T101/><D101/><U112/><E112/><V91/><F19/><W108/><G108/><T82/><D82/><U89/><E77/><V79/><F96/><W75/><G75/><T118/><D118/><U130/><E130/><V23/><F23/><W63/><G105/><T66/><D83/><U32/><E32/><V117/><F117/><W13/><G21/><T71/><D71/><AGARI ba="0,0" hai="52,54,55,61,67,71,80,87,89,120,122,132,134,135" machi="71" ten="50,12000,1" yaku="20,1,52,3,54,1" doraHai="49" who="1" fromWho="0" sc="250,-120,270,120,230,0,250,0" /><INIT seed="1,1,0,5,1,132" ten="130,390,230,250" oya="1" hai0="79,37,115,87,6,8,103,89,127,82,70,15,101" hai1="118,119,63,57,65,33,49,12,76,21,18,68,31" hai2="88,53,1,35,43,72,55,131,100,133,91,128,96" hai3="29,44,34,28,25,129,80,85,86,117,84,40,106" shuffle="mt19937ar,175C87C9,3C87E657,4936D352,927EE1D2,489DCA13,EC7DF451,4815FA1A,89495758"/><U97/><E76/><V74/><F1/><W71/><G71/><T56/><D70/><U46/><E68/><V111/><F35/><W9/><G117/><T58/><D37/><U125/><E125/><V116/><F43/><W107/><G129/><N who="2" m="49737" /><F116/><W36/><G29/><T7/><D115/><U93/><E33/><V112/><F133/><W45/><G45/><T78/><D15/><U11/><E31/><V42/><F42/><W109/><G109/><T27/><D27/><U52/><REACH who="1" step="1"/><E11/><REACH who="1" step="2"/><V47/><F112/><W17/><G9/><T3/><D8/><U134/><E134/><V39/><F111/><W95/><G17/><T24/><D3/><U19/><E19/><V83/><F72/><W122/><G122/><T50/><D79/><U98/><E98/><V38/><F96/><W41/><G80/><T73/><D82/><U20/><E20/><V59/><F83/><W32/><G32/><T23/><D78/><U30/><E30/><V67/><F74/><W102/><G34/><T64/><D23/><U62/><E62/><V92/><F92/><W126/><G28/><T114/><D73/><U13/><E13/><V26/><F26/><W94/><G25/><T99/><D24/><U48/><E48/><V104/><F39/><W77/><G95/><T14/><D50/><U130/><E130/><V10/><F38/><W113/><G94/><T51/><D51/><U0/><E0/><V5/><F10/><W66/><G36/><T120/><D114/><U60/><E60/><V61/><F61/><W108/><G113/><T90/><D99/><U123/><E123/><RYUUKYOKU ba="1,1" sc="130,-10,380,30,230,-10,250,-10" hai1="12,18,21,46,49,52,57,63,65,93,97,118,119" /><INIT seed="1,2,1,3,2,76" ten="120,410,220,240" oya="1" hai0="51,81,114,98,95,6,7,102,14,115,91,112,27" hai1="77,39,42,75,89,94,86,84,119,106,126,70,38" hai2="92,57,23,12,118,20,128,52,71,124,8,58,99" hai3="54,74,28,122,32,117,83,79,60,96,127,29,64" shuffle="mt19937ar,4C3EB3AA,17FA7418,B606784A,265E075B,22CF03BC,C1C11A66,179006DD,DC4D614D"/><U103/><E70/><V66/><F118/><W31/><G117/><T43/><D43/><U3/><E3/><V24/><F71/><W11/><G122/><T40/><D27/><U41/><E119/><V132/><F58/><W135/><G127/><T80/><D102/><U123/><E126/><V73/><F66/><W4/><G135/><T125/><D125/><U19/><E84/><V69/><F73/><W15/><G54/><T133/><D133/><U85/><E85/><V33/><F69/><W35/><REACH who="3" step="1"/><G96/><REACH who="3" step="2"/><T61/><D61/><U5/><E123/><V49/><F124/><W65/><G65/><T1/><D1/><U26/><E41/><V67/><F132/><W113/><G113/><T121/><D121/><U107/><E42/><V97/><F67/><W17/><G17/><T55/><D40/><U108/><E19/><V68/><F99/><W101/><G101/><T48/><D48/><U93/><E103/><V130/><F128/><W111/><G111/><T34/><D34/><U63/><E39/><V131/><F130/><W47/><G47/><T100/><D100/><U88/><E38/><V120/><F131/><W129/><G129/><T13/><D6/><U50/><E50/><V78/><F120/><W56/><AGARI ba="2,2" hai="4,11,15,28,29,31,32,35,56,60,64,74,79,83" machi="56" ten="30,4000,0" yaku="1,1,0,1,52,1,53,0" doraHai="76" doraHaiUra="82" who="3" fromWho="3" sc="120,-12,410,-22,220,-12,230,66" /><INIT seed="2,0,0,2,1,81" ten="108,388,208,296" oya="2" hai0="127,6,38,12,97,93,63,18,10,123,47,39,4" hai1="29,96,19,73,116,115,0,62,72,102,70,121,24" hai2="119,106,25,79,2,94,31,84,80,50,68,22,117" hai3="15,23,32,77,112,52,34,111,118,90,133,41,33" shuffle="mt19937ar,0E5E6D2E,818FF3F0,E5D97CB9,EAA4AFC4,1CA38941,3D0E3730,D8E718F9,FCD5B400"/><V20/><F68/><W85/><G118/><T78/><D123/><U120/><E0/><V14/><F106/><W122/><G122/><N who="1" m="47210" /><E115/><V28/><F2/><W65/><G112/><T59/><D127/><U69/><E19/><V107/><F107/><W132/><G65/><T16/><D78/><U126/><E126/><V105/><F105/><W58/><G41/><T46/><D38/><U101/><E116/><V43/><F14/><W74/><G111/><T56/><D56/><U108/><E108/><V95/><F119/><W130/><G130/><T49/><D18/><U36/><E36/><V100/><F100/><N who="1" m="38505" /><E96/><V13/><F117/><W75/><G77/><T64/><D39/><U131/><E131/><V60/><F13/><W30/><G15/><T27/><D27/><U113/><E113/><V44/><REACH who="2" step="1"/><F60/><REACH who="2" step="2"/><N who="3" m="35911" /><G30/><T40/><REACH who="0" step="1"/><D46/><REACH who="0" step="2"/><U125/><E125/><V67/><F67/><W110/><G110/><T3/><D3/><U104/><E70/><V92/><F92/><N who="3" m="54351" /><G23/><T129/><D129/><U5/><E69/><V37/><F37/><W66/><G66/><T89/><AGARI ba="0,2" hai="4,6,10,12,16,40,47,49,59,63,64,89,93,97" machi="89" ten="20,8000,1" yaku="1,1,0,1,7,1,8,1,54,1,53,0" doraHai="81" doraHaiUra="35" who="0" fromWho="0" sc="98,100,388,-20,198,-40,296,-20" /><INIT seed="3,0,0,1,2,36" ten="198,368,158,276" oya="3" hai0="24,23,122,40,133,74,54,117,112,93,26,114,35" hai1="27,14,95,60,11,31,115,37,128,126,42,49,125" hai2="4,2,103,69,120,5,106,107,72,28,63,84,82" hai3="21,91,30,132,64,8,16,20,22,104,105,87,57" shuffle="mt19937ar,3A24A49B,FAA3998C,637DBD99,192313CA,7AEE63E5,79445110,46D610B5,A1E68FA5"/><W124/><G132/><T29/><D122/><U3/><E115/><N who="0" m="44073" /><D117/><U61/><E37/><V97/><F120/><W45/><G124/><N who="1" m="47722" /><E3/><V109/><F109/><W67/><G30/><N who="0" m="17695" /><D133/><U58/><E95/><V83/><F107/><W131/><G131/><T113/><D113/><U99/><E99/><V129/><F129/><W62/><G64/><T34/><D74/><U98/><E98/><V38/><F38/><W90/><G45/><T0/><D0/><U52/><E42/><V102/><F103/><W46/><G46/><T6/><D6/><N who="1" m="3447" /><E128/><V65/><F2/><W7/><G91/><T59/><D40/><U70/><E70/><V50/><F50/><W13/><REACH who="3" step="1"/><G7/><REACH who="3" step="2"/><T48/><D29/><U53/><E53/><V41/><F28/><W111/><G111/><T75/><D35/><AGARI ba="0,1" hai="27,31,35,49,52,58,60,61" m="3447,47722" machi="35" ten="30,2000,0" yaku="18,1,54,1" doraHai="36" who="1" fromWho="0" sc="198,-20,368,30,158,0,266,0" owari="178,-17,398,39,158,-24,266,2" /></mjloggm>