<mjloggm ver="2.3"><GO type="225"/><UN n0="%E2%98%85%E3%83%A6%E3%83%94%E3%83%86%E3%83%AB%E2%98%85" n1="%E3%83%AA%E3%83%AA%E3%82%A2%E3%83%BC%E3%83%8C" n2="%E3%82%88%E3%81%A3%E3%81%A1" n3="%E9%95%B7%E5%B2%A1%E5%A4%A7%E6%98%8E%E7%A5%9E" dan="17,17,16,16" rate="2088,2126,2074,2056" sx="M,F,M,F"/><TAIKYOKU oya="0"/><INIT seed="0,0,0,1,2,25" ten="250,250,250,250" oya="0" hai0="118,135,76,6,21,116,97,33,133,113,103,36,56" hai1="110,9,19,102,7,5,88,85,26,31,128,12,108" hai2="38,87,69,65,64,115,111,79,68,14,120,42,8" hai3="74,57,47,27,75,37,67,46,24,23,54,81,80" shuffle="mt19937ar,49AE1ACF,5C11F88F,88385574,BD9B861B,F4838A9F,1E81D677,B524758F,344F1ECB"/><T18/><D36/><U117/><E102/><V15/><F79/><W93/><G67/><T58/><D76/><U112/><E117/><V16/><F120/><W106/><G106/><T105/><D113/><U121/><E121/><V101/><F101/><W53/><G93/><T90/><D33/><U129/><E112/><V0/><F0/><W43/><G23/><T61/><D6/><N who="1" m="2059" /><E88/><V70/><F115/><W73/><G47/><T123/><D123/><U83/><E83/><V39/><F111/><N who="1" m="42537" /><E85/><V29/><F87/><W34/><G27/><N who="0" m="14775" /><D90/><U94/><E94/><V44/><F39/><W50/><REACH who="3" step="1"/><G54/><REACH who="3" step="2"/><N who="0" m="33943" /><D58/><U95/><E95/><V4/><F65/><W72/><G72/><T1/><D1/><U127/><E127/><V131/><F64/><W62/><G62/><T82/><D82/><U49/><E49/><V3/><F3/><W66/><G66/><T22/><D22/><AGARI ba="0,1" hai="9,12,19,22,26,31,128,129" m="42537,2059" machi="22" ten="30,7700,0" yaku="14,1,34,2,52,1" doraHai="25" who="1" fromWho="0" sc="250,-77,250,87,250,0,240,0" /><INIT seed="1,0,0,2,1,73" ten="173,337,250,240" oya="1" hai0="100,26,67,76,77,128,18,14,98,95,88,30,123" hai1="102,53,75,36,113,64,46,6,103,96,45,42,21" hai2="2,7,68,119,65,125,111,54,25,50,90,84,99" hai3="109,134,48,81,87,24,80,1,41,70,49,124,56" shuffle="mt19937ar,B5E5D4E3,BA2F0D82,E9170D28,AF3CEA30,A63F82FC,8220A6E6,2998A5DA,6EA2CE5E"/><U112/><E75/><V19/><F99/><W131/><G1/><T38/><D38/><U4/><E64/><V92/><F119/><W44/><G70/><T11/><D128/><U57/><E46/><V105/><F105/><W118/><G118/><T74/><D74/><U126/><E126/><V104/><F104/><W82/><G131/><T39/><D39/><U107/><E103/><V127/><F65/><W17/><G134/><T47/><D123/><U34/><E34/><V0/><F68/><W110/><G109/><T8/><D67/><U106/><E106/><V32/><F7/><W60/><G124/><N who="2" m="47689" /><F111/><W28/><G17/><T58/><D58/><U108/><E108/><V120/><F120/><W55/><G110/><T115/><D115/><U12/><E6/><V22/><F32/><W101/><G101/><T116/><D116/><U121/><E121/><V15/><F25/><W133/><G133/><T79/><D47/><AGARI ba="0,0" hai="0,2,15,19,22,47,50,54,84,90,92" m="47689" machi="47" ten="30,1000,0" yaku="18,1" doraHai="73" who="2" fromWho="0" sc="173,-10,337,0,250,10,240,0" /><INIT seed="2,0,0,4,1,29" ten="163,337,260,240" oya="2" hai0="123,7,26,42,76,94,98,121,6,64,39,66,135" hai1="120,130,68,102,15,59,107,67,53,2,116,41,133" hai2="83,20,127,89,131,73,17,0,77,37,23,54,71" hai3="34,43,106,18,50,14,87,4,21,126,118,84,128" shuffle="mt19937ar,69B94CE0,E9E63FD5,8ADA84BE,17A81875,F28FF3F4,913837A1,E06B8F28,7E4EE866"/><V88/><F71/><W32/><G106/><T13/><D76/><U25/><E2/><V56/><F37/><W10/><G118/><T31/><D135/><U104/><E116/><V8/><F127/><W132/><G132/><T69/><D39/><U36/><E133/><V47/><F131/><W109/><G128/><T5/><D42/><U12/><E120/><V93/><F47/><W80/><G126/><T61/><D66/><U33/><E130/><V19/><F0/><W28/><G109/><T46/><D46/><U3/><E3/><V51/><F8/><W35/><G28/><T90/><REACH who="0" step="1"/><D13/><REACH who="0" step="2"/><U70/><E15/><V134/><F134/><W105/><G43/><T58/><D58/><U11/><E12/><V124/><F124/><W110/><G110/><T111/><D111/><U129/><E67/><V30/><F56/><W48/><G105/><T22/><AGARI ba="0,1" hai="5,6,7,22,26,31,61,64,69,90,94,98,121,123" machi="22" ten="30,2000,0" yaku="1,1,0,1,53,0" doraHai="29" doraHaiUra="99" who="0" fromWho="0" sc="153,30,337,-5,260,-10,240,-5" /><INIT seed="3,0,0,3,0,36" ten="183,332,250,235" oya="3" hai0="9,1,118,132,128,95,61,18,47,94,4,35,16" hai1="65,71,100,14,124,68,28,69,135,123,119,129,91" hai2="55,53,49,44,32,5,117,10,27,24,6,70,131" hai3="122,42,104,56,87,66,50,105,39,85,58,93,116" shuffle="mt19937ar,9A52AA8D,840FB0AA,A112F1CE,98F55C61,31A8DC3C,B566ED3F,E97CBD6B,4708D679"/><W63/><G122/><T26/><D118/><U13/><E123/><V0/><F70/><W114/><G114/><T25/><D128/><U17/><E129/><V22/><F131/><W89/><G116/><T90/><D132/><U31/><E135/><V40/><F117/><W83/><G39/><T106/><D106/><U34/><E100/><V15/><F6/><W111/><G111/><T74/><D74/><U45/><E124/><V29/><F27/><W62/><G50/><T126/><D126/><U112/><E112/><V134/><F134/><W12/><G12/><T46/><D61/><U37/><E65/><V2/><F2/><W76/><REACH who="3" step="1"/><G42/><REACH who="3" step="2"/><T59/><D35/><U33/><E14/><V43/><F43/><W54/><AGARI ba="0,1" hai="54,56,58,62,63,66,76,83,85,87,89,93,104,105" machi="54" ten="20,12000,1" yaku="1,1,2,1,0,1,7,1,53,1" doraHai="36" doraHaiUra="84" who="3" fromWho="3" sc="183,-40,332,-40,250,-40,225,130" owari="143,-26,292,4,210,-14,355,36" /></mjloggm>