<mjloggm ver="2.3"><GO type="225"/><UN n0="%23%37%34%E5%A4%A7%E6%B2%BB%E9%83%8E" n1="%E3%83%80%E3%83%A0%E3%83%9E%E3%83%8B%E3%82%A2" n2="%45%56%41%4E%53%49%55" n3="%41%6D%41" dan="16,16,16,16" rate="2074,2123,2069,2038" sx="M,M,M,M"/><TAIKYOKU oya="0"/><INIT seed="0,0,0,1,5,95" ten="250,250,250,250" oya="0" hai0="89,59,19,124,126,135,129,108,3,93,123,60,125" hai1="15,39,128,52,78,97,41,47,130,62,77,44,113" hai2="92,112,58,106,12,54,46,0,115,70,105,57,5" hai3="74,102,100,134,132,107,56,49,82,101,10,11,29" shuffle="mt19937ar,8F5FF278,BA7576A3,9431DC4B,BF171F13,C0D415F7,B69802E7,D6A9D39A,01EE1364"/><T40/><D3/><U69/><E15/><V1/><F70/><W64/><G29/><T121/><D40/><U110/><E113/><V88/><F1/><W21/><G21/><T117/><D19/><U36/><E110/><V76/><F0/><W17/><G107/><T28/><D28/><U120/><E120/><V34/><F34/><W73/><G82/><T71/><D71/><U14/><E14/><V30/><F30/><W85/><G85/><T25/><D25/><U63/><E69/><V87/><F46/><W45/><G64/><T18/><D18/><U65/><E65/><V98/><F58/><W24/><G56/><T84/><D117/><U118/><E41/><V38/><F38/><W2/><G24/><T72/><D72/><N who="3" m="27753" /><G17/><T16/><D16/><U111/><E111/><V7/><F7/><W104/><G104/><T51/><D51/><U83/><E83/><V6/><F6/><W122/><G122/><T37/><D37/><U53/><REACH who="1" step="1"/><E97/><REACH who="1" step="2"/><V114/><F12/><W20/><G2/><T75/><D108/><U4/><E4/><V91/><F5/><W103/><N who="3" m="25600" /><DORA hai="86" /><W96/><G96/><T27/><D123/><U80/><E80/><V42/><F42/><N who="3" m="24759" /><G20/><T61/><D121/><U119/><AGARI ba="0,1" hai="36,39,44,47,52,53,62,63,77,78,118,119,128,130" machi="119" ten="25,8000,1" yaku="1,1,0,1,22,2,54,1,53,0" doraHai="95,86" doraHaiUra="55,133" who="1" fromWho="1" sc="250,-40,240,90,250,-20,250,-20" /><INIT seed="1,0,0,2,4,107" ten="210,330,230,230" oya="1" hai0="40,134,53,11,36,114,73,101,32,69,57,61,45" hai1="48,128,13,94,79,16,12,110,49,14,25,131,78" hai2="75,106,34,133,23,30,113,28,77,126,41,116,0" hai3="124,117,76,63,92,64,2,29,42,85,115,15,95" shuffle="mt19937ar,1BF582F8,A9E5CA84,89432A7C,ACAADB71,EC887D57,102296E5,7FA177E1,72384B14"/><U1/><E1/><V118/><F106/><W9/><G115/><T54/><D32/><U31/><E94/><V44/><F113/><W88/><G2/><T19/><D114/><U52/><E110/><V82/><F0/><W71/><G124/><T72/><D134/><U5/><E5/><V66/><F126/><W33/><G117/><T100/><D69/><U18/><E31/><V67/><F34/><W24/><G76/><N who="1" m="29226" /><E25/><V91/><F133/><W105/><G105/><T17/><D54/><U7/><E7/><V38/><F30/><W96/><G42/><T58/><D58/><U70/><E70/><V86/><F28/><W99/><REACH who="3" step="1"/><G95/><REACH who="3" step="2"/><T119/><D119/><U122/><E122/><V51/><F118/><W37/><G37/><T3/><D3/><U123/><E123/><V121/><F116/><W62/><G62/><T84/><D36/><U97/><E49/><V132/><F121/><W55/><G55/><T21/><D40/><U127/><E127/><V93/><F132/><W98/><G98/><T130/><D53/><U135/><E97/><V102/><F38/><W10/><G10/><T50/><D11/><U68/><E135/><V47/><F41/><W87/><G87/><T129/><D84/><U74/><E52/><V35/><F86/><W80/><G80/><T4/><D50/><U90/><E48/><V59/><F51/><W27/><G27/><T46/><D61/><U120/><E120/><V39/><F39/><W43/><G43/><T109/><D109/><U20/><E13/><V104/><F104/><W83/><G83/><T125/><D125/><RYUUKYOKU ba="0,1" sc="210,-10,330,-10,230,-10,220,30" hai3="9,15,24,29,33,63,64,71,85,88,92,96,99" /><INIT seed="2,1,1,4,4,132" ten="200,320,220,250" oya="2" hai0="109,13,120,32,113,66,42,103,96,18,45,16,7" hai1="27,6,25,89,38,126,35,41,128,127,17,130,49" hai2="40,52,101,20,108,73,115,11,135,77,1,117,76" hai3="65,106,82,107,62,44,99,55,9,91,2,102,104" shuffle="mt19937ar,1D06999A,54FC00A8,B4575E41,25810541,A816D58F,27C38BDB,42ADAA57,AC4A66F5"/><V15/><F115/><W129/><G129/><N who="1" m="49770" /><E38/><V56/><F117/><W111/><G111/><T67/><D113/><U4/><E89/><V114/><F114/><W88/><G2/><T24/><D120/><U3/><E41/><V37/><F135/><W134/><G134/><T60/><D109/><U78/><E78/><V51/><F108/><W93/><G9/><T100/><D7/><N who="1" m="2603" /><E49/><V26/><F1/><W121/><G121/><T90/><D90/><U12/><E3/><V53/><F73/><W10/><G82/><T0/><D0/><U131/><E131/><V122/><F101/><W36/><G36/><T119/><D119/><U87/><E87/><V98/><F98/><W22/><G102/><T34/><D103/><U97/><E97/><V110/><F122/><W31/><G91/><T54/><D54/><U33/><E25/><V19/><F110/><W70/><G44/><T72/><D72/><U8/><E27/><V86/><F86/><W112/><G112/><T29/><D13/><U94/><E94/><V125/><F53/><W105/><G55/><T74/><D74/><U92/><E92/><V14/><F14/><W64/><G107/><N who="0" m="63879" /><D67/><U79/><E79/><N who="2" m="30283" /><F40/><W57/><G65/><T46/><D46/><U63/><E63/><V47/><F47/><W118/><G118/><T50/><D34/><AGARI ba="1,1" hai="8,12,17,33,34,35,126,127" m="2603,49770" machi="34" ten="40,8000,1" yaku="19,1,34,2,52,2" doraHai="132" who="1" fromWho="0" sc="200,-83,320,93,220,0,250,0" /><INIT seed="3,0,0,1,4,64" ten="117,413,220,250" oya="3" hai0="5,21,75,51,3,104,34,134,41,19,47,128,95" hai1="109,54,119,127,114,88,30,80,39,85,22,63,8" hai2="101,108,131,102,29,36,43,2,20,81,110,84,28" hai3="135,121,24,1,12,117,40,65,99,57,105,106,66" shuffle="mt19937ar,ABE8C131,D3B48833,87BBBE0E,20B0631D,F1A4837D,1D9BA5B7,D02667B1,A11007D8"/><W33/><G121/><T79/><D104/><U74/><E39/><V55/><F2/><W37/><G117/><T9/><D134/><U96/><E114/><V120/><F120/><W72/><G1/><T18/><D128/><U111/><E119/><V32/><F131/><W103/><G135/><T82/><D34/><U90/><E74/><V67/><F32/><W11/><G72/><T45/><D21/><U68/><E8/><V7/><F7/><W26/><G106/><T60/><D95/><N who="1" m="56423" /><E127/><V122/><F122/><W46/><G57/><T83/><D83/><U71/><E54/><V25/><F29/><W58/><G58/><T31/><D31/><U70/><E63/><V86/><F67/><W69/><G33/><T116/><D116/><U38/><E38/><V97/><F55/><W115/><G115/><T59/><D47/><U133/><E133/><V92/><F101/><W16/><REACH who="3" step="1"/><G66/><AGARI ba="0,0" hai="3,5,9,18,19,41,45,51,59,60,66,75,79,82" machi="66" ten="30,1000,0" yaku="7,1" doraHai="64" who="0" fromWho="3" sc="117,10,413,0,220,0,250,-10" owari="127,-27,413,41,220,-13,240,-1" /></mjloggm>