<mjloggm ver="2.3"><GO type="225"/><UN n0="%E3%82%AF%E3%83%AB%E3%83%AB%E2%98%86" n1="%E3%81%B6%E3%81%A3%E3%81%A8%E3%81%B3%E4%BE%8D" n2="%E9%95%B7%E6%9D%91%E3%83%93%E3%83%83%E3%82%B0" n3="%E3%82%88%E3%81%A3%E3%81%A1" dan="16,16,16,16" rate="2055,2064,2068,2070" sx="F,M,M,M"/><TAIKYOKU oya="0"/><INIT seed="0,0,0,3,3,49" ten="250,250,250,250" oya="0" hai0="86,19,57,50,66,112,101,107,54,14,31,71,130" hai1="11,44,37,121,72,16,27,52,53,99,10,111,26" hai2="43,95,40,8,109,65,47,38,85,129,39,25,135" hai3="115,70,114,79,81,76,132,46,24,63,18,23,89" shuffle="mt19937ar,2C50C718,B1CBB483,35B31B6C,BA7C091E,994E1E50,E3C44FD8,FB6B47A2,C229D21D"/><T69/><D112/><U90/><E72/><V67/><F109/><W33/><G33/><T123/><D123/><U83/><E121/><V98/><F135/><W75/><G76/><T113/><D113/><U93/><E111/><V55/><F129/><W13/><G132/><T2/><D2/><U1/><E1/><V60/><F85/><W124/><G124/><T127/><D127/><U97/><E83/><V4/><F25/><N who="1" m="9225" /><E37/><V58/><F40/><W91/><G46/><T41/><D31/><U74/><E74/><V110/><F38/><W131/><G131/><T9/><D130/><U80/><E44/><V62/><F62/><W126/><G126/><T32/><D32/><U17/><E80/><V106/><F106/><W6/><G114/><T35/><D35/><U12/><E99/><V36/><F36/><W104/><G104/><T34/><D34/><U94/><E94/><V56/><F56/><W21/><G115/><T105/><D41/><U51/><E51/><V15/><REACH who="2" step="1"/><F110/><REACH who="2" step="2"/><W45/><G45/><N who="0" m="27983" /><D107/><U48/><E48/><V122/><F122/><W42/><G42/><T3/><D105/><U128/><E128/><V5/><F5/><W61/><G6/><T30/><D86/><U103/><E103/><AGARI ba="0,1" hai="4,8,15,39,43,47,55,58,60,65,67,95,98,103" machi="103" ten="30,3900,0" yaku="1,1,7,1,52,1,53,0" doraHai="49" doraHaiUra="120" who="2" fromWho="1" sc="250,0,250,-39,240,49,250,0" /><INIT seed="1,0,0,0,5,101" ten="250,211,289,250" oya="1" hai0="95,20,114,2,61,79,38,127,117,64,73,19,82" hai1="25,16,77,42,37,18,56,35,34,103,97,44,80" hai2="104,55,0,54,65,70,40,57,93,87,108,90,99" hai3="84,91,89,28,3,11,21,27,121,71,52,102,92" shuffle="mt19937ar,7B4D1750,A3E1028C,2A7F1F68,DD1E970D,1493CCB2,E79E04AD,F51FA2FC,6FA132AE"/><U129/><E129/><V50/><F0/><W72/><G71/><T48/><D114/><U31/><E35/><V59/><F108/><W53/><G72/><T68/><D38/><U96/><E56/><V60/><F40/><W62/><G121/><T120/><D117/><U105/><REACH who="1" step="1"/><E97/><REACH who="1" step="2"/><V7/><F99/><W51/><G62/><T46/><D61/><U6/><E6/><V76/><F7/><W130/><G130/><T13/><D120/><U63/><E63/><V94/><F59/><W4/><G84/><AGARI ba="0,1" hai="16,18,25,31,34,37,42,44,77,80,84,96,103,105" machi="84" ten="30,12000,1" yaku="1,1,7,1,52,1,54,1,53,1" doraHai="101" doraHaiUra="24" who="1" fromWho="3" sc="250,0,201,130,289,0,250,-120" /><INIT seed="1,1,0,3,1,49" ten="250,331,289,130" oya="1" hai0="83,25,61,46,20,79,99,69,94,115,123,62,135" hai1="34,114,131,59,81,124,6,92,58,11,41,27,47" hai2="126,2,70,9,53,128,102,74,107,84,91,64,29" hai3="103,19,106,17,16,95,3,15,116,28,87,39,12" shuffle="mt19937ar,5C36A855,B50D53DD,4A177B9B,954F3233,A69CBF84,DE463C96,E27F7969,09A51EF8"/><U98/><E114/><V77/><F29/><W110/><G39/><T117/><D115/><U118/><E118/><V67/><F70/><W43/><G43/><T88/><D117/><U10/><E124/><V68/><F68/><W108/><G3/><T71/><D135/><U113/><E113/><V0/><F128/><W42/><G42/><T26/><D123/><U121/><E121/><V129/><F129/><W55/><G106/><T120/><D120/><U76/><E131/><V54/><F126/><W22/><G116/><T60/><D46/><U97/><E97/><V132/><F132/><W105/><G105/><T109/><D109/><N who="3" m="42089" /><G103/><T133/><D133/><U127/><E127/><V125/><F125/><W45/><G95/><T51/><D51/><U122/><E122/><V78/><F102/><W23/><G87/><T57/><D57/><U72/><E27/><V13/><F84/><W101/><G101/><T21/><D26/><U1/><E11/><V104/><F9/><W65/><G65/><T48/><D48/><U37/><E34/><V38/><F91/><AGARI ba="1,0" hai="1,6,10,37,41,47,58,59,72,76,81,91,92,98" machi="91" ten="30,5800,0" yaku="7,1,25,2" doraHai="49" who="1" fromWho="2" sc="250,0,331,61,289,-61,130,0" /><INIT seed="1,2,0,1,1,107" ten="250,392,228,130" oya="1" hai0="40,104,99,120,89,58,45,111,1,42,6,9,35" hai1="33,113,51,129,29,131,11,71,43,21,112,115,124" hai2="101,84,67,26,31,53,78,70,28,57,13,8,105" hai3="15,69,65,62,61,30,18,127,64,90,38,106,76" shuffle="mt19937ar,40811CD2,51CBFC4A,81ACFE57,E0F4062F,803A31D2,4E291322,2F470ED4,78C1719C"/><U88/><E71/><V48/><F105/><W23/><G106/><T128/><D35/><U19/><E124/><V79/><F101/><W102/><G127/><T44/><D111/><U68/><E68/><V125/><F125/><W92/><G38/><T59/><D128/><N who="1" m="49227" /><E11/><V95/><F67/><W85/><G76/><N who="2" m="29225" /><F26/><W66/><G102/><T39/><D120/><U119/><E119/><V75/><F75/><W83/><G69/><T109/><D109/><U27/><E88/><N who="2" m="53639" /><F70/><W41/><G41/><T60/><D60/><U37/><E37/><V12/><F12/><W22/><REACH who="3" step="1"/><G83/><REACH who="3" step="2"/><T117/><D104/><U3/><E115/><V17/><AGARI ba="2,1" hai="8,13,17,28,31,48,53,57" m="53639,29225" machi="17" ten="30,2000,0" yaku="8,1,54,1" doraHai="107" who="2" fromWho="2" sc="250,-7,392,-12,228,36,120,-7" /><INIT seed="2,0,0,4,0,124" ten="243,380,264,113" oya="2" hai0="88,97,101,55,62,117,131,85,127,0,33,135,61" hai1="20,3,49,103,38,22,114,48,73,50,57,122,94" hai2="25,7,4,47,112,109,80,120,134,60,59,42,43" hai3="105,2,32,67,119,76,54,129,24,58,100,84,52" shuffle="mt19937ar,C5A15249,E156D704,E67EF9EA,962EBBC1,1CD0A24A,F07C6F48,9B91BE26,C8C93EEB"/><V123/><F112/><W132/><G2/><T90/><D0/><U74/><E38/><V23/><F134/><W91/><G119/><T56/><D33/><U115/><E3/><V86/><F109/><W10/><G132/><T15/><D135/><U65/><E122/><V75/><F75/><W68/><G76/><T26/><D127/><U30/><E74/><V8/><F123/><W130/><G10/><T1/><D1/><U81/><E81/><V6/><F8/><W89/><G89/><T69/><D117/><U41/><E41/><V29/><F47/><W70/><G70/><T21/><D15/><U116/><E73/><V104/><F104/><W11/><G11/><T107/><D131/><N who="3" m="50185" /><G68/><T92/><D90/><U46/><E116/><V63/><F120/><W16/><G67/><T110/><D110/><U83/><E65/><N who="2" m="39071" /><F63/><N who="3" m="36295" /><G54/><T121/><D121/><U51/><E46/><V95/><F95/><N who="3" m="54759" /><G105/><T44/><D69/><U66/><E66/><V40/><F40/><W36/><G100/><T34/><D101/><U126/><E103/><V14/><F43/><W125/><G125/><T27/><D107/><U93/><E126/><V87/><F42/><W113/><G113/><T64/><D64/><U31/><E115/><V18/><F80/><W102/><G102/><T111/><D111/><U5/><E83/><V72/><F72/><W78/><G78/><T71/><D55/><N who="1" m="31999" /><E114/><V128/><F128/><W13/><G36/><T37/><D37/><U35/><E94/><V45/><F45/><W12/><G32/><T133/><D34/><U19/><E35/><V98/><F98/><RYUUKYOKU ba="0,0" sc="243,-15,380,-15,264,15,113,15" hai2="4,6,7,14,18,23,25,29,86,87" hai3="12,13,16,24" /><INIT seed="2,1,0,1,0,68" ten="228,365,279,128" oya="2" hai0="96,80,46,75,49,76,23,67,55,32,110,4,106" hai1="43,13,93,11,39,29,70,7,45,135,60,48,65" hai2="54,30,0,107,47,42,14,79,64,123,94,78,21" hai3="3,12,81,89,18,126,6,112,20,58,33,85,108" shuffle="mt19937ar,864C64DC,E6224B1A,3245EA49,78B7D462,2B370AA6,BFD0A048,CE4D1AE6,DA3D5585"/><V28/><F107/><W130/><G112/><T17/><D32/><U82/><E135/><V118/><F0/><W36/><G130/><T57/><D110/><U83/><E29/><V50/><F118/><W95/><G33/><T132/><D132/><U119/><E119/><V116/><F116/><W133/><G108/><T40/><D4/><U34/><E34/><V5/><F123/><W41/><G133/><T8/><D8/><U87/><E48/><V98/><F64/><W51/><G126/><T1/><D1/><U44/><E44/><V71/><F71/><W125/><G125/><T56/><D67/><U100/><E100/><V124/><F124/><W9/><G58/><T10/><D10/><U69/><E69/><V73/><F73/><W31/><G51/><T63/><D57/><U90/><AGARI ba="1,0" hai="7,11,13,39,43,45,60,65,70,82,83,87,90,93" machi="90" ten="30,2000,0" yaku="0,1,52,1" doraHai="68" who="1" fromWho="1" sc="228,-6,365,23,279,-11,128,-6" /><INIT seed="3,0,0,4,2,25" ten="222,388,268,122" oya="3" hai0="91,124,59,0,3,44,24,93,88,57,74,99,32" hai1="77,135,71,45,117,122,121,16,47,31,87,14,36" hai2="106,8,11,127,50,84,10,40,100,13,39,134,49" hai3="34,92,26,81,28,111,78,6,105,41,89,76,9" shuffle="mt19937ar,F59B3A52,ABEC9F35,B732B3C1,5CB3E1FE,E7F9912D,7FD63E78,94203EC9,E315B096"/><W53/><G105/><T130/><D74/><U113/><E71/><V103/><F106/><W66/><G111/><T2/><D124/><U102/><E113/><V22/><F127/><W108/><G108/><T69/><D69/><U116/><E31/><V94/><F39/><W109/><G66/><T4/><D4/><U17/><E17/><N who="2" m="10543" /><F134/><W104/><G104/><T128/><D44/><U33/><E47/><N who="2" m="25831" /><F50/><W129/><G41/><T131/><D91/><AGARI ba="0,0" hai="8,10,11,84,91,94,100,103" m="25831,10543" machi="91" ten="30,1000,0" yaku="8,1" doraHai="25" who="2" fromWho="0" sc="222,-10,388,0,268,10,122,0" owari="212,-14,388,39,278,3,122,-28" /></mjloggm>