<mjloggm ver="2.3"><GO type="225"/><UN n0="%E5%BE%85%E3%81%A1%E3%81%A8%E3%82%89%E3%81%9A" n1="%E3%81%BE%E3%82%8D%E3%81%B0%E3%81%97" n2="%E3%83%81%E3%83%A3%E3%82%AA%E3%83%AA" n3="%41%6D%41" dan="16,17,17,16" rate="2048,2097,2137,2043" sx="M,M,M,M"/><TAIKYOKU oya="0"/><INIT seed="0,0,0,0,1,62" ten="250,250,250,250" oya="0" hai0="115,75,34,44,81,19,0,68,116,111,27,21,93" hai1="95,54,67,90,11,78,40,125,114,28,107,55,6" hai2="10,3,84,123,132,64,29,92,15,12,58,122,110" hai3="13,83,63,101,17,69,41,30,124,23,121,36,33" shuffle="mt19937ar,493F74A2,DDC1FC89,5044BA60,3354D3C6,9C4CB0F7,473E5C5D,FCCDBA5D,03DFC7F1"/><T31/><D116/><U85/><E125/><V126/><F126/><W59/><G124/><T65/><D0/><U7/><E107/><V25/><F3/><W4/><G121/><T108/><D115/><U102/><E114/><V49/><F110/><W131/><G131/><T134/><D134/><U46/><E102/><V48/><F132/><W74/><G69/><T26/><D93/><U117/><E117/><V60/><F123/><W128/><G128/><T37/><D37/><U51/><E28/><V47/><F122/><W73/><G101/><T105/><D105/><U91/><E78/><V106/><F106/><W57/><G4/><T18/><D44/><U113/><E113/><V22/><F10/><W103/><G103/><T86/><D75/><U135/><E135/><V43/><REACH who="2" step="1"/><F48/><REACH who="2" step="2"/><W35/><G36/><T24/><D111/><U77/><E11/><V66/><F66/><W80/><G73/><T130/><D130/><U56/><E67/><V53/><F53/><W42/><G74/><T32/><D108/><U88/><E55/><V96/><F96/><W104/><G104/><T45/><D65/><U61/><E95/><V79/><F79/><W76/><G76/><T99/><D99/><U39/><E39/><V16/><F16/><W120/><G17/><T52/><D18/><U127/><E127/><V2/><F2/><W71/><G120/><T100/><D19/><U94/><E94/><V133/><F133/><W109/><G109/><T50/><D50/><U5/><E5/><V89/><AGARI ba="0,1" hai="12,15,22,25,29,43,47,49,58,60,64,84,89,92" machi="89" ten="30,8000,1" yaku="1,1,0,1,8,1,52,1,53,1" doraHai="62" doraHaiUra="87" who="2" fromWho="2" sc="250,-40,250,-20,240,90,250,-20" /><INIT seed="1,0,0,2,2,66" ten="210,230,330,230" oya="1" hai0="40,80,85,89,104,53,123,25,93,12,59,83,73" hai1="50,48,47,28,108,105,33,74,129,41,5,39,120" hai2="37,81,90,124,35,15,63,77,2,62,92,86,45" hai3="97,51,135,36,131,78,106,132,23,54,24,46,91" shuffle="mt19937ar,EB8259AE,91B6DD3E,7C02F12D,5207837F,D9868D74,456A72B8,B88E64DA,1AB77F45"/><U10/><E120/><V100/><F2/><W127/><G127/><T98/><D123/><U76/><E105/><V103/><F35/><W57/><G131/><T125/><D125/><U0/><E129/><V42/><F124/><W128/><G128/><T1/><D1/><U52/><E108/><V114/><F114/><W122/><G122/><T75/><D104/><U43/><E43/><V38/><F38/><W44/><G78/><T102/><D83/><U30/><E33/><V71/><F15/><W72/><G72/><T56/><D40/><U70/><E70/><V115/><F115/><W94/><G106/><T84/><D84/><U121/><E121/><V107/><F71/><W99/><G99/><T68/><D68/><U60/><E60/><V14/><F14/><W49/><G36/><T16/><D25/><U58/><E48/><V9/><F9/><W34/><G34/><T64/><D64/><U11/><E11/><V29/><F29/><N who="3" m="17567" /><G51/><T110/><D110/><U19/><E19/><V116/><F107/><W126/><G126/><T69/><D69/><U95/><E95/><V113/><F92/><W7/><G7/><T20/><REACH who="0" step="1"/><D53/><REACH who="0" step="2"/><U112/><E112/><V55/><F81/><AGARI ba="0,1" hai="0,5,10,28,30,39,41,47,50,52,58,74,76,81" machi="81" ten="40,7700,0" yaku="25,2,54,1" doraHai="66" who="1" fromWho="2" sc="200,0,230,87,330,-77,230,0" /><INIT seed="1,1,0,2,1,113" ten="200,317,253,230" oya="1" hai0="63,21,3,45,82,43,20,28,53,86,111,84,121" hai1="101,23,31,22,96,1,93,17,131,64,51,77,123" hai2="16,117,59,88,60,12,58,108,120,4,114,126,115" hai3="124,122,39,109,90,70,26,119,69,11,85,29,112" shuffle="mt19937ar,42EA2100,798D2F5C,F7208C90,6AC939C9,8BDEA0CB,31952BF0,40A7BA5B,8DFC6848"/><U5/><E123/><V54/><F108/><W99/><G122/><T134/><D121/><U18/><E131/><V41/><F41/><W27/><G112/><N who="2" m="43049" /><F120/><W68/><G39/><T8/><D111/><U34/><E34/><V107/><F107/><W125/><G109/><T24/><D134/><U130/><E130/><V37/><F37/><W32/><G99/><T55/><D63/><U36/><E36/><V35/><F35/><W73/><G73/><T46/><D21/><U9/><E77/><V97/><F126/><N who="3" m="48747" /><G27/><T30/><D30/><U98/><E64/><V128/><F128/><W61/><G11/><T67/><D67/><U106/><E51/><V44/><F4/><W74/><G74/><T105/><D105/><U2/><E2/><V104/><F117/><W65/><G119/><T87/><D82/><AGARI ba="1,0" hai="26,29,32,61,65,68,69,70,82,85,90" m="48747" machi="82" ten="30,1000,0" yaku="18,1" doraHai="113" who="3" fromWho="0" sc="200,-13,317,0,253,0,230,13" /><INIT seed="2,0,0,0,1,70" ten="187,317,253,243" oya="2" hai0="42,100,45,73,69,76,17,98,13,57,123,48,62" hai1="132,0,58,81,134,127,36,119,118,93,33,32,112" hai2="67,63,15,44,103,83,49,128,77,14,55,115,84" hai3="130,126,28,125,19,66,129,85,117,40,106,120,105" shuffle="mt19937ar,FBAE6FB4,A01F4508,9F9F7E02,0F8A00B1,49CB4742,9B28575E,BAA8BDE2,379C9C8F"/><V122/><F115/><W65/><G28/><T101/><D123/><U107/><E107/><N who="3" m="40970" /><G19/><T11/><D69/><U46/><E112/><V94/><F122/><W53/><G120/><T37/><D73/><U110/><E0/><V30/><F30/><W24/><G24/><T29/><D76/><U61/><E81/><V59/><REACH who="2" step="1"/><F128/><REACH who="2" step="2"/><N who="3" m="49259" /><G117/><T133/><D29/><U86/><E119/><V71/><F71/><W34/><G34/><T68/><D133/><U131/><E118/><V27/><F27/><W12/><G12/><T99/><D101/><U113/><E33/><V102/><F102/><W124/><G53/><N who="0" m="31911" /><D100/><U23/><E32/><V1/><F1/><W54/><G54/><T20/><D11/><U111/><E131/><V9/><F9/><W79/><G40/><T8/><D8/><U95/><E134/><V52/><F52/><W38/><G66/><AGARI ba="0,1" hai="13,17,20,37,42,45,62,66,68,98,99" m="31911" machi="66" ten="30,2000,0" yaku="24,1,52,1" doraHai="70" who="0" fromWho="3" sc="187,30,317,0,243,0,243,-20" /><INIT seed="3,0,0,1,5,22" ten="217,317,243,223" oya="3" hai0="84,9,93,131,110,127,47,6,59,61,116,23,4" hai1="18,104,80,51,68,94,119,11,56,70,25,73,36" hai2="114,53,38,118,27,88,72,77,98,10,75,120,30" hai3="100,79,17,82,1,2,133,12,91,40,97,65,86" shuffle="mt19937ar,AC57A03C,BA119B5E,30E4B607,770CDDEA,7B7F7FB3,6BD1A7DB,D0061B27,6B27C98C"/><W135/><G65/><T62/><D116/><U50/><E104/><V46/><F118/><W99/><G40/><T54/><D110/><U103/><E36/><V26/><F114/><W102/><G12/><T45/><D131/><U42/><E119/><V20/><F75/><N who="3" m="43391" /><G17/><T64/><D127/><U76/><E51/><N who="2" m="28919" /><F72/><W85/><G2/><T108/><D108/><U32/><E32/><V95/><F38/><W8/><G8/><T60/><D64/><U129/><E129/><V67/><F120/><W71/><G1/><T112/><D112/><U105/><E105/><V58/><F77/><W7/><G7/><T13/><D4/><U87/><E73/><V28/><F10/><W106/><G71/><T24/><D93/><U132/><E11/><V81/><F81/><N who="3" m="49583" /><G86/><T55/><D84/><U122/><E87/><V117/><F117/><W126/><G126/><T123/><D123/><U0/><E122/><V111/><F111/><W41/><G41/><T134/><D134/><N who="3" m="51209" /><G106/><T78/><D78/><U74/><E76/><V44/><F44/><N who="0" m="16970" /><D59/><U128/><E56/><V3/><F3/><W121/><G121/><T115/><D115/><U101/><E0/><V124/><F124/><W52/><G52/><N who="0" m="20011" /><D62/><U21/><E132/><V89/><F58/><W130/><G130/><T69/><D69/><U63/><E128/><V33/><F67/><W16/><G16/><AGARI ba="0,0" hai="6,9,13,16,23,24,60,61" m="20011,16970" machi="16" ten="30,7700,0" yaku="8,1,52,1,54,2" doraHai="22" who="0" fromWho="3" sc="217,77,317,0,243,0,223,-77" owari="294,4,317,32,243,-11,146,-25" /></mjloggm>