<mjloggm ver="2.3"><GO type="225"/><UN n0="%E5%88%BB%E5%AD%90%E5%B8%82%E6%B0%91" n1="%E3%81%BF%E3%81%A3%E3%81%A4%E3%81%83%EF%BD%9E" n2="%E8%B6%85%E3%83%92%E3%83%A2%E3%83%AA%E3%83%AD" n3="%E9%9B%81%E7%BA%8F" dan="17,17,17,16" rate="2126,2140,2091,2080" sx="M,F,F,M"/><TAIKYOKU oya="0"/><INIT seed="0,0,0,3,3,1" ten="250,250,250,250" oya="0" hai0="82,31,44,107,99,18,48,56,108,129,114,34,74" hai1="27,96,11,93,81,131,25,72,124,106,64,33,120" hai2="101,119,117,29,109,59,130,54,23,103,66,79,65" hai3="53,14,98,12,70,90,37,2,41,73,125,7,68" shuffle="mt19937ar,619E9976,63AC21DB,517BC2B4,9A8EF78E,E7A7C39F,C0D48438,F05434EF,7F59B293"/><T55/><D114/><U111/><E106/><V128/><F79/><W57/><G73/><T9/><D31/><U123/><E11/><V92/><F29/><W80/><G2/><T89/><D34/><U122/><E111/><V26/><F26/><W61/><G125/><T8/><D108/><U51/><E64/><N who="2" m="24683" /><F23/><W16/><G37/><T95/><D107/><U116/><E124/><V118/><F109/><W45/><G12/><T94/><D129/><N who="2" m="49770" /><F92/><W110/><G110/><T60/><D94/><U4/><E131/><V133/><F133/><W135/><G135/><T15/><D74/><U10/><E116/><V20/><F20/><W19/><G70/><T63/><D82/><U88/><E33/><V126/><F126/><W113/><G68/><T43/><REACH who="0" step="1"/><D9/><REACH who="0" step="2"/><U132/><E132/><V76/><F76/><W38/><G80/><T104/><D104/><U28/><E28/><V5/><F103/><W105/><G113/><T24/><D24/><U84/><E72/><V0/><F101/><W112/><G112/><T39/><AGARI ba="0,1" hai="8,15,18,39,43,44,48,55,56,60,63,89,95,99" machi="39" ten="20,7800,0" yaku="1,1,0,1,7,1,53,1" doraHai="1" doraHaiUra="47" who="0" fromWho="0" sc="240,88,250,-26,250,-26,250,-26" /><INIT seed="0,1,0,0,1,95" ten="328,224,224,224" oya="0" hai0="120,47,75,44,124,105,65,92,129,97,43,135,108" hai1="58,26,31,6,70,76,107,35,113,21,85,8,126" hai2="114,109,118,11,78,60,55,64,117,38,110,17,67" hai3="20,83,101,88,54,125,18,111,22,122,119,81,34" shuffle="mt19937ar,CC6F2947,36C05790,29330046,74B80C90,92E214AC,D2629B8C,384A35CB,09BDE897"/><T134/><D75/><U52/><E70/><V127/><F78/><W14/><G34/><T62/><D120/><U30/><E113/><V90/><F114/><W37/><G37/><T0/><D0/><U68/><E68/><V130/><F90/><W12/><G122/><T33/><D33/><U53/><E126/><V56/><F11/><W100/><G125/><T132/><D105/><U80/><E107/><V7/><F17/><N who="3" m="10279" /><G119/><N who="2" m="45577" /><F7/><W29/><G111/><N who="2" m="42505" /><F127/><W13/><G29/><T5/><D108/><U115/><E115/><V32/><F32/><W39/><G39/><T1/><D124/><U86/><E31/><V73/><F73/><W40/><G40/><T24/><D5/><U49/><E35/><V87/><F87/><N who="3" m="50287" /><G83/><T46/><D1/><U103/><E86/><V69/><F38/><W36/><G36/><T84/><D84/><U16/><E30/><V2/><F2/><W104/><G104/><T99/><D92/><U42/><E6/><V63/><F130/><W106/><G106/><T15/><D129/><U51/><E8/><V57/><F69/><W23/><G23/><T9/><D9/><U71/><E71/><V89/><F89/><W112/><G14/><T123/><D15/><U77/><E103/><N who="3" m="39498" /><G112/><T45/><D123/><U96/><E77/><V79/><F79/><W121/><G121/><T19/><D19/><U131/><E131/><V66/><AGARI ba="1,0" hai="55,56,57,60,63,64,66,67" m="42505,45577" machi="66" ten="40,8000,1" yaku="12,1,14,1,34,2" doraHai="95" who="2" fromWho="2" sc="328,-41,224,-21,224,83,224,-21" /><INIT seed="1,0,0,1,4,73" ten="287,203,307,203" oya="1" hai0="65,87,74,131,118,15,60,117,26,133,25,22,116" hai1="47,1,59,19,122,63,132,67,23,18,20,77,21" hai2="70,11,81,61,83,48,104,6,62,28,112,127,102" hai3="101,39,42,94,14,109,4,123,24,45,119,38,114" shuffle="mt19937ar,5E669DD7,927F0CA1,4E91C7D1,511DA69F,6A5DE40C,4B19C56E,210D9CE6,5B26C4F6"/><U90/><E1/><V88/><F28/><W93/><G114/><T98/><D74/><U68/><E122/><V3/><F112/><W78/><G123/><T27/><D131/><U44/><E132/><V8/><F127/><W110/><G39/><T124/><D133/><U31/><E31/><V17/><F102/><W54/><G119/><T115/><D115/><U85/><E68/><V53/><F104/><W46/><G101/><T121/><D121/><U35/><E35/><V69/><F69/><W72/><G24/><T7/><D124/><U43/><E77/><V55/><F55/><W37/><G4/><T97/><D87/><U76/><E76/><V129/><F129/><W33/><G14/><T71/><D7/><U96/><E96/><V30/><F30/><W80/><G33/><T82/><D82/><N who="1" m="49463" /><E43/><V103/><F103/><W66/><G66/><T105/><D105/><U58/><E58/><V128/><F70/><W79/><G54/><T10/><D98/><U130/><E130/><V107/><F107/><W120/><G120/><T91/><D97/><U75/><E75/><V108/><F128/><W49/><G79/><T0/><D0/><U84/><E84/><V32/><F32/><W64/><G64/><T9/><D91/><U89/><E89/><V113/><F88/><W5/><G5/><T99/><D99/><U86/><E86/><V126/><F126/><W95/><G38/><T125/><D125/><U134/><E134/><V51/><F113/><W29/><G29/><T92/><D92/><U41/><E41/><V40/><F40/><N who="3" m="24775" /><G37/><T56/><D71/><RYUUKYOKU ba="0,0" sc="287,10,203,10,307,-30,203,10" hai0="9,10,15,22,25,26,27,56,60,65,116,117,118" hai1="18,19,20,21,23,44,47,59,63,67" hai3="42,45,72,78,80,93,94,95,109,110" /><INIT seed="1,1,0,2,4,83" ten="297,213,277,213" oya="1" hai0="118,64,42,41,6,18,84,65,94,78,133,38,1" hai1="113,102,103,96,57,71,25,58,67,27,101,114,109" hai2="51,10,62,120,107,91,8,12,69,122,93,49,19" hai3="23,77,36,86,110,32,60,63,14,89,92,117,66" shuffle="mt19937ar,39F4163B,35F19FF1,5C45316C,B1A5FA9C,806BA3D3,0C05F08A,AECA7A9D,BFD0C94C"/><U7/><E96/><V40/><F107/><W48/><G36/><T119/><D6/><U50/><E71/><V82/><F69/><W105/><G32/><T128/><D1/><U68/><E68/><V5/><F62/><W21/><G105/><T17/><D38/><U85/><E7/><V115/><F115/><W55/><G110/><T46/><D46/><U112/><E109/><V43/><F82/><W126/><G126/><T111/><D78/><U22/><E67/><V56/><F120/><W35/><G35/><T2/><D94/><U34/><E34/><V79/><F79/><W72/><G117/><T47/><D47/><U28/><E27/><V97/><F122/><W74/><G77/><T13/><D13/><U54/><REACH who="1" step="1"/><E85/><REACH who="1" step="2"/><V129/><F5/><W104/><G104/><T31/><D84/><U4/><E4/><V52/><F97/><W15/><G66/><T135/><D111/><U24/><E24/><V134/><F12/><N who="3" m="4651" /><G74/><T75/><D75/><U127/><E127/><V132/><F132/><W95/><G72/><T116/><D116/><U99/><E99/><V87/><F134/><W29/><G29/><T26/><D26/><U123/><E123/><V125/><F125/><W81/><G23/><T124/><D124/><U53/><E53/><V100/><F52/><W45/><G21/><T76/><D31/><U9/><E9/><V90/><F10/><W37/><G37/><T70/><D70/><U39/><E39/><V11/><F8/><W44/><G44/><AGARI ba="1,1" hai="22,25,28,44,50,54,57,58,101,102,103,112,113,114" machi="44" ten="50,2400,0" yaku="1,1,53,0" doraHai="83" doraHaiUra="30" who="1" fromWho="3" sc="297,0,203,37,277,0,213,-27" /><INIT seed="1,2,0,0,1,87" ten="297,240,277,186" oya="1" hai0="89,97,66,41,52,120,6,131,19,118,39,45,25" hai1="101,115,129,9,54,43,12,90,114,82,79,135,116" hai2="16,108,53,58,56,117,125,124,35,21,80,22,55" hai3="121,103,14,91,5,31,74,99,24,112,132,44,72" shuffle="mt19937ar,DAA797B1,5E12F2D9,FD5D7488,A12B42E7,123C8808,C767FC76,AF464437,41714522"/><U95/><E116/><V32/><F80/><W42/><G121/><T27/><D118/><U130/><E43/><V86/><F117/><W0/><G112/><T85/><D120/><U81/><E101/><V133/><F86/><W76/><G132/><T2/><D66/><U15/><E54/><V1/><F1/><W111/><G14/><N who="1" m="5162" /><E9/><V96/><F96/><W3/><G111/><T84/><D52/><N who="2" m="20042" /><F108/><W11/><G0/><T8/><D131/><N who="1" m="50187" /><E135/><V77/><F133/><W13/><G13/><T47/><D47/><U126/><E126/><N who="2" m="48747" /><F77/><W4/><G4/><T128/><D128/><U107/><E107/><V20/><F16/><W88/><G76/><T94/><D19/><U64/><E64/><V59/><AGARI ba="2,0" hai="20,21,22,32,35,56,58,59" m="48747,20042" machi="59" ten="40,8000,1" yaku="28,2,18,1,54,1" doraHai="87" who="2" fromWho="2" sc="297,-22,240,-42,277,86,186,-22" /><INIT seed="2,0,0,1,1,22" ten="275,198,363,164" oya="2" hai0="116,23,50,27,66,62,20,107,85,32,8,38,34" hai1="42,18,130,67,54,133,101,73,43,72,92,63,58" hai2="57,105,40,81,84,16,65,90,95,129,122,104,21" hai3="61,117,19,49,118,60,121,123,115,109,1,111,125" shuffle="mt19937ar,6EE16829,56E8D11D,A8E07540,94C664C1,D62E4E54,5C34028C,F85160E4,6F56560E"/><V114/><F114/><W29/><G1/><T103/><D38/><U25/><E130/><V86/><F122/><N who="3" m="46603" /><G29/><T79/><D116/><N who="3" m="44649" /><G19/><T37/><D37/><U24/><E133/><V28/><F129/><W99/><G99/><T53/><D8/><U80/><E18/><V36/><F28/><W5/><G5/><T26/><D103/><U44/><E73/><V41/><F104/><W135/><G135/><T12/><D107/><U31/><E31/><V74/><F74/><W108/><G125/><T39/><D39/><U11/><E11/><V77/><F36/><W7/><G7/><T9/><D32/><U100/><E72/><V78/><F78/><W2/><G2/><T98/><D34/><U6/><E6/><V70/><F70/><W52/><G115/><T10/><D98/><N who="1" m="59463" /><E80/><V89/><F105/><W13/><G13/><T87/><D12/><U112/><E112/><V119/><F119/><W33/><G33/><T68/><D9/><U14/><E14/><N who="2" m="9367" /><F77/><W46/><AGARI ba="0,0" hai="46,49,52,60,61,108,109,111" m="44649,46603" machi="46" ten="40,8000,1" yaku="14,1,34,2,54,1" doraHai="22" who="3" fromWho="3" sc="275,-20,198,-20,363,-40,164,80" /><INIT seed="3,0,0,5,2,16" ten="255,178,323,244" oya="3" hai0="65,120,118,106,111,100,80,46,26,63,71,14,82" hai1="89,8,115,109,1,97,86,99,15,67,52,61,22" hai2="18,105,47,114,122,134,126,108,56,34,98,131,116" hai3="55,91,121,38,102,37,79,11,57,28,133,3,128" shuffle="mt19937ar,6488F567,0851ABDF,7CE26008,0482D5D4,B93E3D54,ED1ACA64,87FE5400,D2B2D505"/><W92/><G121/><T103/><D120/><U25/><E1/><V0/><RYUUKYOKU type="yao9" ba="0,0" sc="255,0,178,0,323,0,244,0" hai2="0,18,34,47,56,98,105,108,114,116,122,126,131,134" /><INIT seed="3,1,0,4,3,41" ten="255,178,323,244" oya="3" hai0="125,104,67,6,55,48,4,13,70,86,77,135,116" hai1="122,12,131,105,71,102,45,97,80,110,133,68,60" hai2="47,23,35,91,114,27,19,7,53,84,66,87,9" hai3="63,34,118,58,21,127,123,0,64,126,108,115,82" shuffle="mt19937ar,455CFB18,79D264F1,001921DA,D7773DEF,B0302E82,521CFD3C,EA22635E,2E8DC5F8"/><W111/><G34/><T62/><D104/><U130/><E122/><V38/><F114/><W44/><G123/><T95/><D116/><U90/><E110/><N who="3" m="42026" /><G118/><T33/><D33/><U52/><E133/><V89/><F35/><W128/><G115/><T81/><D135/><U5/><E5/><V85/><F66/><W37/><G0/><T17/><D95/><U83/><E12/><N who="2" m="5183" /><F38/><W24/><G128/><N who="1" m="49194" /><E90/><V121/><F121/><W107/><G107/><T15/><D125/><N who="3" m="47625" /><G82/><N who="1" m="31274" /><E60/><V16/><F19/><N who="3" m="12351" /><G37/><T129/><D129/><U101/><E102/><V96/><F96/><W2/><G2/><T99/><D15/><U94/><E105/><V31/><F31/><W117/><G117/><T79/><D99/><U54/><E54/><V14/><F14/><W51/><G51/><AGARI ba="1,0" hai="45,51,52,68,71,94,97,101" m="31274,49194" machi="51" ten="30,3900,0" yaku="19,1,52,1,54,1" doraHai="41" who="1" fromWho="3" sc="255,0,178,42,323,0,244,-42" /><AGARI ba="1,0" hai="16,23,27,47,51,53,84,85,87,89,91" m="5183" machi="51" ten="30,3900,0" yaku="8,1,52,1,54,1" doraHai="41" who="2" fromWho="3" sc="255,0,220,0,323,39,202,-39" owari="255,1,220,-13,362,36,163,-24" /></mjloggm>