<mjloggm ver="2.3"><GO type="185"/><UN n0="%E3%81%B5%E3%81%8F%EF%BC%A3%EF%BD%88%EF%BD%81%EF%BD%8E%E2%99%AA" n1="%E4%B8%89%E7%94%B0%E6%9D%91%E8%8C%9C" n2="%E3%81%B0%E3%81%8F%E3%81%92%E3%81%A3%E3%81%8D" n3="" dan="16,17,16,0" rate="2193,2208,2213,1500" sx="F,F,M,C"/><TAIKYOKU oya="0"/><INIT seed="0,0,0,5,2,44" ten="350,350,350,0" oya="0" hai0="60,81,64,96,37,94,118,70,125,46,95,45,111" hai1="108,122,99,110,82,84,127,39,69,42,105,130,53" hai2="35,40,103,101,124,32,1,88,71,51,85,43,98" hai3="" shuffle="mt19937ar,002D5698,A8DAD444,FD0E60CD,AB50F5CD,CC3AF4E3,763FD885,E0F39715,00156690"/><T126/><D118/><U131/><N who="1" m="31264" /><U119/><E119/><V80/><F1/><T89/><D81/><U115/><E39/><V68/><F103/><T113/><D113/><U52/><E42/><V120/><N who="2" m="30752" /><V92/><F124/><N who="0" m="47722" /><D37/><U128/><E69/><V129/><F129/><T107/><D107/><U77/><E127/><V93/><F43/><T102/><D111/><N who="1" m="42539" /><E115/><V61/><F80/><T34/><D34/><U33/><E33/><V62/><F71/><T56/><D70/><U79/><E79/><V117/><F117/><T54/><D64/><U72/><E72/><V74/><F74/><T133/><D133/><U121/><N who="1" m="31008" /><U97/><E97/><AGARI ba="0,0" hai="45,46,54,56,60,89,94,95,96,97,102" m="47722" machi="97" ten="30,1500,0" yaku="18,1" doraHai="44" who="0" fromWho="1" sc="350,15,350,-15,350,0,0,0" /><INIT seed="0,1,0,4,2,92" ten="365,335,350,0" oya="0" hai0="61,35,129,121,134,2,100,76,42,112,90,84,108" hai1="102,62,49,67,44,82,50,37,72,119,83,48,116" hai2="115,55,36,1,118,107,80,65,71,54,68,77,128" hai3="" shuffle="mt19937ar,25AC51D2,74FD1F4E,C97C31A8,45674D3C,606F9137,F4DC9DDC,0413356C,E2A80455"/><T110/><N who="0" m="31008" /><T43/><D35/><U0/><E0/><V33/><F33/><T127/><D2/><U74/><E102/><V123/><N who="2" m="31520" /><V89/><F1/><T124/><D112/><U125/><E125/><N who="0" m="48201" /><D134/><U66/><E37/><V122/><N who="2" m="31264" /><V47/><F115/><T114/><D114/><U113/><E113/><V93/><F107/><T81/><D129/><U85/><E44/><V59/><F128/><T87/><D61/><U111/><E111/><N who="0" m="42537" /><D100/><U58/><E66/><V38/><F65/><T131/><D131/><U104/><E67/><V52/><F38/><T103/><D103/><U105/><E62/><V91/><F36/><T73/><D73/><U53/><E72/><V63/><F63/><T98/><D98/><U34/><E74/><V99/><F99/><T96/><D96/><U109/><E34/><V88/><F68/><T130/><D130/><U45/><E109/><V78/><F71/><T60/><D60/><U101/><E101/><V135/><F135/><T117/><D117/><U79/><E116/><V97/><F118/><T69/><D69/><U40/><E119/><V86/><F97/><T57/><D57/><U75/><E105/><V95/><F59/><T46/><D46/><U126/><E104/><RYUUKYOKU ba="1,0" sc="365,20,335,-10,350,-10,0,0" hai0="42,43,76,81,84,87,90" /><INIT seed="0,2,0,4,5,100" ten="385,325,340,0" oya="0" hai0="81,80,51,111,55,128,122,134,61,105,79,116,63" hai1="65,49,119,131,120,121,54,98,43,97,101,40,127" hai2="0,107,117,103,60,37,95,106,70,92,87,71,112" hai3="" shuffle="mt19937ar,B58FE96C,DF5E8920,F89CAAD3,76658F17,885DCB26,41FB7B7C,18B6CA91,1DA3A8AB"/><T3/><N who="0" m="31264" /><T93/><D3/><U86/><N who="1" m="30752" /><U76/><N who="1" m="31008" /><U42/><E119/><V113/><F117/><T62/><D116/><U64/><E131/><V102/><F0/><T78/><D128/><U59/><E127/><V34/><F34/><T58/><D105/><U69/><E69/><V2/><F2/><T96/><D134/><U133/><E133/><V39/><F60/><T130/><D111/><U48/><E48/><V88/><F87/><T52/><D130/><U35/><E35/><V66/><F66/><N who="1" m="25705" /><E101/><V89/><AGARI ba="2,0" hai="37,39,70,71,88,89,92,95,102,103,106,107,112,113" machi="89" ten="25,9000,2" yaku="0,1,22,2,52,2,54,1" doraHai="100" who="2" fromWho="2" sc="385,-62,325,-32,340,94,0,0" /><INIT seed="1,0,0,1,2,114" ten="323,293,434,0" oya="1" hai0="34,51,132,120,74,48,33,37,133,52,134,107,47" hai1="62,56,45,53,121,81,64,65,83,72,46,103,97" hai2="113,115,112,135,32,80,91,38,58,126,85,0,44" hai3="" shuffle="mt19937ar,5F482C7C,08512089,3EB02A10,0DEBD73F,6010369A,9403AE7A,6C159457,B6B974AB"/><U1/><N who="1" m="31008" /><U63/><E1/><V67/><F0/><T127/><N who="0" m="30752" /><T92/><D107/><U106/><E72/><V42/><F32/><T129/><D37/><U57/><REACH who="1" step="1"/><E53/><REACH who="1" step="2"/><V101/><F126/><T84/><D127/><U130/><E130/><V71/><F115/><T93/><D74/><U94/><E94/><V86/><F113/><T79/><D129/><U35/><E35/><V75/><F75/><T70/><D33/><U110/><E110/><V89/><F112/><T124/><D34/><U95/><E95/><V108/><F108/><T99/><D124/><U41/><E41/><V98/><F42/><T49/><D70/><U104/><E104/><V40/><F71/><T117/><D93/><U76/><E76/><V69/><F69/><T131/><D131/><U66/><E66/><V102/><F67/><T60/><D79/><U54/><E54/><V96/><F40/><T77/><D77/><U118/><E118/><V109/><F109/><T73/><D73/><U105/><E105/><V123/><F123/><T128/><D128/><U87/><E87/><V82/><F86/><T36/><D84/><U59/><E59/><V78/><F85/><T2/><D117/><U122/><N who="1" m="31264" /><U116/><E116/><RYUUKYOKU ba="0,1" sc="323,-10,283,20,434,-10,0,0" hai1="45,46,56,57,62,63,64,65,81,83,97,103,106" /><INIT seed="1,1,1,0,5,108" ten="313,303,424,0" oya="1" hai0="115,71,98,103,3,121,77,109,91,53,106,72,127" hai1="125,81,130,60,51,110,118,76,96,57,135,86,67" hai2="0,64,132,44,83,32,116,1,97,69,42,43,46" hai3="" shuffle="mt19937ar,B8EDFE35,15601EEB,DC4FF671,16F7A695,74C06641,395F62CE,FF53727B,EEC8F388"/><U59/><E118/><V134/><F32/><T99/><N who="0" m="31008" /><T55/><D3/><U50/><E110/><V119/><F97/><T47/><D109/><U37/><E37/><V56/><F83/><T45/><D71/><U92/><E135/><N who="2" m="51755" /><F1/><T78/><D72/><U85/><E125/><V87/><F87/><T54/><D127/><U34/><E130/><V105/><F0/><T70/><D70/><U68/><E34/><V124/><F105/><T101/><D91/><U120/><N who="1" m="30752" /><U88/><REACH who="1" step="1"/><E96/><REACH who="1" step="2"/><V129/><F124/><T75/><D99/><U73/><E73/><V123/><N who="2" m="31520" /><V79/><F129/><T40/><D103/><U2/><E2/><V66/><F69/><T131/><D131/><U58/><AGARI ba="1,2" hai="50,51,57,58,59,60,67,68,76,81,85,86,88,92" m="30752" machi="58" ten="30,8000,1" yaku="1,1,0,1,52,1,54,1,53,1" doraHai="108" doraHaiUra="74" who="1" fromWho="1" sc="313,-41,293,102,424,-41,0,0" /><INIT seed="1,2,0,1,2,124" ten="272,395,383,0" oya="1" hai0="110,73,79,117,120,77,42,123,100,68,34,59,122" hai1="90,80,109,85,99,96,107,3,134,56,46,71,86" hai2="93,75,36,118,65,129,69,128,103,130,37,40,53" hai3="" shuffle="mt19937ar,8DC7761D,EE4D542E,A908F7B9,A046090C,8E7FE541,6FFA1426,15BC770D,53D29062"/><U98/><E3/><V108/><F75/><T102/><N who="0" m="30752" /><T64/><N who="0" m="31264" /><T57/><N who="0" m="31520" /><T41/><D34/><U67/><E71/><V54/><F118/><T97/><D117/><U58/><E134/><V33/><F33/><T81/><D68/><U83/><E109/><V44/><F108/><T114/><D110/><U2/><E2/><V127/><F127/><T63/><D114/><U101/><E67/><V113/><F113/><T43/><D79/><U95/><E99/><V66/><F93/><T70/><REACH who="0" step="1"/><D100/><REACH who="0" step="2"/><U92/><E107/><AGARI ba="2,1" hai="41,42,43,57,59,63,64,70,73,77,81,97,102,107" m="31520,31264,30752" machi="107" ten="40,8000,1" yaku="1,1,2,1,52,3,53,0" doraHai="124" doraHaiUra="45" who="0" fromWho="1" sc="262,94,395,-84,383,0,0,0" /><INIT seed="2,0,0,3,5,49" ten="356,311,383,0" oya="2" hai0="74,118,87,62,99,59,130,84,69,80,109,123,67" hai1="73,0,132,64,85,96,63,135,39,52,61,77,45" hai2="1,121,119,50,101,65,54,133,82,78,111,125,126" hai3="" shuffle="mt19937ar,B68FC1EF,11CF48D9,F4C2C227,069DBB38,A802ADF9,41565AF9,F68DC9F1,7E5A1257"/><V58/><N who="2" m="31008" /><V81/><F1/><T57/><N who="0" m="31520" /><T43/><D118/><U70/><E0/><V76/><F119/><T127/><D130/><U89/><E73/><V48/><F133/><N who="1" m="51273" /><E96/><V134/><F134/><T117/><D117/><U86/><E63/><V3/><F3/><T35/><D35/><U38/><E77/><N who="2" m="29803" /><F65/><T53/><D74/><U41/><E86/><V37/><F37/><T2/><D2/><U102/><E102/><V103/><F111/><T94/><D43/><U93/><E38/><V116/><F116/><T42/><D42/><U60/><E60/><V66/><F66/><T56/><D109/><U122/><N who="1" m="31264" /><U97/><E97/><V124/><F50/><T104/><D104/><U131/><E131/><V98/><F103/><T32/><D32/><U105/><E105/><AGARI ba="0,0" hai="48,54,58,81,82,98,101,105,124,125,126" m="29803,31008" machi="105" ten="30,5800,0" yaku="18,1,52,2" doraHai="49" who="2" fromWho="1" sc="356,0,311,-58,383,58,0,0" /><INIT seed="2,1,0,2,4,101" ten="356,253,441,0" oya="2" hai0="131,55,88,36,63,111,90,92,2,103,48,93,76" hai1="122,33,99,34,114,78,65,126,123,32,46,3,85" hai2="117,70,96,95,52,50,81,135,118,130,39,104,125" hai3="" shuffle="mt19937ar,86191CFE,07E124E7,2CEEF5BA,AC0342E4,48881BE5,1ACC113F,042640CE,D97FBABB"/><V133/><F39/><T89/><D2/><U120/><N who="1" m="30752" /><U64/><N who="1" m="31264" /><U68/><N who="1" m="31520" /><U87/><E3/><V72/><F70/><T0/><D0/><U42/><E114/><V73/><F104/><T127/><D76/><U60/><E65/><V57/><F125/><T112/><D36/><U45/><E126/><V106/><F106/><T37/><D37/><U51/><E78/><V54/><F130/><T132/><D131/><U121/><N who="1" m="31008" /><U110/><E110/><V100/><F54/><T59/><D127/><U44/><E44/><V79/><REACH who="2" step="1"/><F73/><REACH who="2" step="2"/><T41/><D112/><U53/><REACH who="1" step="1"/><E99/><REACH who="1" step="2"/><V109/><F109/><T128/><D111/><U102/><E102/><V71/><F71/><T98/><D128/><U69/><E69/><V91/><F91/><T49/><D90/><U94/><E94/><V61/><F61/><T113/><D89/><U43/><E43/><V80/><F80/><T105/><D113/><U129/><E129/><V107/><F107/><T62/><D105/><U35/><N who="1" m="8192" /><DORA hai="84" /><U124/><E124/><V1/><F1/><T74/><D63/><U77/><E77/><V40/><F40/><T119/><D62/><U108/><E108/><V116/><AGARI ba="1,2" hai="50,52,57,72,79,81,95,96,100,116,117,118,133,135" machi="116" ten="40,8000,1" yaku="1,1,0,1,54,1,53,1" doraHai="101,84" doraHaiUra="67,75" who="2" fromWho="2" sc="356,-41,243,-41,431,102,0,0" /><INIT seed="2,2,0,2,4,73" ten="315,202,533,0" oya="2" hai0="88,44,71,42,85,69,112,76,38,51,64,135,115" hai1="91,102,47,118,109,97,75,82,48,54,39,99,132" hai2="105,79,46,66,81,49,87,130,104,0,40,92,61" hai3="" shuffle="mt19937ar,FCBF2CA0,F19F8404,C0F92EBB,C741BFD6,D48D14B3,DFA34292,8A3AA1AE,2487F759"/><V33/><F33/><T108/><D135/><U59/><E118/><V110/><F0/><T80/><D64/><U98/><E132/><V124/><F130/><T86/><D38/><U103/><E109/><V41/><F110/><T129/><D129/><U111/><E111/><V84/><F124/><T60/><D60/><U68/><E68/><V55/><F105/><T96/><D108/><U128/><E128/><V70/><F104/><T3/><D3/><U52/><E39/><V35/><F35/><T120/><N who="0" m="30752" /><T131/><D131/><U100/><E75/><V74/><F92/><T122/><N who="0" m="31264" /><T117/><D117/><U107/><E82/><V58/><F41/><T126/><D96/><U2/><E2/><V1/><REACH who="2" step="1"/><F1/><REACH who="2" step="2"/><T89/><D126/><U56/><E107/><V53/><F53/><T67/><D67/><U78/><E54/><V123/><N who="2" m="31520" /><V63/><AGARI ba="2,1" hai="40,46,49,55,58,61,63,66,70,74,79,81,84,87" m="31520" machi="63" ten="20,12000,2" yaku="1,1,4,1,0,1,7,1,52,2,53,1" doraHai="73" doraHaiUra="72" who="2" fromWho="2" sc="315,-62,202,-62,523,134,0,0" /><INIT seed="2,3,0,2,1,69" ten="253,140,657,0" oya="2" hai0="71,75,121,72,110,96,135,53,39,120,70,45,57" hai1="1,36,86,62,77,130,76,83,126,116,118,0,112" hai2="100,44,101,103,78,90,89,32,92,129,49,47,87" hai3="" shuffle="mt19937ar,E6F698EA,37DE2B5B,3E027AFA,9D00ABA8,13771012,3A130FD8,6A530B03,D2D0BBD5"/><V104/><F32/><T63/><N who="0" m="30752" /><T119/><N who="0" m="31008" /><T82/><D119/><N who="1" m="45611" /><E126/><V34/><F34/><T40/><D135/><U48/><E112/><V33/><F33/><T73/><D110/><U67/><E130/><V105/><F129/><T50/><D96/><U124/><E124/><V98/><F49/><T94/><D94/><U46/><E36/><V43/><F43/><T122/><N who="0" m="31264" /><T66/><REACH who="0" step="1"/><D71/><REACH who="0" step="2"/><U134/><E134/><V58/><F105/><T108/><D108/><U93/><E0/><V132/><F104/><T61/><D61/><U113/><E1/><V74/><F132/><T2/><D2/><U99/><E93/><V60/><F74/><T111/><D111/><U109/><E99/><V85/><F98/><T115/><D115/><U97/><E109/><V79/><F47/><T106/><D106/><U91/><E97/><V117/><F44/><T114/><D114/><U35/><E113/><V3/><F3/><T37/><D37/><U59/><E35/><V95/><F117/><T55/><D55/><AGARI ba="3,1" hai="46,48,55,59,62,67,76,77,83,86,91" m="45611" machi="55" ten="30,1000,0" yaku="12,1" doraHai="69" who="1" fromWho="0" sc="243,-16,140,26,657,0,0,0" /><AGARI ba="3,0" hai="55,58,60,78,79,85,87,89,90,92,95,100,101,103" machi="55" ten="40,3900,0" yaku="9,1,8,1" doraHai="69" who="2" fromWho="0" sc="227,-39,166,0,657,39,0,0" /><INIT seed="2,4,0,5,0,119" ten="188,166,696,0" oya="2" hai0="58,92,73,94,127,85,56,55,54,41,130,106,3" hai1="52,53,84,132,100,134,74,98,103,50,47,95,102" hai2="108,46,105,89,57,87,49,51,1,117,36,131,125" hai3="" shuffle="mt19937ar,8DC38FBF,9D1E20ED,99FA3820,910EC8FC,A4230006,64546A6A,27CEA80D,1412F396"/><V88/><F1/><T129/><D106/><U70/><E70/><V101/><F117/><T76/><D41/><U0/><E0/><V118/><F118/><T115/><D115/><U80/><E74/><V113/><F113/><T86/><D127/><U111/><E53/><V97/><F89/><T78/><D3/><U68/><E68/><V120/><N who="2" m="30752" /><V83/><F125/><T42/><D42/><U62/><E62/><V90/><F90/><T135/><D135/><N who="1" m="51755" /><E111/><V122/><N who="2" m="31264" /><V40/><F108/><T59/><D59/><U123/><N who="1" m="31520" /><U112/><E112/><V35/><F35/><T33/><REACH who="0" step="1"/><D73/><REACH who="0" step="2"/><U69/><E69/><V65/><F131/><T91/><D91/><AGARI ba="4,1" hai="47,50,52,80,84,91,95,98,100,102,103" m="31520,51755" machi="91" ten="30,7700,0" yaku="20,1,52,2,54,1" doraHai="119" who="1" fromWho="0" sc="178,-85,166,95,696,0,0,0" /><INIT seed="4,0,0,5,4,56" ten="93,261,696,0" oya="0" hai0="51,70,94,108,43,116,122,134,105,46,32,76,126" hai1="77,53,68,110,62,54,99,104,38,41,106,49,103" hai2="87,120,45,47,72,95,63,81,64,88,67,101,39" hai3="" shuffle="mt19937ar,EB110BD1,7AD44BDB,5E2DBBDA,D0513773,7F4642DA,B7A9E3A6,01A807A1,26D7FF8D"/><T118/><N who="0" m="31264" /><T80/><D32/><U132/><E110/><V0/><N who="2" m="30752" /><V33/><F33/><T96/><D108/><U115/><E132/><V92/><F0/><T37/><D134/><U78/><E115/><V97/><F64/><T60/><D105/><U61/><E106/><V86/><F72/><T55/><D126/><U71/><E71/><V111/><F39/><T83/><D70/><U65/><E62/><V109/><F109/><T84/><D80/><U3/><E3/><V90/><F111/><T52/><D60/><U112/><E112/><V127/><F127/><T73/><D73/><U89/><E89/><V133/><F133/><T98/><D98/><U119/><E119/><V124/><F124/><T57/><REACH who="0" step="1"/><D55/><REACH who="0" step="2"/><U59/><E53/><V40/><F40/><T69/><D69/><AGARI ba="0,1" hai="45,47,63,67,69,81,86,87,88,90,92,95,97,101" m="30752" machi="69" ten="30,7700,0" yaku="7,1,52,2,54,1" doraHai="56" who="2" fromWho="0" sc="83,-77,261,0,696,87,0,0" /><INIT seed="5,0,0,0,2,62" ten="6,261,783,0" oya="1" hai0="67,57,131,122,117,110,99,50,127,68,2,105,84" hai1="79,108,109,32,70,113,36,76,55,88,37,38,125" hai2="3,74,1,47,83,64,95,130,101,100,33,63,46" hai3="" shuffle="mt19937ar,24A26D6E,854B7BC9,1B084DCB,38AE0A22,DC820099,7A3E554C,763EC87F,AFDC080B"/><U115/><E32/><V116/><F33/><T65/><D67/><U86/><E70/><V132/><F63/><T104/><D65/><U34/><E34/><V69/><F64/><T121/><D57/><U90/><E55/><V103/><F100/><T0/><D50/><U41/><E41/><V114/><F101/><T61/><D61/><U43/><E86/><V66/><F103/><T89/><N who="0" m="31008" /><T91/><D91/><N who="1" m="34859" /><E125/><V39/><F66/><T107/><D89/><U128/><E128/><V40/><F130/><T60/><D60/><U44/><E44/><V54/><F54/><T129/><D84/><U78/><E43/><V59/><F59/><T42/><D99/><U97/><E97/><V58/><F58/><T120/><D42/><U93/><E93/><V72/><F40/><T35/><D105/><U123/><N who="1" m="31520" /><U102/><E102/><V106/><F47/><T126/><D35/><U134/><E134/><V49/><F132/><T133/><D133/><U124/><E124/><V81/><F46/><T135/><D135/><U71/><E71/><V52/><F69/><T77/><D68/><U56/><E56/><V92/><F52/><T53/><D53/><U118/><E118/><V87/><F116/><T45/><D117/><RYUUKYOKU ba="0,0" sc="6,-10,261,20,783,-10,0,0" hai1="36,37,38,76,78,79,108,109,113,115" owari="-4,-60,281,-12,773,72,0,0" /></mjloggm>