<mjloggm ver="2.3"><GO type="185"/><UN n0="%72%75%69%63%65" n1="%E5%8D%81%E5%85%AD%E5%A4%9C%E2%80%A0%E5%92%B2%E5%A4%9C" n2="%E3%81%B0%E3%81%8F%E3%81%92%E3%81%A3%E3%81%8D" n3="" dan="16,16,16,0" rate="2049,2180,2225,1500" sx="M,F,M,C"/><TAIKYOKU oya="0"/><INIT seed="0,0,0,0,4,36" ten="350,350,350,0" oya="0" hai0="115,107,1,126,125,69,66,91,47,45,3,44,123" hai1="54,113,105,86,35,121,39,58,99,79,90,42,130" hai2="2,75,72,122,83,51,87,73,48,37,104,108,62" hai3="" shuffle="mt19937ar,6B4CE345,48FDCAC5,538DB385,4BB26AB6,5C2EF89F,1CEB19B3,76B7D076,6FC36FC9"/><T97/><N who="0" m="31520" /><T119/><D115/><U88/><N who="1" m="31008" /><U0/><E35/><V133/><N who="2" m="31264" /><V134/><F2/><T85/><D119/><U59/><E0/><V55/><F37/><T132/><D132/><N who="2" m="50794" /><F104/><T53/><D53/><U50/><E130/><V70/><F108/><T49/><D49/><U71/><E71/><V80/><F70/><T33/><D33/><U116/><E116/><V111/><F111/><T106/><D66/><U64/><E113/><V135/><N who="2" m="50802" /><V67/><DORA hai="82" /><F67/><T34/><D69/><U52/><E64/><V68/><F83/><T61/><D34/><U76/><E39/><V96/><F96/><T57/><D97/><U117/><E117/><V109/><F109/><T60/><D1/><U46/><E105/><V74/><F68/><T78/><D3/><U63/><E99/><V129/><F129/><T120/><N who="0" m="30752" /><T40/><D125/><U95/><E42/><V84/><N who="2" m="18944" /><DORA hai="100" /><V65/><F65/><T131/><D126/><U112/><E112/><V124/><F124/><T110/><D131/><U114/><E114/><V94/><F94/><T41/><D110/><U98/><REACH who="1" step="1"/><E59/><REACH who="1" step="2"/><V38/><F38/><T92/><D57/><U103/><E103/><V43/><F43/><RYUUKYOKU ba="0,1" sc="350,-10,340,20,350,-10,0,0" hai1="46,50,52,54,58,63,76,79,86,88,90,95,98" /><INIT seed="1,1,1,1,3,48" ten="340,360,340,0" oya="1" hai0="93,70,52,116,57,89,58,32,101,97,82,95,105" hai1="45,126,125,81,131,35,55,100,119,91,102,77,37" hai2="84,3,98,94,88,83,127,64,90,59,99,34,73" hai3="" shuffle="mt19937ar,84B99D96,65572EF6,D2010338,3E7FA8B7,FF9D46C5,FC6904A5,B6F91994,81758209"/><U111/><E35/><V47/><F34/><T123/><N who="0" m="31520" /><T118/><D32/><U2/><E119/><N who="0" m="45609" /><D70/><U60/><E2/><V78/><F3/><T74/><D74/><U42/><E91/><V114/><F47/><T135/><D135/><U128/><E111/><V66/><F59/><T44/><D82/><U104/><E60/><V43/><F43/><T87/><D95/><U130/><E55/><V96/><F66/><T33/><D33/><U79/><E79/><V49/><F49/><AGARI ba="1,1" hai="44,49,52,57,58,87,89,93,97,101,105" m="45609,31520" machi="49" ten="30,7700,0" yaku="12,1,52,2,54,1" doraHai="48" who="0" fromWho="2" sc="340,89,360,0,340,-79,0,0" /><INIT seed="2,0,0,5,0,45" ten="429,360,261,0" oya="2" hai0="71,46,109,74,41,99,1,129,133,127,118,67,32" hai1="106,117,105,101,73,89,87,125,116,83,35,84,75" hai2="111,85,36,113,57,104,120,102,103,134,55,82,69" hai3="" shuffle="mt19937ar,FD09D387,7C13584D,CDB2FA3D,C0D11A37,18AC0033,8EF1761C,0A2DF554,605837F3"/><V56/><N who="2" m="30752" /><V94/><F113/><T53/><D67/><U65/><E35/><V59/><F69/><T126/><D53/><U90/><E65/><V62/><F104/><T78/><D99/><U119/><E125/><V110/><F36/><T96/><D78/><U124/><E124/><V91/><F134/><T52/><D96/><U48/><E48/><V86/><F59/><T70/><D52/><U135/><E135/><V107/><F107/><N who="1" m="40969" /><E101/><V0/><F0/><T39/><D46/><U47/><E47/><V72/><F72/><N who="1" m="27721" /><E83/><V81/><F57/><T43/><D1/><U50/><E50/><V63/><F63/><T112/><D32/><U108/><E108/><N who="2" m="41515" /><F94/><T128/><D109/><U122/><N who="1" m="31264" /><U42/><E42/><V34/><F34/><T51/><D126/><U92/><E92/><V97/><F97/><T100/><D127/><U66/><E66/><V64/><F64/><T38/><D112/><U40/><E40/><V77/><AGARI ba="0,0" hai="55,56,62,77,81,82,85,86,91,102,103" m="41515,30752" machi="77" ten="30,4000,0" yaku="14,1,10,1,52,1" doraHai="45" who="2" fromWho="2" sc="429,-20,360,-20,261,40,0,0" /><INIT seed="2,1,0,2,2,112" ten="409,340,301,0" oya="2" hai0="116,35,36,118,81,128,84,101,75,38,93,71,96" hai1="94,130,108,0,72,119,103,135,129,115,97,99,78" hai2="133,41,32,86,1,70,61,89,73,74,77,113,50" hai3="" shuffle="mt19937ar,B0EC9E99,CC4A9861,D9D5A38A,956AD14A,341C193A,DA2E6BB5,346DAFF2,F77C7D6E"/><V105/><F32/><T48/><D35/><U107/><E0/><V127/><F1/><T124/><D71/><U49/><E49/><V125/><F113/><T92/><D75/><U42/><E42/><V91/><F105/><T2/><D2/><U121/><N who="1" m="31008" /><U51/><E51/><V47/><F133/><T79/><D38/><U98/><E115/><V3/><F3/><T34/><D36/><U54/><E54/><V40/><F40/><T117/><D34/><U67/><E67/><V64/><F91/><T83/><D124/><N who="2" m="47690" /><F77/><T87/><D48/><U106/><E135/><V65/><F64/><T100/><D128/><U110/><E129/><V62/><F62/><T111/><D111/><U120/><E130/><V45/><F47/><T39/><D39/><U82/><N who="1" m="30752" /><U122/><N who="1" m="31264" /><U131/><E131/><V46/><F46/><T44/><D44/><U104/><REACH who="1" step="1"/><E119/><REACH who="1" step="2"/><V63/><F63/><T126/><D126/><U123/><N who="1" m="31520" /><U59/><E59/><V102/><F102/><T43/><D43/><U88/><E88/><V134/><F134/><T53/><D53/><U55/><E55/><V52/><F41/><T90/><D101/><U114/><E114/><V66/><F66/><T57/><D57/><RYUUKYOKU ba="1,1" sc="409,0,330,0,301,0,0,0" hai0="79,81,83,84,87,90,92,93,96,100,116,117,118" hai1="72,78,82,94,97,98,99,103,104,106,107,108,110" hai2="45,50,52,61,65,70,73,74,86,89" /><INIT seed="2,2,1,2,4,86" ten="409,330,301,0" oya="2" hai0="52,53,83,37,78,3,76,97,115,126,92,120,75" hai1="133,44,40,69,85,59,95,49,102,111,100,132,96" hai2="68,127,74,48,114,61,73,57,103,121,91,55,32" hai3="" shuffle="mt19937ar,D3F4FEC4,35DB1C89,DBA13F4D,3075793B,34036EE5,4BD8F5BB,2FCDCD8F,D12E8185"/><V1/><N who="2" m="31008" /><V51/><F1/><T80/><N who="0" m="30752" /><T131/><D3/><U34/><E34/><V98/><F32/><T64/><D37/><U89/><E69/><V87/><F114/><T66/><D115/><U38/><E111/><V36/><F36/><T56/><D53/><U119/><E119/><V35/><F35/><T93/><D93/><U101/><E38/><V130/><F130/><T88/><D131/><U60/><REACH who="1" step="1"/><E96/><REACH who="1" step="2"/><V117/><F117/><T2/><D2/><U105/><E105/><V58/><F68/><T99/><D99/><U46/><E46/><V118/><F118/><T134/><D134/><U128/><E128/><V135/><F135/><T42/><D126/><U41/><E41/><V33/><F33/><T79/><D42/><U0/><E0/><V124/><F124/><T90/><D75/><U109/><E109/><V125/><F125/><T77/><D97/><U123/><N who="1" m="31520" /><U67/><AGARI ba="2,2" hai="40,44,49,59,60,67,85,89,95,100,101,102,132,133" m="31520" machi="67" ten="30,6000,1" yaku="1,1,4,1,0,1,52,2,53,0" doraHai="86" doraHaiUra="112" who="1" fromWho="1" sc="409,-22,320,84,301,-42,0,0" /><INIT seed="4,0,0,3,0,80" ten="387,404,259,0" oya="0" hai0="58,94,39,96,2,124,32,68,3,76,118,56,135" hai1="49,123,121,67,69,59,122,0,91,101,131,87,60" hai2="50,98,53,90,61,64,62,95,106,42,130,54,92" hai3="" shuffle="mt19937ar,9B2BD4B1,14196946,5DA2DA0C,D9F7B278,30D2CDCB,8A9EE801,55C5C0C3,E1D1B0E3"/><T82/><D32/><U115/><N who="1" m="31008" /><U109/><N who="1" m="31264" /><U126/><N who="1" m="31520" /><U127/><E0/><V99/><F106/><T34/><D118/><U104/><E109/><V71/><F130/><T128/><D34/><U33/><E33/><V103/><F42/><T120/><N who="0" m="30752" /><T43/><D128/><U44/><E131/><V116/><F116/><T46/><D68/><U105/><E115/><V47/><F61/><T52/><D135/><U66/><E69/><V45/><REACH who="2" step="1"/><F54/><REACH who="2" step="2"/><T107/><D107/><U113/><E105/><V83/><F83/><T114/><D52/><U51/><E104/><V84/><F84/><T36/><D3/><U37/><E87/><V72/><F72/><T108/><D2/><U125/><E60/><V81/><F81/><T119/><D108/><U40/><E40/><V110/><F110/><T1/><D119/><U132/><E127/><V35/><F35/><T133/><D1/><U41/><E126/><V79/><F79/><T134/><D124/><U77/><E125/><V57/><AGARI ba="0,1" hai="45,47,50,53,57,62,64,71,90,92,95,98,99,103" machi="57" ten="20,3900,0" yaku="1,1,0,1,7,1,53,1" doraHai="80" doraHaiUra="63" who="2" fromWho="2" sc="387,-26,404,-13,249,49,0,0" /><INIT seed="5,0,0,1,0,48" ten="361,391,298,0" oya="1" hai0="3,70,90,98,127,37,95,59,33,123,116,124,55" hai1="133,119,89,40,80,53,91,67,39,132,81,113,103" hai2="114,61,71,76,52,135,50,46,68,82,36,0,108" hai3="" shuffle="mt19937ar,012D66BB,FFC9E2EF,6FF3BFAB,D93139BC,88C954A9,324FA868,134AEB93,03C3B9B2"/><U126/><E119/><V131/><F0/><T66/><N who="0" m="31520" /><T120/><N who="0" m="30752" /><T65/><D3/><U1/><E1/><V34/><F34/><T35/><D37/><U92/><E67/><V106/><F108/><T130/><D116/><U109/><E109/><V72/><F36/><T85/><D130/><U110/><E110/><V41/><F131/><T2/><D2/><U88/><E113/><V107/><F114/><T96/><D96/><U83/><E103/><V122/><N who="2" m="31264" /><V47/><F135/><T115/><D115/><U56/><E92/><V45/><F41/><T77/><D66/><U32/><E32/><V42/><F42/><T93/><D77/><U104/><E104/><V112/><F112/><T38/><D38/><U86/><E86/><V64/><REACH who="2" step="1"/><F71/><REACH who="2" step="2"/><T49/><D33/><U74/><E40/><V94/><F94/><T102/><D35/><U97/><E39/><V87/><F87/><T63/><AGARI ba="0,1" hai="49,55,59,63,65,70,85,90,93,95,98,102,124,127" m="30752,31520" machi="63" ten="30,5900,0" yaku="0,1,52,3" doraHai="48" who="0" fromWho="0" sc="361,69,391,-39,288,-20,0,0" /><INIT seed="6,0,0,2,3,103" ten="430,352,268,0" oya="2" hai0="34,112,51,77,128,50,39,130,93,57,69,122,74" hai1="66,33,68,37,89,79,94,54,88,81,134,113,98" hai2="125,107,1,70,46,104,126,101,116,84,96,35,58" hai3="" shuffle="mt19937ar,BA10F9CA,4343E3A1,02032EA3,61115847,1E9001F6,4D02922D,8A704724,7E6F65B1"/><V38/><F35/><T32/><N who="0" m="31264" /><T105/><D39/><U53/><E33/><V36/><F1/><T87/><D105/><U75/><E37/><V76/><F70/><T85/><D69/><U117/><E113/><V73/><F116/><T0/><D112/><U133/><E117/><V42/><F73/><T132/><D0/><U65/><E89/><V3/><F3/><T59/><D132/><U78/><E78/><V61/><F38/><T2/><D2/><U67/><REACH who="1" step="1"/><E68/><REACH who="1" step="2"/><V41/><F41/><T95/><D77/><U92/><E92/><V47/><F47/><T111/><D111/><U62/><E62/><V49/><F36/><T63/><D63/><U131/><E131/><V80/><REACH who="2" step="1"/><F107/><REACH who="2" step="2"/><T110/><D110/><U71/><E71/><V106/><F106/><T40/><D40/><U55/><AGARI ba="0,2" hai="53,54,55,65,66,67,75,79,81,88,94,98,133,134" machi="55" ten="40,3900,0" yaku="1,1,0,1,54,1,53,0" doraHai="103" doraHaiUra="56" who="1" fromWho="1" sc="430,-13,342,59,258,-26,0,0" owari="417,37,401,0,232,-37,0,0" /></mjloggm>