<mjloggm ver="2.3"><GO type="225"/><UN n0="%E3%83%81%E3%83%A3%E3%82%AA%E3%83%AA" n1="%E5%88%BB%E5%AD%90%E5%B8%82%E6%B0%91" n2="%E3%83%AA%E3%83%AA%E3%82%A2%E3%83%BC%E3%83%8C" n3="%E9%95%B7%E5%B2%A1%E5%A4%A7%E6%98%8E%E7%A5%9E" dan="17,17,17,16" rate="2160,2140,2126,2050" sx="M,M,F,F"/><TAIKYOKU oya="0"/><INIT seed="0,0,0,2,5,29" ten="250,250,250,250" oya="0" hai0="103,49,16,33,68,108,11,130,70,104,34,43,64" hai1="128,107,15,37,109,19,42,57,50,24,79,28,101" hai2="9,120,83,8,85,20,99,31,46,126,73,115,95" hai3="88,113,32,116,100,4,54,110,7,13,53,87,10" shuffle="mt19937ar,D40DA357,A05915A0,E15FEC6F,5B198C26,CFDCB3D7,04880D7B,2D43AEF9,7591AAB7"/><T65/><D130/><U72/><E37/><V92/><F120/><W45/><G113/><T132/><D132/><U21/><E128/><V105/><F73/><W97/><G32/><T121/><D121/><U23/><E109/><V90/><F115/><W41/><G116/><T60/><D108/><U81/><E107/><V122/><F122/><W134/><G134/><T93/><D104/><U117/><E101/><N who="2" m="60647" /><F105/><W62/><G110/><T0/><D0/><U17/><E117/><V69/><F69/><W56/><G7/><T114/><D114/><U59/><E42/><V124/><F46/><W36/><G100/><T18/><D65/><U82/><E50/><V127/><F83/><W118/><G97/><T1/><D70/><U91/><E91/><V98/><F85/><W123/><G123/><T75/><D75/><U30/><E81/><V78/><F78/><W58/><G118/><T51/><D1/><U80/><E80/><V71/><F71/><W63/><G87/><T22/><D11/><U44/><E44/><V25/><AGARI ba="0,0" hai="8,9,20,25,31,90,95,98,124,126,127" m="60647" machi="25" ten="40,1500,0" yaku="18,1" doraHai="29" who="2" fromWho="2" sc="250,-7,250,-4,250,15,250,-4" /><INIT seed="1,0,0,1,5,108" ten="243,246,265,246" oya="1" hai0="81,94,79,95,14,132,63,96,34,91,62,85,100" hai1="56,102,17,3,8,10,97,27,58,92,109,61,55" hai2="0,52,24,49,120,66,29,89,77,39,93,16,71" hai3="31,88,69,46,33,65,43,104,101,98,18,4,127" shuffle="mt19937ar,BB0AC3BF,F2C94DCF,9960A948,CAA0EA49,BABFB35E,60A7181B,0090B0C7,7F2B1F28"/><U51/><E3/><V117/><F39/><W125/><G4/><T112/><D34/><U123/><E123/><V44/><F0/><W99/><G18/><T134/><D112/><U37/><E37/><V35/><F117/><W113/><G113/><T41/><D41/><U25/><E109/><V6/><F6/><W48/><G98/><T133/><REACH who="0" step="1"/><D14/><REACH who="0" step="2"/><U26/><REACH who="1" step="1"/><E17/><REACH who="1" step="2"/><V7/><F16/><W118/><G118/><T1/><D1/><U50/><E50/><V83/><F49/><W20/><G48/><T68/><D68/><U30/><E30/><V57/><F71/><W107/><G31/><T110/><D110/><U42/><E42/><V78/><F29/><W73/><G43/><T90/><D90/><U59/><E59/><V122/><F89/><W116/><G88/><T84/><AGARI ba="0,2" hai="62,63,79,81,84,85,91,94,95,96,100,132,133,134" machi="84" ten="30,4000,0" yaku="1,1,0,1,20,1,53,0" doraHai="108" doraHaiUra="28" who="0" fromWho="0" sc="233,60,236,-20,265,-10,246,-10" /><INIT seed="2,0,0,4,3,95" ten="293,216,255,236" oya="2" hai0="106,46,108,55,119,25,87,73,104,38,29,16,58" hai1="131,71,125,23,96,60,33,94,1,130,74,121,62" hai2="49,132,13,88,78,18,109,89,40,124,0,118,91" hai3="75,26,86,47,93,127,2,107,12,116,115,41,44" shuffle="mt19937ar,B36F8B44,A6CC6403,97F2AB7C,E75CF59C,C8BAE7A6,61652039,0972425E,EFF86653"/><V67/><F0/><W77/><G2/><T28/><D73/><U110/><E33/><V22/><F118/><W66/><G107/><T100/><D119/><U126/><E121/><V17/><F132/><W20/><G116/><T120/><D120/><U42/><E110/><V52/><F109/><W76/><G115/><T19/><D108/><U5/><E74/><V92/><F124/><N who="1" m="47721" /><E42/><V80/><F67/><W6/><G127/><T37/><D87/><U7/><E23/><V32/><F40/><W4/><G75/><T8/><D8/><N who="1" m="2095" /><E7/><V105/><F105/><W123/><G123/><T98/><D106/><U101/><E71/><V63/><F32/><W48/><G66/><T72/><D72/><U112/><E112/><V56/><F63/><AGARI ba="0,0" hai="60,62,63,94,96,101,130,131" m="2095,47721" machi="63" ten="30,2000,0" yaku="18,1,52,1" doraHai="95" who="1" fromWho="2" sc="293,0,216,20,255,-20,236,0" /><INIT seed="3,0,0,3,3,38" ten="293,236,235,236" oya="3" hai0="49,121,71,94,96,7,128,63,8,35,126,10,28" hai1="75,131,78,26,52,80,37,2,39,14,61,108,5" hai2="57,62,69,120,107,110,72,114,77,100,3,124,12" hai3="30,98,16,64,129,0,47,117,73,41,54,92,104" shuffle="mt19937ar,7323D93C,AE66BDA0,CF8FC1D3,0150054F,331EE070,A31043F1,D37FB925,018CDF1D"/><W50/><G0/><T44/><D121/><U122/><E2/><V86/><F3/><W19/><G73/><T18/><D7/><U56/><E122/><V85/><F69/><W134/><G104/><T87/><D87/><U116/><E131/><V83/><F114/><W11/><G129/><T105/><D128/><U68/><E108/><V125/><F110/><W24/><G117/><T115/><D115/><U101/><E116/><V118/><F118/><W67/><G134/><T20/><D105/><U42/><E68/><V123/><F12/><W113/><G113/><T51/><D35/><U93/><E26/><V109/><F109/><W66/><G11/><N who="0" m="4139" /><D71/><U45/><E5/><V27/><F27/><W84/><G84/><N who="2" m="32361" /><F100/><W22/><G54/><T29/><D63/><U81/><E14/><V60/><F60/><W88/><AGARI ba="0,0" hai="16,19,22,24,30,41,47,50,64,66,67,88,92,98" machi="88" ten="30,12000,1" yaku="0,1,8,1,52,1,54,2" doraHai="38" who="3" fromWho="3" sc="293,-40,236,-40,235,-40,236,120" owari="253,0,196,-15,195,-20,356,35" /></mjloggm>