<mjloggm ver="2.3"><GO type="225"/><UN n0="%E7%90%86%E6%83%B3%E9%9B%80%E5%A3%AB" n1="%73%69%67%65%6E%6F%72%69" n2="%E9%95%B7%E5%B2%A1%E5%A4%A7%E6%98%8E%E7%A5%9E" n3="%E3%83%81%E3%83%A3%E3%82%AA%E3%83%AA" dan="16,17,16,17" rate="2023,2155,2064,2113" sx="M,M,F,M"/><TAIKYOKU oya="0"/><INIT seed="0,0,0,5,5,41" ten="250,250,250,250" oya="0" hai0="57,118,96,32,72,58,13,114,18,122,64,84,70" hai1="36,127,97,109,43,60,61,107,98,108,101,123,25" hai2="47,65,31,53,130,9,73,22,112,135,95,15,48" hai3="12,113,100,24,68,124,89,19,99,82,116,117,23" shuffle="mt19937ar,AAC2C98D,BC3EC46A,7A8666DA,8918D85F,505508B4,EA77670B,32DB6ECE,5D607C80"/><T104/><D114/><U79/><E123/><V106/><F106/><W119/><G113/><T80/><D122/><U85/><E127/><V92/><F73/><W67/><G124/><T63/><D118/><U27/><E97/><V7/><F112/><W4/><G67/><T5/><D32/><U52/><E79/><V20/><F135/><W16/><G68/><T115/><D72/><U71/><E85/><V38/><F130/><W6/><G82/><T87/><D5/><U132/><E132/><V11/><F65/><W129/><G89/><T55/><D115/><U91/><E91/><V26/><F38/><W21/><REACH who="3" step="1"/><G129/><REACH who="3" step="2"/><T93/><D70/><U121/><E71/><V56/><F22/><W33/><G33/><T62/><D80/><U49/><E121/><V131/><F131/><W42/><G42/><T46/><D64/><U51/><E43/><V35/><F35/><W1/><G1/><T75/><D75/><U83/><E83/><V76/><F76/><W77/><G77/><T74/><D74/><U86/><E109/><V90/><F90/><W37/><G37/><T110/><D110/><U102/><E36/><V133/><F133/><W126/><G126/><T111/><D111/><U103/><E108/><V94/><REACH who="2" step="1"/><F11/><REACH who="2" step="2"/><W66/><G66/><T88/><D88/><U128/><E128/><V17/><F17/><W78/><G78/><T29/><D18/><U10/><E10/><V54/><F54/><W50/><G50/><N who="1" m="18954" /><E52/><V14/><F14/><W125/><G125/><T40/><D13/><U81/><E81/><V34/><F34/><W3/><G3/><RYUUKYOKU ba="0,2" sc="250,-15,250,-15,240,15,240,15" hai2="7,9,15,20,26,31,47,48,53,56,92,94,95" hai3="4,6,12,16,19,21,23,24,99,100,116,117,119" /><INIT seed="1,1,2,5,2,75" ten="235,235,255,255" oya="1" hai0="12,130,50,37,43,32,5,60,82,36,120,7,14" hai1="33,69,90,126,1,72,89,77,104,31,109,42,113" hai2="135,81,117,74,16,125,124,51,92,128,102,24,105" hai3="39,108,116,19,11,70,118,93,111,27,58,46,13" shuffle="mt19937ar,2939EC20,4B48E5DD,2C6C5599,E0AE123B,131B0A46,2841E0DF,8205A562,8D59E7B8"/><U23/><E113/><V67/><F117/><N who="3" m="45163" /><G70/><T40/><D32/><U8/><E33/><V4/><F105/><W71/><G71/><T34/><D34/><U52/><E69/><V134/><F67/><W66/><G27/><T61/><D82/><U73/><E104/><V97/><F4/><W9/><G93/><T48/><REACH who="0" step="1"/><D130/><REACH who="0" step="2"/><U101/><E109/><V80/><F128/><W122/><G111/><T15/><D15/><U121/><E1/><V49/><F81/><W114/><G108/><T47/><D47/><U79/><E73/><V112/><F80/><W62/><G114/><T6/><D6/><U91/><E72/><V115/><F74/><W106/><G122/><AGARI ba="1,3" hai="5,7,12,14,36,37,40,43,48,50,60,61,120,122" machi="122" ten="25,8000,1" yaku="1,1,22,2,53,2" doraHai="75" doraHaiUra="2" who="0" fromWho="3" sc="225,113,235,0,255,0,255,-83" /><INIT seed="2,0,0,0,0,52" ten="338,235,255,172" oya="2" hai0="46,21,49,51,34,66,117,24,55,118,72,32,36" hai1="96,122,6,89,100,130,16,9,11,19,7,68,28" hai2="126,131,123,108,91,115,103,4,76,109,17,5,114" hai3="124,107,60,86,70,116,10,0,53,128,84,15,99" shuffle="mt19937ar,8DEC3920,CF2C6121,57F74F14,6CD86A41,B61CF799,6DDA23C1,5282AD18,B6269035"/><V56/><F76/><W54/><G0/><T20/><D72/><U25/><E68/><V111/><F123/><W59/><G116/><N who="0" m="44651" /><D66/><U65/><E122/><V101/><F126/><W37/><G37/><T74/><D74/><U125/><E65/><V110/><F110/><W38/><G38/><T129/><D129/><U82/><E130/><V135/><F131/><W102/><G128/><T29/><D36/><U50/><E125/><V47/><F135/><W97/><G124/><T57/><D21/><N who="1" m="15407" /><E100/><N who="2" m="38475" /><F47/><W35/><G70/><T80/><D80/><U69/><E69/><V119/><F119/><W90/><G35/><T63/><D63/><U18/><E50/><V31/><F31/><W2/><G2/><T13/><D13/><U33/><E33/><V43/><F43/><AGARI ba="0,0" hai="20,24,29,32,34,43,46,49,51,55,57" m="44651" machi="43" ten="30,2000,0" yaku="12,1,52,1" doraHai="52" who="0" fromWho="2" sc="338,20,235,0,255,-20,172,0" /><INIT seed="3,0,0,4,0,110" ten="358,235,235,172" oya="3" hai0="70,126,0,82,38,20,40,113,81,114,67,105,104" hai1="12,29,109,134,87,95,50,100,77,116,39,119,2" hai2="91,115,130,14,49,106,9,41,37,21,56,6,4" hai3="89,111,102,76,5,48,45,15,103,52,132,72,1" shuffle="mt19937ar,3442CE12,4FA74E8B,845584FA,80086F70,F4482B4D,F734182A,0A2C0F55,D40E4DB6"/><W66/><G111/><T30/><D0/><U127/><E39/><V92/><F106/><W51/><G1/><T65/><D40/><U78/><E2/><V61/><F130/><W22/><G66/><T97/><D38/><U122/><E109/><V42/><F37/><W129/><G129/><T27/><D126/><U73/><E29/><V84/><F115/><N who="0" m="44042" /><D70/><U107/><E127/><V57/><F6/><W125/><G125/><T131/><D131/><U71/><E71/><V33/><F33/><W18/><G132/><T55/><D55/><U44/><E134/><V80/><F21/><W75/><G5/><T133/><D133/><U19/><E119/><V59/><F61/><W121/><G121/><T7/><D7/><U123/><E50/><V53/><F80/><N who="0" m="30826" /><D105/><U3/><E107/><V128/><F128/><W112/><G112/><T31/><D30/><U25/><E3/><V8/><F42/><W28/><G28/><T47/><D47/><U135/><E44/><N who="2" m="27815" /><F41/><W36/><G36/><T85/><D85/><U69/><E135/><V13/><F4/><W99/><G51/><T74/><D74/><N who="3" m="28201" /><G76/><T68/><D68/><U35/><E77/><V60/><F60/><W58/><G45/><T108/><D108/><U86/><E78/><V94/><F94/><N who="3" m="56783" /><G102/><AGARI ba="0,0" hai="20,27,31,65,67,97,102,104" m="30826,44042" machi="102" ten="30,7700,0" yaku="11,1,52,3" doraHai="110" who="0" fromWho="3" sc="358,77,235,0,235,0,172,-77" owari="435,42,235,-1,235,-11,95,-30" /></mjloggm>