<mjloggm ver="2.3"><GO type="185"/><UN n0="%E3%81%B5%E3%81%8F%EF%BC%A3%EF%BD%88%EF%BD%81%EF%BD%8E%E2%99%AA" n1="%E5%BD%A2%E5%B1%B1" n2="%E5%8D%81%E5%85%AD%E5%A4%9C%E2%80%A0%E5%92%B2%E5%A4%9C" n3="" dan="16,16,16,0" rate="2171,2086,2177,1500" sx="F,M,F,C"/><TAIKYOKU oya="0"/><INIT seed="0,0,0,3,0,36" ten="350,350,350,0" oya="0" hai0="106,94,133,42,67,114,51,130,126,115,3,89,33" hai1="101,38,129,134,32,88,80,47,78,125,65,56,76" hai2="50,70,45,92,69,71,100,63,84,62,52,91,59" hai3="" shuffle="mt19937ar,7254F3DC,CC5084D0,51E59453,40380048,46F69E9F,3410EAD3,E4A58143,F6D21D31"/><T95/><D33/><U120/><N who="1" m="30752" /><U35/><E129/><V121/><N who="2" m="31008" /><V57/><REACH who="2" step="1"/><F100/><REACH who="2" step="2"/><T82/><D130/><U73/><E101/><V54/><F54/><T128/><D128/><U0/><E35/><V58/><AGARI ba="0,1" hai="45,50,52,57,58,59,62,63,69,70,71,84,91,92" m="31008" machi="58" ten="40,6000,1" yaku="1,1,0,1,52,1,54,1,53,0" doraHai="36" doraHaiUra="97" who="2" fromWho="2" sc="350,-40,350,-20,340,70,0,0" /><INIT seed="1,0,0,5,2,38" ten="310,330,410,0" oya="1" hai0="58,103,105,65,89,126,54,133,101,79,53,0,33" hai1="118,63,88,50,114,78,95,68,69,84,104,113,94" hai2="102,67,108,122,81,100,92,75,51,134,52,42,56" hai3="" shuffle="mt19937ar,92B184A8,E3818387,31D731D0,ABF34AC7,65E9214E,08B0E12E,5299E51A,3DA1CE06"/><U90/><E104/><V115/><N who="2" m="31264" /><V49/><F108/><T39/><D58/><U109/><E118/><V129/><F129/><T43/><D89/><U124/><E109/><V96/><F134/><T64/><D39/><U48/><E124/><V85/><F115/><T36/><D36/><U120/><N who="1" m="30752" /><U123/><N who="1" m="31520" /><U73/><E73/><V59/><F75/><T110/><D79/><U55/><E78/><V44/><F67/><T97/><D110/><U87/><E63/><V1/><F1/><T106/><D97/><U40/><E55/><V62/><F102/><T71/><D71/><U130/><E40/><V132/><F132/><T61/><D133/><U47/><E47/><V82/><F82/><T2/><D61/><U32/><E32/><V99/><F99/><T76/><D76/><U37/><E37/><V45/><F62/><T121/><N who="0" m="31008" /><T74/><D74/><U111/><E111/><V117/><F117/><T83/><D83/><U116/><E116/><V135/><F135/><T112/><D33/><U107/><E107/><V86/><F86/><T3/><D3/><U35/><E35/><V46/><F45/><T70/><D126/><U119/><E119/><V80/><F80/><T34/><D34/><RYUUKYOKU ba="0,0" sc="310,-20,330,10,410,10,0,0" hai1="48,50,68,69,84,87,88,90,94,95,113,114,130" hai2="42,44,46,49,51,52,56,59,81,85,92,96,100" /><INIT seed="1,1,0,4,3,59" ten="290,340,420,0" oya="1" hai0="99,126,62,128,98,118,76,36,115,107,3,40,102" hai1="111,84,41,43,48,80,127,121,54,69,112,117,96" hai2="37,110,87,47,0,106,114,108,51,45,1,104,95" hai3="" shuffle="mt19937ar,E5CD96CD,BFE2FC81,33326D3A,6AFA503E,9E116206,38B2EEB8,8DA77437,4C1A943A"/><U105/><N who="1" m="31008" /><U103/><E69/><V60/><F114/><T56/><D76/><U78/><E112/><V74/><F74/><T120/><D99/><U90/><E117/><V57/><F37/><T67/><D102/><U61/><E127/><V132/><F132/><T58/><D98/><U68/><E111/><V101/><F87/><T63/><D107/><U42/><E68/><V113/><F113/><T93/><D93/><U66/><E66/><V33/><F33/><T46/><N who="0" m="30752" /><T73/><D73/><U72/><E61/><V131/><F131/><T34/><D34/><U2/><E2/><V97/><F47/><T53/><D3/><U119/><E119/><V65/><F1/><T123/><N who="0" m="31520" /><T55/><D115/><U44/><E43/><V124/><F124/><T32/><D32/><U50/><REACH who="1" step="1"/><E48/><REACH who="1" step="2"/><V64/><F0/><T38/><D126/><U75/><E75/><V79/><F65/><T88/><D118/><U135/><E135/><V39/><F110/><T122/><N who="0" m="31264" /><T134/><D134/><U94/><AGARI ba="1,1" hai="41,42,44,50,54,72,78,80,84,90,94,96,103,105" m="31008" machi="94" ten="20,12000,2" yaku="1,1,0,1,7,1,24,2,52,1,53,1" doraHai="59" doraHaiUra="82" who="1" fromWho="1" sc="290,-61,330,132,420,-61,0,0" /><INIT seed="1,2,0,4,5,41" ten="229,462,359,0" oya="1" hai0="87,88,94,35,118,68,33,127,111,105,124,96,133" hai1="0,37,53,36,107,43,89,120,58,63,110,52,119" hai2="126,132,62,72,134,95,112,59,108,34,123,81,67" hai3="" shuffle="mt19937ar,9F9973F9,F76A38AE,F2DA0039,4DE85718,C6D3774C,23FA1453,27A8ECDF,16FEDE11"/><U86/><N who="1" m="30752" /><U115/><E107/><V113/><N who="2" m="31520" /><V76/><F34/><T73/><D35/><U1/><E119/><V39/><F108/><T54/><D54/><U116/><E116/><V90/><F126/><T78/><D68/><U85/><E115/><V45/><F39/><T82/><D33/><U32/><E32/><V91/><F45/><T131/><D118/><U129/><E110/><V65/><F65/><T75/><D111/><U106/><E106/><V99/><REACH who="2" step="1"/><F90/><REACH who="2" step="2"/><T60/><D88/><U55/><E1/><V79/><F79/><T47/><D78/><U102/><E0/><V49/><F49/><T57/><D47/><U61/><E37/><V93/><F93/><T66/><D94/><U44/><E102/><V56/><F56/><T80/><D57/><U104/><E104/><V101/><F101/><T69/><D105/><U46/><E89/><V128/><F128/><T71/><D131/><U100/><E100/><V122/><N who="2" m="31264" /><V48/><F48/><T103/><D103/><U114/><E129/><V40/><F40/><T83/><D124/><U84/><E44/><V77/><F77/><T97/><D127/><U117/><E117/><V125/><F125/><T74/><D71/><U51/><E36/><RYUUKYOKU ba="2,1" sc="229,-10,462,-10,349,20,0,0" hai2="59,62,67,72,76,81,91,95,99,112,113,132,134" /><INIT seed="2,3,1,3,0,84" ten="219,452,369,0" oya="2" hai0="111,80,115,109,104,83,40,76,71,63,1,53,105" hai1="121,38,66,55,87,78,102,44,107,81,132,69,86" hai2="88,113,93,116,65,42,75,58,0,95,101,67,134" hai3="" shuffle="mt19937ar,BC107FA3,E41A9E95,0929332C,3797AC48,3F66D140,515C519F,59DBE6DF,624D8E96"/><V119/><F0/><T62/><D1/><U82/><N who="1" m="31008" /><U120/><N who="1" m="30752" /><U99/><E132/><V72/><F42/><T131/><D40/><U112/><E112/><V61/><F113/><T37/><D37/><U68/><E66/><V79/><F134/><T60/><D71/><U89/><REACH who="1" step="1"/><E38/><REACH who="1" step="2"/><V124/><F65/><T43/><D115/><U90/><E90/><V54/><F88/><T32/><D111/><U77/><E77/><V130/><F67/><T126/><D76/><U122/><N who="1" m="31264" /><U33/><E33/><V97/><F79/><T35/><D109/><U57/><E57/><V100/><F58/><T106/><D32/><U45/><E45/><V3/><F3/><T98/><D35/><U70/><E70/><V127/><F101/><T135/><D135/><U114/><E114/><V34/><F34/><T36/><BYE who="2" /><D36/><U41/><E41/><V110/><F110/><T117/><D43/><U51/><AGARI ba="3,2" hai="44,51,55,68,69,78,81,82,86,87,89,99,102,107" m="31264,30752,31008" machi="51" ten="30,9000,2" yaku="1,1,0,1,52,4,53,0" doraHai="84" doraHaiUra="125" who="1" fromWho="1" sc="219,-33,442,116,369,-63,0,0" /><INIT seed="4,0,0,4,1,66" ten="186,558,306,0" oya="0" hai0="123,94,39,58,32,128,86,99,73,35,61,70,135" hai1="47,95,129,57,42,103,40,124,130,51,127,121,48" hai2="93,79,119,33,46,111,82,75,77,38,55,115,116" hai3="" shuffle="mt19937ar,2EDBDAB1,25C14063,D396CED9,D52D84EC,29EEA47D,77344518,D335696E,5730DA3C"/><T107/><N who="0" m="31520" /><T100/><D135/><U74/><N who="1" m="31008" /><U43/><E74/><V34/><F34/><T104/><D128/><N who="1" m="49259" /><E103/><V69/><F69/><T1/><D73/><U114/><E95/><V45/><F45/><T83/><D1/><U126/><E114/><V60/><F60/><T49/><D39/><U134/><E134/><V122/><F122/><T50/><D32/><U52/><AGARI ba="0,0" hai="40,42,43,47,48,51,52,57,124,126,127" m="49259,31008" machi="52" ten="40,9000,2" yaku="18,1,19,1,34,2,52,1,54,1" doraHai="66" who="1" fromWho="1" sc="186,-60,558,90,306,-30,0,0" /><UN n2="%E5%8D%81%E5%85%AD%E5%A4%9C%E2%80%A0%E5%92%B2%E5%A4%9C" /><INIT seed="5,0,0,1,3,123" ten="126,648,276,0" oya="1" hai0="36,118,101,1,95,132,103,91,66,80,55,34,130" hai1="48,61,87,60,84,33,89,94,129,32,56,96,74" hai2="43,124,133,104,2,76,86,82,100,45,67,44,71" hai3="" shuffle="mt19937ar,2DF7254F,86A42BBE,459A02BD,90169337,E7A287E4,70E216E5,A136AA38,163B4AAB"/><U107/><E129/><V112/><F2/><T102/><D66/><U98/><E74/><V72/><F112/><T40/><D55/><U119/><E119/><V49/><F133/><T116/><D40/><U38/><E38/><V90/><F124/><T109/><D36/><U37/><E37/><V117/><F117/><N who="0" m="45162" /><D34/><U68/><E33/><V39/><F67/><T126/><D1/><U111/><E32/><V53/><F71/><T62/><D62/><U122/><N who="1" m="31264" /><U121/><N who="1" m="31008" /><U93/><E107/><V114/><F114/><T0/><D0/><U78/><E111/><V64/><F64/><T81/><D132/><U110/><E110/><V135/><F135/><T46/><D46/><U92/><E68/><V120/><N who="2" m="30752" /><V69/><F69/><T65/><D126/><U59/><E48/><V128/><F128/><T73/><D130/><U57/><E78/><V3/><F3/><T79/><D65/><U108/><E108/><V99/><REACH who="2" step="1"/><F72/><REACH who="2" step="2"/><T113/><D113/><U35/><E35/><V77/><AGARI ba="0,1" hai="39,43,44,45,49,53,76,77,82,86,90,99,100,104" m="30752" machi="77" ten="30,6000,1" yaku="1,1,2,1,0,1,52,1,53,1" doraHai="123" doraHaiUra="83" who="2" fromWho="2" sc="126,-20,648,-40,266,70,0,0" /><INIT seed="6,0,0,0,0,43" ten="106,608,336,0" oya="2" hai0="53,112,51,61,107,77,0,33,74,56,119,47,42" hai1="2,132,44,87,111,70,121,130,85,131,106,1,34" hai2="127,35,125,124,60,78,64,93,103,129,88,91,95" hai3="" shuffle="mt19937ar,48B36023,8AAFAE45,127A7B88,A1612C1D,CF8E4D76,A35ADA7A,A5A78DC3,C02EF09A"/><V62/><F35/><T104/><D77/><U41/><N who="1" m="31008" /><U58/><E34/><V117/><F117/><T67/><D104/><U49/><E106/><V50/><F103/><T113/><D107/><U120/><N who="1" m="30752" /><U123/><N who="1" m="31520" /><U126/><E70/><V54/><F129/><N who="1" m="49161" /><E111/><V81/><F93/><T108/><D74/><U73/><E73/><V40/><F40/><T133/><D33/><U99/><E132/><V71/><F62/><T75/><D75/><U89/><E126/><V100/><F100/><T116/><D0/><N who="1" m="107" /><E58/><V97/><F91/><T48/><D133/><U46/><E46/><V63/><F63/><T36/><D51/><U118/><E118/><V38/><F38/><T96/><D108/><U94/><AGARI ba="0,0" hai="41,44,49,85,87,89,94,99" m="107,49161,31520,30752,31008" machi="94" ten="40,6000,1" yaku="19,1,52,4" doraHai="43" who="1" fromWho="1" sc="106,-20,608,60,336,-40,0,0" owari="86,-51,668,61,296,-10,0,0" /></mjloggm>