<mjloggm ver="2.3"><GO type="225"/><UN n0="%E6%9C%A7%E5%A4%8F%E6%9C%88" n1="%E3%81%B5%E3%82%8B%E3%81%AD%E3%81%93%40%E4%BD%95%E5%88%87%E3%82%8B" n2="%74%63%61%30%30" n3="%E3%83%80%E3%83%A0%E3%83%9E%E3%83%8B%E3%82%A2" dan="17,16,16,16" rate="2137,2062,2046,2110" sx="M,M,M,M"/><TAIKYOKU oya="0"/><INIT seed="0,0,0,5,5,75" ten="250,250,250,250" oya="0" hai0="119,111,122,67,52,77,46,15,68,29,11,66,9" hai1="22,74,112,95,103,81,59,44,98,69,129,110,33" hai2="56,97,43,120,3,134,130,93,19,121,24,117,102" hai3="6,73,100,127,39,14,10,60,78,40,63,35,116" shuffle="mt19937ar,1E056206,A12DAB93,A04279B6,64405A2E,B7EF731E,C72C4968,3A30288F,C8E56EFD"/><T2/><D119/><U23/><E69/><V115/><F3/><W76/><G35/><T62/><D122/><U131/><E33/><V126/><F43/><W123/><G73/><T8/><D2/><U109/><E44/><V21/><F115/><W49/><G40/><T96/><D29/><U104/><E59/><V99/><F117/><W58/><G39/><T83/><D111/><N who="1" m="42507" /><E112/><V86/><F126/><W114/><G114/><T124/><D124/><U54/><E54/><V45/><F45/><W30/><G127/><T92/><D66/><U85/><E23/><V50/><F134/><W80/><G30/><T13/><D46/><U7/><E22/><V38/><F38/><W1/><G1/><T4/><D52/><U32/><E7/><V125/><F125/><W72/><G116/><T89/><REACH who="0" step="1"/><D13/><REACH who="0" step="2"/><U91/><E32/><V12/><F12/><W25/><G123/><T65/><D65/><U105/><E74/><AGARI ba="0,1" hai="4,8,9,11,15,62,67,68,74,77,83,89,92,96" machi="74" ten="30,11600,0" yaku="1,1,7,1,52,1,53,1" doraHai="75" doraHaiUra="88" who="0" fromWho="1" sc="240,126,250,-116,250,0,250,0" /><INIT seed="0,1,0,3,5,127" ten="366,134,250,250" oya="0" hai0="62,105,12,88,32,87,107,39,100,55,41,66,106" hai1="76,112,42,15,19,132,36,82,122,114,104,70,108" hai2="91,119,118,58,124,1,65,59,31,134,113,109,78" hai3="71,101,9,74,89,85,28,129,84,93,125,45,116" shuffle="mt19937ar,6E2EF8F6,06FB089D,9C69A712,A0C23200,60E51830,AEE85FEC,C49F54E9,F9318AFF"/><T29/><D55/><U97/><E122/><V27/><F1/><W7/><G71/><T117/><D117/><U3/><E3/><V35/><F113/><N who="1" m="43625" /><E70/><V5/><F5/><W24/><G74/><T126/><D126/><U63/><E108/><V46/><F124/><W61/><G116/><N who="2" m="44585" /><F109/><W23/><G101/><T48/><D39/><U22/><E63/><V131/><F134/><W133/><G133/><T83/><D12/><U30/><E30/><V0/><F0/><W130/><G125/><T64/><D100/><N who="1" m="62479" /><E132/><V98/><F78/><W110/><G61/><T25/><REACH who="0" step="1"/><D62/><REACH who="0" step="2"/><U49/><E36/><V57/><F65/><W16/><G110/><T77/><D77/><U111/><E111/><V72/><F46/><AGARI ba="1,1" hai="25,29,32,41,46,48,64,66,83,87,88,105,106,107" machi="46" ten="40,7700,0" yaku="1,1,54,1,53,1" doraHai="127" doraHaiUra="21" who="0" fromWho="2" sc="356,90,134,0,250,-80,250,0" /><INIT seed="0,2,0,5,1,120" ten="446,134,170,250" oya="0" hai0="93,119,135,116,105,124,70,57,98,95,79,117,77" hai1="111,85,76,80,125,19,48,99,129,8,128,89,54" hai2="103,90,62,110,94,22,82,123,52,4,113,78,25" hai3="45,41,28,92,46,115,68,27,49,39,20,32,75" shuffle="mt19937ar,2057CC3B,CFE16CAA,679F2DE2,564B56CB,10DBB430,AED347ED,FF821847,EFDDD9C8"/><T63/><D70/><U26/><E125/><V83/><F123/><W69/><G75/><T53/><D124/><U130/><E99/><V86/><F113/><W127/><G115/><T43/><D135/><U24/><E76/><V3/><F4/><W35/><G127/><T1/><D1/><U11/><E111/><V40/><F3/><W66/><G69/><T109/><D109/><U118/><E118/><V133/><F133/><W87/><G66/><T73/><D43/><U64/><E64/><V23/><F40/><W74/><G74/><T100/><D73/><U12/><REACH who="1" step="1"/><E11/><REACH who="1" step="2"/><V132/><F110/><W44/><G68/><T134/><D134/><U7/><E7/><V107/><F132/><W91/><G39/><T55/><D77/><U0/><E0/><V71/><F71/><W106/><G106/><T131/><D79/><U34/><E34/><V36/><F36/><W84/><G35/><T10/><D10/><U108/><E108/><V14/><F78/><W18/><REACH who="3" step="1"/><G87/><REACH who="3" step="2"/><T37/><D37/><U38/><E38/><V15/><F107/><W21/><G21/><T101/><D105/><U126/><E126/><V2/><F23/><W81/><G81/><T42/><D119/><U121/><E121/><V9/><F83/><W72/><G72/><T114/><D117/><U96/><E96/><V67/><F82/><W56/><G56/><AGARI ba="2,2" hai="8,12,19,24,26,48,54,56,80,85,89,128,129,130" machi="56" ten="40,2600,0" yaku="1,1,19,1,53,0" doraHai="120" doraHaiUra="16" who="1" fromWho="3" sc="446,0,124,52,170,0,240,-32" /><INIT seed="1,0,0,0,5,115" ten="446,176,170,208" oya="1" hai0="72,38,66,110,102,5,133,58,94,62,12,111,93" hai1="135,79,68,11,53,59,25,108,64,99,113,90,20" hai2="18,125,4,103,3,117,41,63,109,50,126,28,39" hai3="9,132,120,122,71,35,46,34,43,14,21,73,7" shuffle="mt19937ar,0A5FAF82,28D377B4,E60F442C,F7EFEDEC,296E96DA,B9ECCBC0,95F3E857,E1238156"/><U124/><E113/><V1/><F39/><W24/><G71/><T95/><D38/><U75/><E124/><N who="2" m="47723" /><F103/><W61/><G73/><T97/><D72/><U87/><E135/><V44/><F28/><W26/><G61/><T92/><D133/><U83/><E108/><N who="0" m="41513" /><D5/><U89/><E68/><V128/><F109/><W17/><G132/><T6/><D6/><U86/><E64/><V47/><F47/><W8/><G46/><T67/><D12/><U104/><E11/><N who="2" m="2447" /><F3/><N who="3" m="127" /><G43/><T112/><D112/><U54/><E54/><AGARI ba="0,0" hai="54,58,62,66,67,92,93,94,95,97,102" m="41513" machi="54" ten="30,1000,0" yaku="14,1" doraHai="115" who="0" fromWho="1" sc="446,10,176,-10,170,0,208,0" /><INIT seed="2,0,0,5,3,86" ten="456,166,170,208" oya="2" hai0="60,17,45,68,7,98,41,66,89,134,51,43,131" hai1="5,49,53,135,111,14,105,54,61,65,27,88,48" hai2="76,0,118,90,83,78,13,56,82,52,122,96,87" hai3="35,9,115,38,3,74,123,25,97,100,19,57,107" shuffle="mt19937ar,35E36BEF,A05194C4,47283221,7CB5BCC3,0CC410A7,1F8A881D,71DC1EE5,C9EE8F72"/><V114/><F0/><W75/><G57/><T109/><D109/><U113/><E105/><V34/><F34/><W117/><G19/><T71/><D71/><U12/><E113/><V104/><F122/><W58/><G58/><T99/><D134/><U32/><E111/><V26/><F118/><W103/><G103/><T102/><D7/><U62/><E135/><V112/><F26/><W33/><G123/><T85/><D131/><U77/><E77/><V28/><F28/><N who="3" m="19599" /><G35/><T46/><D17/><U70/><E62/><V37/><F37/><W93/><G93/><T50/><D102/><U8/><E14/><V106/><F13/><W4/><G117/><T124/><D124/><U79/><E79/><V10/><F10/><W94/><G94/><AGARI ba="0,0" hai="41,43,45,46,50,51,60,66,68,85,89,94,98,99" machi="94" ten="30,3900,0" yaku="7,1,9,1,52,1" doraHai="86" who="0" fromWho="3" sc="456,39,166,0,170,0,208,-39" /><INIT seed="3,0,0,3,3,10" ten="495,166,170,169" oya="3" hai0="6,52,126,43,35,64,57,113,20,110,2,83,129" hai1="106,91,30,24,134,111,15,82,72,66,84,1,79" hai2="125,74,99,123,49,118,54,58,8,105,55,26,107" hai3="128,51,86,27,31,45,69,103,93,50,33,102,21" shuffle="mt19937ar,28CEAE01,F389C528,AE5CA302,29D5EF10,332D52EF,60A186D1,7FB92AD7,35CD90A9"/><W114/><G69/><T100/><D20/><U97/><E1/><V53/><F74/><W14/><G128/><T92/><D57/><U77/><E111/><V63/><F118/><W40/><G114/><T101/><D92/><N who="1" m="56479" /><E106/><V39/><F39/><W65/><G65/><T95/><D52/><U68/><E72/><V22/><F125/><W44/><G33/><T76/><D95/><U0/><E0/><V11/><F107/><W71/><G71/><T17/><D17/><U81/><E68/><V120/><F99/><W13/><G86/><T42/><D6/><U132/><E66/><N who="2" m="39287" /><F105/><W90/><G90/><T62/><D83/><N who="1" m="31755" /><E84/><V115/><F115/><W38/><G38/><T87/><D62/><U32/><E15/><N who="3" m="5642" /><G93/><T60/><D64/><U5/><E5/><V75/><F75/><W34/><G34/><T23/><D35/><U56/><E56/><V98/><F98/><W121/><G121/><N who="2" m="46665" /><F49/><W61/><G61/><T133/><D60/><U48/><E48/><V85/><F85/><W88/><G88/><T37/><D87/><U7/><E7/><V80/><F80/><W28/><G28/><AGARI ba="0,0" hai="8,11,22,26,28,53,54,55" m="46665,39287" machi="28" ten="30,1000,0" yaku="13,1" doraHai="10" who="2" fromWho="3" sc="495,0,166,0,170,10,169,-10" owari="495,49,166,-18,180,-7,159,-24" /></mjloggm>