<mjloggm ver="2.3"><GO type="225"/><UN n0="%52%65%64%4D%61%67%69%63" n1="%E3%81%B5%E3%82%8B%E3%81%AD%E3%81%93%40%E4%BD%95%E5%88%87%E3%82%8B" n2="%E3%81%93%E3%82%93%E3%81%AB%E3%81%A1%E3%81%AF%E6%97%A5%E6%9B%9C%E6%97%A5" n3="%E8%B6%85%E3%83%92%E3%83%A2%E3%83%AA%E3%83%AD" dan="16,16,16,17" rate="2024,2076,2013,2076" sx="M,M,M,F"/><TAIKYOKU oya="0"/><INIT seed="0,0,0,4,5,53" ten="250,250,250,250" oya="0" hai0="14,99,107,73,72,117,38,31,28,62,88,18,3" hai1="119,89,37,17,90,26,97,24,123,2,10,91,130" hai2="16,23,124,129,27,116,114,112,56,134,113,74,21" hai3="5,54,35,71,70,41,20,30,122,125,102,42,121" shuffle="mt19937ar,96C13914,211370F4,49B5DB0D,E454C06F,7C77D939,18D912A0,992B4C89,9E9DE81B"/><T51/><D38/><U126/><E37/><V13/><F74/><W33/><G5/><T46/><D3/><U120/><E119/><V78/><F78/><W43/><G102/><T66/><D117/><U55/><E126/><V44/><F116/><W1/><G1/><T6/><D6/><U68/><E68/><V103/><F103/><W64/><G125/><T80/><D107/><U94/><E130/><V47/><F124/><W32/><G54/><T29/><D73/><U75/><E75/><V22/><F129/><W118/><G118/><T8/><D72/><U7/><E55/><V109/><F109/><W108/><G108/><T11/><D11/><U19/><E26/><V12/><F134/><W96/><G96/><T50/><D46/><U85/><E91/><V60/><F13/><W106/><G106/><T100/><D100/><U98/><E98/><V82/><F82/><W110/><G110/><T63/><D63/><U4/><E4/><V61/><F61/><W128/><G128/><T135/><D135/><U0/><E0/><V45/><REACH who="2" step="1"/><F27/><REACH who="2" step="2"/><W133/><G133/><T84/><REACH who="0" step="1"/><D99/><REACH who="0" step="2"/><U49/><E97/><V57/><F57/><AGARI ba="0,2" hai="8,14,18,28,29,31,50,51,57,62,66,80,84,88" machi="57" ten="40,12000,1" yaku="1,1,2,1,8,1,52,1,54,1,53,0" doraHai="53" doraHaiUra="67" who="0" fromWho="2" sc="240,140,250,0,240,-120,250,0" /><INIT seed="0,1,0,1,5,0" ten="380,250,120,250" oya="0" hai0="125,53,122,85,52,64,133,26,92,76,54,81,102" hai1="15,73,62,2,79,110,40,25,103,130,19,42,56" hai2="46,33,90,72,10,60,95,108,87,101,120,70,44" hai3="36,114,67,77,83,89,104,124,41,113,66,61,97" shuffle="mt19937ar,11CE0BA5,144A56E8,8259EFD2,3B5960C7,741C9EB9,F2D0188E,88B1EBA9,BE1989CA"/><T3/><D122/><U68/><E2/><V34/><F120/><W117/><G117/><T121/><D121/><U106/><E68/><V47/><F72/><W78/><G124/><T45/><D125/><U109/><E25/><V11/><F108/><W30/><G67/><T51/><D3/><U14/><E130/><V27/><F101/><W118/><G118/><T129/><D129/><U126/><E126/><V58/><F70/><W4/><G30/><T116/><D116/><U91/><E91/><V105/><F105/><W55/><G55/><T107/><D107/><U13/><E19/><V20/><F33/><W32/><G32/><T50/><D133/><U59/><E103/><V135/><F34/><W127/><G127/><T8/><D8/><U23/><E23/><V88/><F90/><W28/><G28/><T132/><D132/><U112/><E106/><V57/><F135/><W115/><G36/><T134/><D134/><U94/><E94/><V12/><F60/><W29/><G104/><T65/><D26/><U93/><E93/><V99/><F99/><W24/><G24/><T22/><D22/><U111/><E112/><V18/><REACH who="2" step="1"/><F11/><REACH who="2" step="2"/><W7/><G97/><N who="0" m="59687" /><D50/><U123/><E123/><V39/><F39/><W128/><G113/><T6/><D51/><U16/><E62/><V82/><F82/><W131/><G114/><T43/><D81/><N who="1" m="45295" /><E16/><AGARI ba="1,1" hai="10,12,16,18,20,27,44,46,47,57,58,87,88,95" machi="16" ten="40,8000,1" yaku="1,1,8,1,54,2,53,0" doraHai="0" doraHaiUra="31" who="2" fromWho="1" sc="380,0,250,-83,110,93,250,0" /><INIT seed="1,0,0,4,2,115" ten="380,167,203,250" oya="1" hai0="122,107,4,123,128,135,86,5,64,27,60,53,96" hai1="120,52,43,95,32,49,18,74,25,48,33,12,47" hai2="132,41,131,106,127,39,30,111,65,34,72,87,119" hai3="81,13,7,125,93,61,17,6,98,2,129,76,116" shuffle="mt19937ar,56BCBEF2,8E0C8A6A,3263E669,9A421E37,BB745B61,A6FA5DB4,FDAC98A4,C4645E3F"/><U97/><E74/><V90/><RYUUKYOKU type="yao9" ba="0,0" sc="380,0,167,0,203,0,250,0" hai2="30,34,39,41,65,72,87,90,106,111,119,127,131,132" /><INIT seed="1,1,0,2,1,115" ten="380,167,203,250" oya="1" hai0="54,61,71,84,28,8,45,87,113,56,58,7,121" hai1="110,41,52,125,48,18,39,111,133,38,44,82,64" hai2="5,57,35,60,118,23,123,129,88,34,112,50,122" hai3="17,63,53,40,43,100,134,120,127,10,99,104,89" shuffle="mt19937ar,2396206E,2679A0CC,8D272D7D,8878CCB2,0FB6FCBE,7F35EB90,E0F46AB1,8C14F047"/><U25/><E133/><V19/><F112/><W106/><G120/><T97/><D113/><U36/><E82/><V119/><F5/><W108/><G106/><T9/><D121/><U32/><E18/><V76/><F76/><W51/><G134/><T78/><D28/><N who="1" m="19471" /><E64/><V13/><F122/><W114/><G114/><T86/><D71/><U75/><E75/><V107/><F107/><W4/><G17/><T22/><D78/><U12/><E12/><V47/><F123/><W46/><G63/><T72/><D45/><U103/><E103/><V80/><F34/><W55/><G43/><T93/><D22/><U11/><E11/><V85/><F35/><W27/><G27/><T77/><D72/><U21/><E21/><V59/><F59/><W90/><G90/><N who="0" m="55479" /><D77/><U42/><E125/><V69/><F69/><W24/><G55/><N who="0" m="33951" /><D7/><U101/><E101/><V98/><F57/><W31/><G100/><T135/><D135/><U1/><E1/><V128/><F60/><AGARI ba="1,0" hai="8,9,54,58,60,84,86,87" m="33951,55479" machi="60" ten="30,1000,0" yaku="8,1" doraHai="115" who="0" fromWho="2" sc="380,13,167,0,203,-13,250,0" /><INIT seed="2,0,0,2,1,24" ten="393,167,190,250" oya="2" hai0="90,41,11,39,51,84,105,81,125,29,19,42,33" hai1="101,18,122,66,2,43,82,128,91,3,108,111,123" hai2="30,4,114,50,120,104,69,56,119,57,62,47,135" hai3="10,58,76,38,34,28,45,21,31,75,5,52,48" shuffle="mt19937ar,1ADE1384,0298A8C6,B35F5825,768DFD62,D012EC28,6924ABC3,B251092F,ECDC71DE"/><V89/><F120/><N who="1" m="46121" /><E128/><V0/><F119/><W109/><G34/><T98/><D125/><U112/><E112/><V93/><F104/><W20/><G109/><N who="1" m="42058" /><E66/><V7/><F114/><W49/><G38/><T77/><D39/><U97/><E43/><V1/><F69/><W9/><G75/><T124/><D124/><U53/><E53/><V68/><F68/><W134/><G134/><T121/><D121/><U22/><E91/><V80/><F135/><W78/><G21/><T129/><D129/><U115/><E82/><V94/><F80/><W37/><G20/><T59/><D42/><U70/><E70/><V86/><F89/><W65/><G37/><T12/><D105/><N who="1" m="63663" /><E115/><V13/><F62/><N who="3" m="38103" /><G49/><T113/><D51/><U64/><E64/><V126/><F50/><W16/><G76/><T88/><D77/><U131/><E131/><V79/><F79/><W60/><G78/><T36/><D36/><U99/><E99/><V103/><F126/><W72/><G72/><T116/><D98/><U87/><E87/><V85/><F85/><W26/><G60/><T106/><D84/><U44/><E44/><V25/><F47/><W130/><G130/><T127/><D113/><U96/><E96/><V23/><F86/><W63/><G63/><T132/><D127/><U92/><E92/><V117/><F93/><W74/><G74/><T71/><D71/><U110/><N who="1" m="42066" /><U8/><DORA hai="107" /><E8/><V55/><F55/><W133/><G10/><T95/><D11/><U40/><E40/><V17/><F94/><W46/><G46/><T32/><D95/><U27/><AGARI ba="0,0" hai="2,3,18,22,27" m="63663,42066,46121" machi="27" ten="50,6400,0" yaku="5,1,13,1,14,1" doraHai="24,107" who="1" fromWho="1" sc="393,-16,167,64,190,-32,250,-16" /><INIT seed="3,0,0,2,2,15" ten="377,231,158,234" oya="3" hai0="43,3,88,73,135,49,85,22,92,134,100,67,104" hai1="129,71,38,132,120,68,52,6,91,33,10,1,44" hai2="24,81,65,54,48,119,131,125,46,113,64,103,111" hai3="26,40,16,99,9,75,133,7,59,45,28,90,39" shuffle="mt19937ar,D06EE529,98CDC75D,315EC52A,58756518,C9C56C48,5B623345,09B50884,7290EF18"/><W42/><G75/><T55/><D73/><U4/><E120/><V86/><F119/><W57/><G42/><T47/><D3/><U21/><E33/><V25/><F113/><W0/><G133/><T62/><D22/><U126/><E132/><N who="0" m="50729" /><D100/><U122/><E122/><V41/><F103/><W87/><G99/><T115/><D104/><U110/><E6/><V17/><F111/><W13/><G0/><T95/><D115/><U84/><E110/><V32/><F131/><W97/><G97/><T78/><D78/><U123/><E123/><V128/><F128/><W130/><G7/><T19/><D19/><U80/><E126/><V30/><F125/><W74/><G74/><T58/><D92/><U20/><E129/><V98/><F98/><W23/><REACH who="3" step="1"/><G130/><REACH who="3" step="2"/><T34/><D34/><U63/><E38/><V37/><F37/><W66/><G66/><AGARI ba="0,1" hai="43,47,49,55,58,62,66,67,85,88,95" m="50729" machi="66" ten="30,2000,0" yaku="20,1,54,1" doraHai="15" who="0" fromWho="3" sc="377,30,231,0,158,0,224,-20" owari="407,41,231,-2,158,-24,204,-15" /></mjloggm>