<mjloggm ver="2.3"><GO type="225"/><UN n0="%E3%83%81%E3%83%A3%E3%82%AA%E3%83%AA" n1="%E8%80%81%E9%A6%AC" n2="%E3%83%80%E3%83%A0%E3%83%9E%E3%83%8B%E3%82%A2" n3="%E5%85%AD%E5%88%86%E5%84%80" dan="17,16,16,18" rate="2148,2025,2140,2149" sx="M,M,M,F"/><TAIKYOKU oya="0"/><INIT seed="0,0,0,5,4,72" ten="250,250,250,250" oya="0" hai0="47,130,69,118,36,57,96,90,0,16,102,98,103" hai1="73,107,119,76,85,34,39,74,101,50,26,21,81" hai2="59,128,38,37,93,52,75,100,65,99,117,60,91" hai3="114,67,95,28,22,51,64,1,132,115,10,42,106" shuffle="mt19937ar,BD4262ED,7E1E1DE0,1F69DA62,65A2546F,C283B10E,1B5B3B8C,D41FFB8D,A241AF1C"/><T13/><D0/><U5/><E39/><V48/><F75/><W53/><G106/><T122/><D69/><U27/><E119/><V23/><F117/><W92/><G42/><T104/><D118/><U40/><E5/><V63/><F128/><W3/><G132/><T41/><D130/><U43/><E34/><V70/><F23/><W82/><G22/><T113/><D113/><U61/><E61/><V68/><F91/><W111/><G28/><T33/><D33/><U62/><E62/><V79/><F79/><W89/><G111/><T17/><D122/><U123/><E123/><V11/><F11/><W131/><G131/><T83/><D57/><U15/><E15/><V2/><F2/><W135/><G135/><T19/><D90/><U84/><E74/><V112/><F112/><W110/><G89/><T124/><D83/><U24/><E21/><V125/><F125/><W31/><G82/><T87/><D87/><U86/><REACH who="1" step="1"/><E50/><REACH who="1" step="2"/><V8/><F8/><W54/><G51/><T66/><D124/><U29/><E29/><V55/><REACH who="2" step="1"/><F70/><REACH who="2" step="2"/><W56/><G10/><T94/><REACH who="0" step="1"/><D66/><REACH who="0" step="2"/><U133/><E133/><V9/><F9/><AGARI ba="0,3" hai="9,13,16,17,19,36,41,47,94,96,98,102,103,104" machi="9" ten="30,11600,0" yaku="1,1,2,1,7,1,54,1,53,0" doraHai="72" doraHaiUra="134" who="0" fromWho="2" sc="240,146,240,0,240,-116,250,0" /><INIT seed="0,1,0,1,4,44" ten="386,240,124,250" oya="0" hai0="120,10,60,119,75,99,132,80,5,13,15,56,123" hai1="78,113,45,29,43,95,34,18,84,59,73,133,1" hai2="20,83,112,55,52,127,2,22,117,36,126,87,122" hai3="65,37,32,89,49,8,121,62,70,39,105,40,96" shuffle="mt19937ar,48F50B24,EF9E14A6,57DB0592,A0B9E51C,199C64AB,D7C34E20,474FF7CC,32A7C9BA"/><T63/><D119/><U74/><E1/><V77/><F36/><W81/><G121/><T35/><D35/><U19/><E113/><V134/><F2/><W47/><G32/><T125/><D132/><U118/><E118/><V46/><F117/><W28/><G28/><T76/><D125/><N who="2" m="47626" /><F112/><W100/><REACH who="3" step="1"/><G8/><REACH who="3" step="2"/><T90/><D123/><U111/><E29/><V38/><F122/><W104/><G104/><T7/><D120/><U109/><E34/><V24/><F134/><W116/><G116/><T64/><D10/><U0/><E133/><V85/><F22/><W11/><G11/><T51/><D7/><U25/><E111/><V92/><F20/><W79/><G79/><T31/><D31/><U33/><E33/><V101/><F24/><W12/><G12/><T94/><D5/><U68/><E109/><V48/><F38/><W50/><G50/><T91/><D51/><U66/><E0/><V6/><F6/><W26/><G26/><T103/><D63/><U82/><E25/><V107/><F107/><W108/><G108/><T61/><D61/><U21/><E78/><V135/><F135/><W41/><G41/><T54/><D15/><U3/><E21/><V71/><F71/><W131/><G131/><T42/><D42/><U23/><E23/><V57/><F77/><W114/><G114/><T86/><D13/><U130/><E3/><V30/><F30/><W9/><G9/><T53/><D75/><U16/><E74/><V124/><F124/><W97/><G97/><T93/><D76/><U102/><E73/><V69/><F69/><W129/><G129/><RYUUKYOKU ba="1,1" sc="386,15,240,-15,124,-15,240,15" hai0="53,54,56,60,64,80,86,90,91,93,94,99,103" hai3="37,39,40,47,49,62,65,70,81,89,96,100,105" /><INIT seed="0,2,1,5,5,2" ten="401,225,109,255" oya="0" hai0="120,33,64,77,96,95,73,128,76,60,47,42,122" hai1="12,53,98,39,17,71,21,135,14,130,106,129,111" hai2="25,63,7,123,87,81,0,57,26,99,94,10,109" hai3="40,15,72,3,117,62,19,27,126,113,66,48,134" shuffle="mt19937ar,19635C8E,A389C5E1,877CF6D7,79A20F3E,31436B3C,079450A0,2734A095,00387431"/><T30/><D128/><N who="1" m="49259" /><E71/><V125/><F123/><W8/><G113/><T68/><D95/><U29/><E39/><V28/><F125/><W24/><G117/><T133/><D133/><U65/><E65/><V59/><F109/><W56/><G134/><T6/><D6/><U84/><E111/><V35/><F25/><W9/><G72/><T119/><D96/><U93/><E29/><V38/><F38/><W23/><G126/><T118/><D76/><U88/><E135/><V51/><F51/><W101/><G101/><T116/><D30/><U92/><E106/><V115/><F115/><W91/><G91/><T55/><D33/><U52/><E14/><V37/><F37/><W5/><REACH who="3" step="1"/><G9/><REACH who="3" step="2"/><T112/><D112/><U75/><E75/><V124/><F124/><W131/><G131/><T50/><D73/><U69/><E69/><V16/><F63/><W90/><G90/><AGARI ba="2,2" hai="12,17,21,52,53,84,88,90,92,93,98" m="49259" machi="90" ten="30,3900,0" yaku="19,1,54,2" doraHai="2" who="1" fromWho="3" sc="401,0,225,65,109,0,245,-45" /><INIT seed="1,0,0,1,1,56" ten="401,290,109,200" oya="1" hai0="111,37,81,100,47,25,108,83,133,96,13,88,27" hai1="77,112,45,42,24,11,97,5,7,49,69,20,35" hai2="85,60,125,57,90,132,16,122,43,73,9,30,80" hai3="124,118,19,101,41,78,91,119,6,72,48,93,107" shuffle="mt19937ar,6689D071,C4504C4F,649E5DF1,2E145EBC,D7782E45,34CAC86C,ACB8849E,B85DD6C5"/><U28/><E112/><V62/><F73/><W135/><G124/><T115/><D115/><U123/><E123/><V127/><F122/><W32/><G32/><T39/><D13/><U102/><E69/><V116/><F116/><N who="3" m="44587" /><G135/><T61/><D133/><U103/><E77/><V71/><F132/><W34/><G34/><T44/><D96/><U33/><E103/><V36/><F30/><W99/><G6/><T12/><D12/><U89/><E89/><V104/><F104/><W134/><G134/><T131/><D100/><U117/><E117/><V10/><F71/><W53/><G41/><T120/><D120/><U84/><E84/><V121/><F121/><W23/><G78/><T55/><D131/><U67/><E67/><V105/><F105/><W130/><G72/><T46/><D37/><U1/><REACH who="1" step="1"/><E7/><REACH who="1" step="2"/><V38/><F127/><W98/><G130/><T64/><D64/><U70/><E70/><V86/><F125/><W3/><G101/><T129/><D129/><U59/><E59/><V110/><F86/><N who="3" m="52471" /><G107/><AGARI ba="0,1" hai="1,5,11,20,24,28,33,35,42,45,49,97,102,107" machi="107" ten="30,5800,0" yaku="1,1,7,1,53,1" doraHai="56" doraHaiUra="22" who="1" fromWho="3" sc="401,0,280,68,109,0,200,-58" /><INIT seed="1,1,0,5,2,50" ten="401,348,109,142" oya="1" hai0="24,41,47,119,105,125,51,96,11,92,112,56,81" hai1="116,36,131,70,130,27,72,3,7,95,79,48,104" hai2="134,18,97,38,86,45,107,135,89,58,26,52,14" hai3="59,34,83,66,1,6,124,64,90,111,127,80,118" shuffle="mt19937ar,0E15A4D0,E9010CFC,D8B27AD4,7837A7BA,8D8625AE,FA032BF0,B06033E2,FB646593"/><U73/><E36/><V77/><F77/><W23/><G34/><T19/><D112/><U40/><E104/><V102/><F26/><W99/><G111/><T44/><D105/><U54/><E70/><V87/><F38/><W121/><G121/><T9/><D119/><U85/><E40/><V33/><F45/><W5/><G118/><T98/><D125/><N who="3" m="48201" /><G23/><N who="0" m="13439" /><D47/><U94/><E116/><V65/><F65/><N who="3" m="25195" /><G59/><T63/><D81/><N who="3" m="31305" /><G1/><T108/><D108/><U123/><E123/><V75/><F33/><W69/><G69/><T17/><D17/><U71/><E71/><V32/><F32/><W115/><G115/><T68/><D68/><U25/><E3/><V31/><F31/><W101/><G90/><N who="0" m="55319" /><D98/><U53/><E79/><V88/><F75/><W122/><G122/><T117/><D117/><U129/><E129/><V28/><F28/><W42/><G42/><T20/><D20/><U4/><E85/><V106/><F106/><AGARI ba="1,0" hai="5,6,99,101,106" m="31305,25195,48201" machi="106" ten="30,1000,0" yaku="18,1" doraHai="50" who="3" fromWho="2" sc="401,0,348,0,109,-13,142,13" /><INIT seed="2,0,0,0,5,44" ten="401,348,96,155" oya="2" hai0="108,113,52,9,92,131,22,31,78,114,103,135,106" hai1="118,53,43,23,96,49,50,54,24,90,116,128,124" hai2="41,93,132,119,89,57,134,19,0,45,121,97,91" hai3="1,34,74,30,15,62,86,27,125,102,107,117,72" shuffle="mt19937ar,C4BB5953,FA688EAD,F4197319,7B43E846,C5DDA01F,4C2DF0B5,B548EAF7,D4758EC6"/><V130/><F0/><W29/><G117/><T32/><D32/><U17/><E43/><V18/><F119/><W71/><G1/><T39/><D106/><U76/><E76/><V4/><F121/><W8/><G30/><T80/><D39/><U83/><E128/><V99/><F4/><W122/><G122/><T37/><D37/><U101/><E124/><V2/><F2/><W104/><G86/><T38/><D38/><U95/><E118/><V94/><F57/><W48/><G125/><T56/><D131/><U36/><E36/><V33/><F33/><W65/><G48/><N who="1" m="18538" /><E116/><V84/><F130/><W87/><G87/><AGARI ba="0,0" hai="17,23,24,53,54,83,87,90,95,96,101" m="18538" machi="87" ten="30,7700,0" yaku="8,1,52,3" doraHai="44" who="1" fromWho="3" sc="401,0,348,77,96,0,155,-77" /><INIT seed="3,0,0,2,1,30" ten="401,425,96,78" oya="3" hai0="84,56,122,121,116,96,44,102,14,82,113,42,109" hai1="51,119,2,65,54,1,101,104,73,61,15,107,98" hai2="28,129,71,134,6,59,81,23,48,17,124,100,76" hai3="103,91,20,55,57,83,74,49,126,29,78,41,75" shuffle="mt19937ar,961DEFB1,717D31FB,BEEFD70E,01DB7322,4CBA63A0,44BA4959,BA51B61B,0A31EFB4"/><W92/><G126/><T127/><D127/><U7/><E73/><V135/><F71/><W11/><G103/><T123/><D116/><U22/><E107/><V108/><F124/><W118/><G118/><T36/><D109/><U40/><E40/><V8/><F100/><W33/><G75/><T19/><D56/><U85/><E119/><V63/><F48/><W50/><G20/><T43/><D43/><U90/><E7/><V131/><F28/><W67/><G67/><T46/><D46/><U18/><E61/><V125/><F108/><W68/><G68/><T79/><D113/><U77/><E77/><V62/><F125/><W26/><G11/><T128/><D128/><N who="2" m="49226" /><F8/><W16/><G16/><T66/><D66/><U95/><E65/><N who="2" m="39135" /><F63/><W9/><G9/><T64/><D64/><U35/><E35/><V31/><F31/><W47/><REACH who="3" step="1"/><G92/><REACH who="3" step="2"/><T106/><D123/><U45/><AGARI ba="0,1" hai="1,2,15,18,22,45,51,54,85,90,95,98,101,104" machi="45" ten="20,1500,0" yaku="0,1,7,1" doraHai="30" who="1" fromWho="1" sc="401,-4,425,25,96,-4,68,-7" owari="397,15,450,45,92,-26,61,-34" /></mjloggm>