<mjloggm ver="2.3"><GO type="185"/><UN n0="%E5%8D%81%E5%85%AD%E5%A4%9C%E2%80%A0%E5%92%B2%E5%A4%9C" n1="%E5%83%8D%E3%81%8D%E3%81%9F%E3%81%8F%E3%81%AA%E3%81%84" n2="%E3%81%B5%E3%81%8F%EF%BC%A3%EF%BD%88%EF%BD%81%EF%BD%8E%E2%99%AA" n3="" dan="16,17,17,0" rate="2205,2181,2140,1500" sx="F,M,F,C"/><TAIKYOKU oya="0"/><INIT seed="0,0,0,3,0,94" ten="350,350,350,0" oya="0" hai0="34,36,37,104,87,32,41,42,62,66,123,73,33" hai1="59,130,107,61,134,118,83,77,67,70,129,53,39" hai2="76,109,128,0,2,93,40,49,80,122,106,114,3" hai3="" shuffle="mt19937ar,B7827A78,AA2D9D48,447426D0,A8343209,2F0DA708,36254234,22D6D1DA,50F30FE9"/><T58/><N who="0" m="31520" /><T105/><D73/><U90/><E118/><V82/><N who="2" m="31264" /><V38/><F106/><T108/><D108/><U48/><E134/><V79/><F114/><T86/><D42/><U99/><E39/><V117/><F117/><T133/><D133/><U54/><E54/><V64/><F38/><T81/><D87/><U110/><E110/><V43/><F109/><T113/><D113/><U95/><REACH who="1" step="1"/><E107/><REACH who="1" step="2"/><V88/><F64/><T115/><D37/><U50/><E50/><V1/><F1/><T127/><D115/><U111/><E111/><V101/><F49/><T46/><REACH who="0" step="1"/><D127/><REACH who="0" step="2"/><U55/><E55/><V100/><F0/><T78/><AGARI ba="0,2" hai="32,33,34,36,41,46,58,62,66,78,81,86,104,105" m="31520" machi="78" ten="30,7800,0" yaku="1,1,2,1,0,1,52,1,53,0" doraHai="94" doraHaiUra="97" who="0" fromWho="0" sc="340,98,340,-39,350,-39,0,0" /><INIT seed="0,1,0,0,4,117" ten="438,301,311,0" oya="0" hai0="33,99,135,61,1,98,75,114,46,48,41,89,105" hai1="130,42,32,77,66,115,81,53,93,128,71,133,107" hai2="51,123,116,113,124,40,110,131,92,102,100,85,70" hai3="" shuffle="mt19937ar,A394C1E7,49F6EB5E,FF55344B,0385596D,980B35D3,59A811CA,10498E01,177B0A22"/><T58/><D1/><U49/><E32/><V37/><N who="2" m="31520" /><V79/><F116/><T103/><D33/><U86/><E107/><V34/><F34/><T35/><D35/><U121/><N who="1" m="31008" /><U108/><E108/><V59/><F70/><T88/><D75/><U72/><E133/><V84/><F113/><T56/><D135/><U55/><E115/><V47/><F110/><T43/><D114/><U97/><E72/><V111/><F111/><T69/><D69/><U52/><E71/><V76/><F124/><T2/><D2/><U44/><REACH who="1" step="1"/><E66/><REACH who="1" step="2"/><V67/><F67/><T104/><D104/><U45/><E45/><V127/><F127/><T129/><D105/><U134/><E134/><V0/><F0/><T78/><D46/><U39/><E39/><V125/><F125/><T132/><D132/><U101/><AGARI ba="1,1" hai="42,44,49,52,53,55,77,81,86,93,97,101,128,130" m="31008" machi="101" ten="30,9000,2" yaku="1,1,0,1,52,2,54,1,53,1" doraHai="117" doraHaiUra="91" who="1" fromWho="1" sc="438,-61,291,102,311,-31,0,0" /><INIT seed="1,0,0,2,3,67" ten="377,393,280,0" oya="1" hai0="84,77,107,76,66,63,117,78,81,131,80,125,97" hai1="1,0,85,124,51,57,65,2,112,82,121,52,73" hai2="86,114,98,3,71,123,118,32,39,69,61,60,94" hai3="" shuffle="mt19937ar,8203D98F,EB03F1B6,5D78A214,0A785322,E8DB5C83,6CC5EE70,C972B049,7E591856"/><U120/><N who="1" m="30752" /><U83/><N who="1" m="31008" /><U116/><E116/><V126/><N who="2" m="31520" /><V68/><F118/><T53/><D117/><U91/><E112/><V54/><F3/><T45/><D131/><U37/><E37/><V95/><F32/><T55/><D125/><U33/><E124/><V70/><F126/><T47/><D107/><U50/><E33/><V102/><F114/><T108/><D97/><U115/><E115/><V90/><N who="2" m="17408" /><DORA hai="101" /><V129/><F39/><T92/><D92/><U109/><E65/><V104/><F129/><T46/><D108/><U88/><E109/><V110/><F110/><T133/><D133/><U48/><E73/><V134/><F134/><T79/><REACH who="0" step="1"/><D81/><REACH who="0" step="2"/><U119/><E119/><V93/><REACH who="2" step="1"/><F54/><REACH who="2" step="2"/><T62/><D62/><AGARI ba="0,2" hai="60,61,62,86,90,93,94,95,98,102,104" m="17408,31520" machi="62" ten="70,24000,4" yaku="1,1,2,1,52,6,53,4" doraHai="67,101" doraHaiUra="130,64" who="2" fromWho="0" sc="367,-240,393,0,270,260,0,0" /><INIT seed="2,0,0,3,3,122" ten="127,393,530,0" oya="2" hai0="59,134,89,69,53,64,100,91,83,104,115,120,1" hai1="123,32,2,66,96,131,85,73,109,113,45,49,121" hai2="67,42,130,58,65,71,57,3,43,77,107,60,88" hai3="" shuffle="mt19937ar,2FDC85FC,14EB3958,2CDAE487,5CF3EDC9,0CD7C73F,51943A07,658E9F18,5069C612"/><V94/><F3/><T55/><N who="0" m="30752" /><T84/><D1/><U79/><N who="1" m="31008" /><U102/><N who="1" m="31520" /><U74/><E32/><V86/><F107/><T35/><D35/><U54/><E2/><V105/><F105/><T44/><D115/><U52/><E113/><V132/><F132/><T78/><D134/><U50/><E131/><V119/><F119/><T70/><D104/><U56/><E109/><V90/><F77/><T128/><D128/><U87/><E66/><V110/><F110/><T106/><D106/><U101/><E79/><V0/><F0/><T97/><D100/><U98/><E56/><V41/><F130/><T126/><D126/><U133/><E133/><V75/><F75/><T103/><D103/><U111/><E111/><V40/><N who="2" m="10240" /><DORA hai="116" /><V99/><REACH who="2" step="1"/><F67/><REACH who="2" step="2"/><T82/><D64/><U68/><E74/><V46/><F46/><T80/><D44/><U114/><E73/><V93/><AGARI ba="0,1" hai="57,58,60,65,71,86,88,90,93,94,99" m="10240" machi="93" ten="40,12000,2" yaku="1,1,0,1,54,1,53,4" doraHai="122,116" doraHaiUra="118,38" who="2" fromWho="2" sc="127,-60,393,-60,520,130,0,0" /><INIT seed="2,1,0,1,0,94" ten="67,333,650,0" oya="2" hai0="83,96,34,125,108,75,107,58,111,81,57,131,69" hai1="104,98,52,51,129,116,128,132,93,88,118,61,102" hai2="99,85,3,66,106,134,76,49,122,100,115,47,84" hai3="" shuffle="mt19937ar,81E5D5A7,DD085878,88763273,891D8CEA,35A1A551,E75435EC,DB3F6EF7,7D3D77BB"/><V124/><N who="2" m="31264" /><V55/><F3/><T133/><D69/><U32/><E32/><V105/><F115/><T101/><D34/><U82/><E132/><V110/><F134/><T36/><D36/><U56/><E82/><V60/><F106/><T38/><D38/><U73/><E73/><V79/><F124/><T90/><D133/><U39/><E39/><V42/><F110/><T95/><D125/><U63/><E63/><V1/><F1/><T33/><D33/><U135/><E135/><V120/><N who="2" m="30752" /><V126/><F126/><T113/><D113/><U41/><E41/><V37/><F79/><T67/><D131/><N who="1" m="50251" /><E61/><V68/><F76/><T71/><D75/><U65/><E65/><V127/><F127/><T53/><D83/><U45/><E45/><AGARI ba="1,0" hai="37,42,45,47,49,55,60,66,68,84,85,99,100,105" m="30752,31264" machi="45" ten="30,11600,0" yaku="7,1,52,3" doraHai="94" who="2" fromWho="1" sc="67,0,333,-118,650,118,0,0" /><INIT seed="2,2,0,2,5,90" ten="67,215,768,0" oya="2" hai0="1,126,99,60,58,93,84,105,95,74,57,118,128" hai1="100,79,3,135,47,123,87,81,119,56,82,116,37" hai2="52,131,96,62,117,85,101,33,39,67,127,76,77" hai3="" shuffle="mt19937ar,6FD87B36,89902794,6255AA54,722DB7D2,4A1AF319,66A1860A,72C7EA25,8789FCA2"/><V97/><F39/><T34/><D1/><U66/><N who="1" m="31520" /><U83/><E135/><V88/><F33/><T75/><D34/><U115/><E3/><V65/><F131/><T132/><D118/><U41/><E115/><V112/><F117/><N who="1" m="45129" /><E100/><V91/><F127/><T61/><D132/><U107/><E107/><V72/><F72/><T114/><D114/><U133/><E133/><V53/><F112/><T49/><D49/><U73/><E73/><V38/><F38/><T50/><D50/><U109/><E109/><V103/><F62/><AGARI ba="2,0" hai="37,41,47,56,62,66,79,81,82,83,87" m="45129,31520" machi="62" ten="30,2000,0" yaku="12,1,52,1" doraHai="90" who="1" fromWho="2" sc="67,0,215,24,768,-24,0,0" /><INIT seed="4,0,0,3,2,133" ten="67,239,744,0" oya="0" hai0="121,81,112,74,46,97,33,103,82,109,77,100,39" hai1="106,115,91,108,65,90,76,126,96,50,45,130,105" hai2="49,118,120,41,123,42,67,53,38,107,59,0,110" hai3="" shuffle="mt19937ar,1CC02CE2,8E393B49,9C9E6F28,EFF58242,18513D5E,4B58A601,90F2C10E,7E3E2CFC"/><T71/><N who="0" m="31008" /><T111/><D33/><U3/><E108/><N who="0" m="41545" /><D71/><U58/><E3/><V37/><N who="2" m="30752" /><V32/><N who="2" m="31520" /><V94/><F107/><T85/><D39/><U40/><E130/><V131/><F32/><T95/><D46/><U117/><E117/><V87/><F118/><T104/><D112/><U52/><E115/><V63/><F110/><T47/><D47/><U61/><E76/><V128/><F0/><T43/><D43/><U66/><E126/><V88/><F41/><T2/><D2/><U101/><E106/><V92/><F42/><T54/><D54/><U80/><E80/><V60/><F60/><T127/><D127/><U34/><E34/><V125/><F125/><T57/><D57/><U69/><REACH who="1" step="1"/><E65/><REACH who="1" step="2"/><V1/><F1/><T129/><D129/><N who="2" m="49738" /><F92/><T70/><D70/><AGARI ba="0,1" hai="37,38,49,53,59,63,67,70,87,88,94" m="49738,31520,30752" machi="70" ten="30,7700,0" yaku="19,1,52,2,54,1" doraHai="133" who="2" fromWho="0" sc="67,-77,229,0,744,87,0,0" owari="-10,-61,229,-17,831,78,0,0" /></mjloggm>