<mjloggm ver="2.3"><GO type="225"/><UN n0="%E7%AE%A1%E5%AF%9D" n1="%E3%83%81%E3%83%A3%E3%82%AA%E3%83%AA" n2="%73%69%64%65" n3="%23%37%34%E5%A4%A7%E6%B2%BB%E9%83%8E" dan="16,17,17,16" rate="2057,2083,2116,2061" sx="M,M,M,M"/><TAIKYOKU oya="0"/><INIT seed="0,0,0,0,2,80" ten="250,250,250,250" oya="0" hai0="41,55,79,44,9,8,99,3,22,76,65,13,81" hai1="29,53,93,92,23,18,87,20,56,16,1,112,98" hai2="82,103,73,105,85,86,25,28,88,14,84,45,131" hai3="32,68,132,106,111,127,116,83,60,67,95,37,114" shuffle="mt19937ar,AEBB509D,5A13127F,44C5B8FD,5A5D6102,2035FF84,B8BCC19D,AD8FD1C0,70C9AC9D"/><T126/><D126/><U125/><E1/><V72/><F131/><W17/><RYUUKYOKU type="yao9" ba="0,0" sc="250,0,250,0,250,0,250,0" hai3="17,32,37,60,67,68,83,95,106,111,114,116,127,132" /><INIT seed="0,1,0,5,0,39" ten="250,250,250,250" oya="0" hai0="35,0,109,85,63,112,2,41,29,91,115,111,100" hai1="128,89,21,14,127,50,15,97,40,113,107,58,118" hai2="103,22,129,67,57,46,16,32,119,51,94,4,101" hai3="34,60,125,5,88,19,42,114,56,20,93,36,37" shuffle="mt19937ar,8451C782,3856CDA4,AF293100,5ECDE53C,8DFAE630,E78FE248,55B6262C,26032599"/><T27/><D100/><U53/><E118/><V126/><F32/><W92/><G114/><T62/><D62/><U68/><E68/><V31/><F119/><W1/><G34/><T17/><D17/><U104/><E113/><N who="0" m="43593" /><D63/><U3/><E3/><V110/><F4/><W47/><G125/><T64/><D64/><U132/><E127/><V33/><F33/><W44/><G5/><T130/><D130/><U84/><E128/><V134/><F31/><W83/><G1/><T123/><D123/><U7/><E7/><V77/><F103/><W26/><G83/><N who="0" m="49599" /><D41/><U69/><E69/><V79/><F101/><W23/><G23/><T70/><D70/><U120/><E120/><V121/><F67/><W102/><G102/><T95/><D95/><U55/><E40/><V9/><F94/><W81/><G81/><T76/><D76/><U25/><E53/><V59/><F79/><W38/><G93/><T43/><D43/><U131/><E131/><V72/><F77/><W65/><G44/><T24/><D27/><U49/><E25/><V48/><F129/><W105/><REACH who="3" step="1"/><G105/><REACH who="3" step="2"/><T78/><D78/><U135/><E107/><V99/><F46/><W90/><G90/><T66/><D0/><U52/><E104/><V10/><F126/><W80/><G80/><T108/><D2/><U82/><E21/><V87/><F22/><W6/><G6/><T133/><D133/><N who="1" m="51275" /><E97/><AGARI ba="1,1" hai="19,20,26,36,37,38,42,47,56,60,65,88,92,97" machi="97" ten="30,7700,0" yaku="1,1,7,1,52,1,54,1,53,0" doraHai="39" doraHaiUra="117" who="3" fromWho="1" sc="250,0,250,-80,250,0,240,90" /><INIT seed="1,0,0,4,2,6" ten="250,170,250,330" oya="1" hai0="112,91,107,28,96,35,67,113,8,1,133,128,24" hai1="114,22,92,79,116,55,95,63,120,23,76,70,75" hai2="106,60,84,98,121,127,48,115,130,15,126,80,41" hai3="50,43,93,108,134,104,89,53,73,88,9,99,83" shuffle="mt19937ar,F40A33BE,653C5C85,ACFB819B,AD2C0FA9,9BC72879,6AFD6947,C0B6EFCD,4468E647"/><U97/><E114/><V61/><F115/><N who="0" m="44106" /><D91/><U14/><E116/><V117/><F117/><W18/><G134/><T103/><D128/><U39/><E39/><V29/><F121/><W54/><G108/><T45/><D45/><U68/><E120/><V66/><F29/><W74/><G104/><T49/><D49/><U20/><E14/><V129/><F106/><W132/><G132/><T2/><D133/><U40/><E40/><V46/><F98/><W36/><G36/><T111/><D111/><U71/><E75/><V31/><F31/><W44/><G73/><T81/><D81/><U119/><E119/><V82/><F15/><N who="3" m="7535" /><G74/><T51/><D51/><U102/><E63/><N who="2" m="24139" /><F66/><W26/><G26/><T7/><D67/><U94/><REACH who="1" step="1"/><E55/><REACH who="1" step="2"/><N who="3" m="21002" /><G83/><T118/><D118/><U110/><E110/><V100/><F82/><W85/><G85/><T0/><AGARI ba="0,1" hai="0,1,2,7,8,24,28,35,96,103,107" m="44106" machi="0" ten="30,2000,0" yaku="23,1,52,1" doraHai="6" who="0" fromWho="0" sc="250,30,160,-10,250,-5,330,-5" /><INIT seed="2,0,0,3,0,79" ten="280,150,245,325" oya="2" hai0="124,18,58,117,123,110,111,34,43,2,105,1,59" hai1="33,108,25,35,44,14,4,104,101,50,112,23,57" hai2="39,90,84,60,114,3,21,80,121,86,40,92,20" hai3="126,42,45,6,5,89,55,118,100,107,71,47,16" shuffle="mt19937ar,F400AA1F,71B51E30,6DACCBAF,98615C84,069725A9,8E2F2240,E1818CA6,6B13E3FF"/><V28/><F3/><N who="0" m="1034" /><D123/><U41/><E112/><V24/><F114/><W120/><G118/><T113/><D113/><U69/><E69/><V74/><F121/><W88/><G120/><T85/><D105/><U11/><E108/><V37/><F74/><W116/><G116/><T73/><D117/><U0/><E0/><V66/><F21/><W51/><G71/><T10/><D73/><U8/><E8/><V87/><F40/><W109/><G109/><N who="0" m="41483" /><D34/><U95/><E104/><V15/><F15/><W115/><G115/><T7/><D7/><U135/><E135/><V31/><F31/><W132/><G132/><T68/><D68/><U82/><E57/><N who="2" m="37135" /><F37/><W17/><G107/><T65/><D124/><U103/><E35/><V32/><F39/><W125/><G42/><T61/><D58/><U48/><E33/><V131/><F131/><W63/><G63/><T98/><D98/><U94/><E50/><V130/><F130/><W78/><G51/><T99/><D99/><U53/><E53/><V38/><F38/><W26/><G26/><T62/><D85/><N who="2" m="32874" /><F32/><W67/><G78/><T119/><D61/><U129/><E129/><V128/><F128/><W27/><G55/><T54/><D43/><U97/><E95/><AGARI ba="0,0" hai="20,24,28,80,87,90,92,95" m="32874,37135" machi="95" ten="30,2900,0" yaku="8,1,52,1" doraHai="79" who="2" fromWho="1" sc="280,0,150,-29,245,29,325,0" /><INIT seed="2,1,0,4,0,13" ten="280,121,274,325" oya="2" hai0="72,61,85,44,94,45,105,1,15,18,56,20,4" hai1="83,66,50,26,35,100,135,102,123,82,122,32,121" hai2="23,57,84,110,46,96,7,79,17,52,60,89,117" hai3="2,75,34,49,90,47,0,101,118,11,106,120,81" shuffle="mt19937ar,EFDD966E,BBBA2037,8D4CDDA7,85CF8E55,FFD648A1,A8F7B3C4,3322E568,E65A369D"/><V113/><F113/><W107/><G120/><T74/><D105/><U42/><E66/><V30/><F117/><W99/><G118/><T80/><D72/><U131/><E135/><V29/><F110/><W132/><G34/><T41/><D1/><U28/><E131/><V68/><F68/><W93/><G132/><T69/><D69/><U67/><E67/><V65/><F7/><W119/><G119/><T5/><D94/><U51/><E42/><V91/><F79/><N who="3" m="44287" /><G11/><T39/><D45/><U71/><E71/><V6/><F6/><W70/><G107/><T92/><D92/><U104/><E104/><V27/><F96/><W63/><G63/><T53/><REACH who="0" step="1"/><D74/><REACH who="0" step="2"/><U86/><E35/><V19/><F30/><W59/><G70/><T22/><D22/><U87/><E83/><N who="2" m="49311" /><F91/><AGARI ba="1,1" hai="4,5,15,18,20,39,41,44,53,56,61,80,85,91" machi="91" ten="30,3900,0" yaku="1,1,7,1,52,1,53,0" doraHai="13" doraHaiUra="116" who="0" fromWho="2" sc="270,52,121,0,274,-42,325,0" /><INIT seed="3,0,0,2,5,66" ten="322,121,232,325" oya="3" hai0="93,89,75,13,8,116,131,22,4,60,37,2,3" hai1="95,21,34,86,107,82,63,72,112,125,103,26,7" hai2="59,48,18,97,54,111,119,36,102,123,84,108,9" hai3="77,110,96,52,12,40,10,43,41,121,94,1,115" shuffle="mt19937ar,D54ACE1C,584F7C20,942CAC77,5F6A233D,7184B72E,B99C0B84,FF12E124,B683F970"/><W69/><G121/><T14/><D116/><U58/><E112/><V109/><F119/><W71/><G115/><T74/><D37/><U133/><E34/><V122/><F36/><W98/><G1/><T83/><D131/><U19/><E125/><V27/><F84/><W11/><G77/><T114/><D114/><U132/><E132/><V23/><REACH who="2" step="1"/><F9/><REACH who="2" step="2"/><W127/><G127/><T118/><D118/><U104/><E133/><V47/><F47/><W5/><G110/><T45/><D45/><U17/><E72/><V39/><F39/><W44/><G98/><T92/><D74/><U81/><E7/><V129/><F129/><W100/><G10/><T62/><D75/><U106/><E86/><V64/><F64/><W88/><G44/><T57/><D8/><U28/><E107/><AGARI ba="0,1" hai="18,23,27,48,54,59,97,102,107,108,109,111,122,123" machi="107" ten="40,2600,0" yaku="1,1,14,1,53,0" doraHai="66" doraHaiUra="87" who="2" fromWho="1" sc="322,0,121,-26,222,36,325,0" owari="322,7,95,-30,258,-9,325,32" /></mjloggm>