<mjloggm ver="2.3"><GO type="225"/><UN n0="%E5%B1%B1%E5%B9%B8%E5%95%86%E5%BA%97" n1="%62%61%6B%61%73%65" n2="%E9%95%B7%E5%B2%A1%E5%A4%A7%E6%98%8E%E7%A5%9E" n3="%45%56%41%4E%53%49%55" dan="17,16,16,16" rate="2152,2012,2048,2093" sx="M,F,F,M"/><TAIKYOKU oya="0"/><INIT seed="0,0,0,3,4,101" ten="250,250,250,250" oya="0" hai0="31,56,118,91,119,33,109,90,84,2,57,40,8" hai1="63,74,9,121,94,61,26,85,11,98,87,79,49" hai2="82,71,128,3,51,58,41,126,68,105,55,5,111" hai3="6,50,7,42,35,46,0,75,89,16,125,135,38" shuffle="mt19937ar,BA99AF3A,BF161F47,E7ECDC6A,C9002E9E,32043C46,B4BE11D4,158585CD,4C41A138"/><T23/><D33/><U34/><E74/><V37/><F82/><W97/><G35/><T103/><D103/><U127/><E127/><V76/><F76/><W36/><G125/><T107/><D40/><U69/><E121/><V12/><F126/><W104/><G75/><T54/><D8/><N who="1" m="3147" /><E69/><V72/><F72/><W43/><G0/><T53/><D23/><U78/><E34/><V102/><F3/><W19/><G135/><T96/><D2/><U110/><E110/><V114/><F111/><W123/><G123/><T100/><D31/><U81/><E26/><V24/><F24/><W83/><G83/><T65/><D65/><U27/><E27/><V113/><F5/><W122/><G122/><T120/><D120/><U44/><E87/><V48/><F12/><W115/><G115/><N who="2" m="44041" /><F102/><W15/><G50/><T52/><D109/><U106/><E106/><V21/><F105/><W73/><G73/><T70/><D70/><N who="2" m="26666" /><F21/><W32/><G32/><T86/><D57/><U77/><E85/><V29/><F29/><W4/><G15/><T129/><D56/><U92/><E81/><V117/><F117/><W112/><G112/><T66/><D66/><U1/><E1/><V60/><F128/><W17/><G89/><N who="0" m="33803" /><D129/><U80/><E80/><V20/><F20/><W99/><G104/><T95/><D107/><U59/><E98/><N who="3" m="37386" /><G46/><AGARI ba="0,0" hai="37,41,46,48,51,55,58,60" m="26666,44041" machi="46" ten="30,2000,0" yaku="34,2" doraHai="101" who="2" fromWho="3" sc="250,0,250,0,250,20,250,-20" /><INIT seed="1,0,0,5,5,113" ten="250,250,270,230" oya="1" hai0="48,18,59,10,94,32,64,135,54,122,91,47,65" hai1="101,63,89,103,22,88,84,6,107,66,72,33,127" hai2="78,98,60,109,7,26,2,114,74,83,12,82,73" hai3="16,3,50,49,39,51,46,108,93,14,41,96,25" shuffle="mt19937ar,648CBE19,A2586D8F,E219E0E3,4865ED35,A43FDD87,881538D6,0D0EE893,47762549"/><U38/><E33/><V76/><F114/><W124/><G108/><T102/><D32/><U128/><E72/><V131/><F109/><W13/><G124/><T100/><D122/><U43/><E127/><V104/><F131/><W35/><G3/><T115/><D115/><U123/><E123/><V69/><F12/><W106/><G106/><T5/><D135/><U24/><E6/><V129/><F26/><W130/><G130/><T87/><D18/><U77/><E38/><V21/><F21/><W57/><G57/><T42/><D65/><U134/><E43/><V19/><F19/><W34/><G25/><T95/><D95/><U31/><E107/><V111/><F111/><W116/><G13/><T23/><D64/><U75/><E75/><V37/><F129/><W15/><G15/><T62/><REACH who="0" step="1"/><D23/><REACH who="0" step="2"/><U0/><E134/><V86/><F104/><W99/><G93/><T1/><AGARI ba="0,1" hai="1,5,10,42,47,48,54,59,62,87,91,94,100,102" machi="1" ten="20,5200,0" yaku="1,1,2,1,0,1,7,1,53,0" doraHai="113" doraHaiUra="92" who="0" fromWho="0" sc="240,62,250,-26,270,-13,230,-13" /><INIT seed="2,0,0,3,0,52" ten="302,224,257,217" oya="2" hai0="112,96,131,68,69,16,75,30,119,58,61,94,37" hai1="49,76,116,31,134,80,127,73,110,12,122,83,114" hai2="13,36,79,59,24,43,120,26,108,100,125,103,123" hai3="44,27,86,15,39,9,47,34,74,22,48,19,92" shuffle="mt19937ar,E55D09C2,F41BAEA8,37D00DAF,12AF4317,79ECB118,A5E302A3,4F8B0611,0D28F5FE"/><V113/><F113/><W78/><G34/><T38/><D75/><U8/><E114/><V10/><F79/><W97/><G39/><T129/><D30/><U35/><E122/><V50/><F36/><N who="0" m="13930" /><D112/><U55/><E116/><V88/><F125/><W104/><G104/><T133/><BYE who="3" /><D16/><U28/><E127/><V6/><F108/><W77/><G77/><T17/><D17/><U118/><E118/><V2/><F2/><W40/><G40/><T51/><D119/><U46/><E110/><V102/><F120/><W93/><G93/><T90/><D133/><UN n3="%45%56%41%4E%53%49%55" /><U41/><E134/><V72/><F72/><W91/><G48/><T126/><D51/><U117/><E117/><V11/><F123/><W0/><G0/><T98/><D98/><U64/><E35/><V101/><F10/><W132/><G74/><T20/><D20/><U124/><E124/><V105/><F105/><W57/><G57/><T56/><D56/><U5/><E83/><V42/><N who="2" m="25600" /><DORA hai="87" /><V32/><F32/><W33/><G33/><T60/><D60/><U109/><E109/><V95/><F43/><W121/><G132/><T25/><D25/><U115/><E115/><V63/><F50/><W89/><G121/><T130/><D126/><U135/><E135/><V1/><F42/><W14/><G14/><T66/><AGARI ba="0,0" hai="58,61,66,68,69,90,94,96,129,130,131" m="13930" machi="66" ten="40,5200,0" yaku="19,1,52,2" doraHai="52,87" who="0" fromWho="0" sc="302,52,224,-13,257,-26,217,-13" /><INIT seed="3,0,0,5,3,30" ten="354,211,231,204" oya="3" hai0="125,36,55,61,135,99,101,51,126,10,91,23,24" hai1="110,5,57,80,28,131,133,42,40,33,74,118,124" hai2="121,2,8,95,105,3,43,27,81,75,96,76,67" hai3="82,114,37,120,71,90,69,97,98,0,116,7,31" shuffle="mt19937ar,4948C41A,3E57A312,18C5E015,87F91E46,30879754,57D6BB5A,E9A5599E,2E607BF4"/><W87/><G114/><T93/><D36/><U85/><E74/><V53/><F121/><W52/><G116/><T63/><D10/><U108/><E118/><V113/><F113/><W41/><G120/><T68/><D101/><U12/><E133/><V49/><F105/><W9/><G31/><T19/><D135/><U4/><E131/><V46/><F67/><W72/><G72/><T119/><D119/><U107/><E107/><V44/><F27/><W39/><G39/><T65/><D51/><U109/><E124/><N who="0" m="47721" /><D61/><U102/><E102/><V50/><F8/><W6/><G7/><N who="1" m="2634" /><E12/><V13/><F13/><W115/><G115/><T134/><D134/><U54/><E28/><V22/><F22/><W66/><G66/><T79/><D79/><N who="1" m="46239" /><E33/><V92/><F92/><W130/><G130/><T100/><D100/><AGARI ba="0,0" hai="2,3,43,44,46,49,50,53,75,76,81,95,96,100" machi="100" ten="30,1000,0" yaku="7,1" doraHai="30" who="2" fromWho="0" sc="354,-10,211,0,231,10,204,0" owari="344,35,211,-14,241,-1,204,-20" /></mjloggm>