<mjloggm ver="2.3"><GO type="225"/><UN n0="%E3%83%81%E3%83%A3%E3%82%AA%E3%83%AA" n1="%E3%81%9A%E3%81%86" n2="%E3%81%BF%E3%81%A3%E3%81%A4%E3%81%83%EF%BD%9E" n3="%E9%9B%AA%E5%9B%BD%E8%82%B2%E3%81%A1" dan="17,16,17,17" rate="2123,2019,2164,2111" sx="M,M,F,M"/><TAIKYOKU oya="0"/><INIT seed="0,0,0,3,2,120" ten="250,250,250,250" oya="0" hai0="113,111,70,87,130,92,69,47,101,45,56,107,9" hai1="116,64,39,29,8,32,2,54,133,105,78,20,40" hai2="98,122,114,7,131,12,21,49,119,103,30,115,74" hai3="95,67,62,97,43,127,25,5,79,65,66,10,28" shuffle="mt19937ar,C1CECF73,2DA0809B,23FD48E6,6F1C374B,31E1514D,8299613C,70444776,E20808A7"/><T125/><D113/><U93/><E116/><V15/><F74/><W80/><G127/><T126/><D107/><U42/><E105/><V63/><F122/><W60/><G43/><T17/><D130/><U109/><E32/><V0/><F131/><W85/><G10/><T88/><D101/><U106/><E64/><V121/><F121/><W48/><G48/><T14/><D56/><U117/><E78/><V61/><F119/><W36/><G5/><T71/><D111/><U83/><E83/><V86/><F0/><W75/><G75/><T76/><REACH who="0" step="1"/><D76/><REACH who="0" step="2"/><U124/><E106/><V35/><F115/><W73/><G73/><T118/><D118/><U41/><E109/><V100/><F114/><W110/><G110/><T112/><D112/><U19/><E117/><V27/><F103/><W16/><G36/><T94/><D94/><U22/><E93/><V37/><F100/><W72/><G72/><T33/><D33/><U34/><E34/><V59/><F35/><W57/><G62/><T129/><D129/><U44/><E39/><V6/><F59/><W53/><G95/><T99/><D99/><U81/><E81/><V102/><F98/><W134/><G97/><T4/><D4/><U38/><E38/><V68/><F37/><W46/><G57/><T31/><D31/><U132/><E29/><V89/><F102/><W135/><G28/><T50/><D50/><U24/><E132/><V52/><F30/><W91/><G79/><T18/><D18/><U55/><E19/><V84/><F49/><N who="3" m="28855" /><G60/><T90/><D90/><U96/><E133/><V123/><F89/><RYUUKYOKU ba="0,1" sc="240,15,250,-15,250,-15,250,15" hai0="9,14,17,45,47,69,70,71,87,88,92,125,126" hai3="16,25,65,66,67,80,85,91,134,135" /><INIT seed="0,1,1,5,5,41" ten="255,235,235,265" oya="0" hai0="26,119,82,5,129,56,19,72,118,87,21,96,111" hai1="108,95,62,24,109,115,35,59,48,49,25,80,47" hai2="75,10,120,36,86,40,105,8,78,104,53,17,38" hai3="122,60,3,29,7,65,128,70,114,18,93,23,0" shuffle="mt19937ar,DB7F0D9D,44E28AF4,687AC77C,1219F5C4,F8CA5D4A,3695FB71,053459EE,CF0C2B43"/><T102/><D72/><U66/><E115/><V9/><F75/><W33/><G114/><T68/><D68/><U107/><E107/><V32/><F32/><W85/><G122/><T52/><D5/><U99/><E80/><V13/><F120/><W15/><G128/><T113/><D129/><U20/><E35/><V90/><F78/><W94/><G85/><T64/><D113/><U30/><E25/><V116/><F116/><W110/><G110/><N who="1" m="42602" /><E47/><V1/><F104/><W106/><G106/><T88/><D111/><U100/><AGARI ba="1,1" hai="20,24,30,48,49,59,62,66,95,99,100" m="42602" machi="100" ten="30,2000,0" yaku="25,1,14,1" doraHai="41" who="1" fromWho="1" sc="255,-11,235,33,235,-6,265,-6" /><INIT seed="1,0,0,5,1,47" ten="244,268,229,259" oya="1" hai0="77,38,53,18,96,102,86,4,133,33,58,76,9" hai1="12,119,100,110,106,49,11,52,95,29,54,80,59" hai2="6,98,65,73,17,104,5,101,68,92,62,116,35" hai3="22,2,41,20,61,90,32,108,120,44,39,14,127" shuffle="mt19937ar,E83AD860,F584144F,4B187118,AEBB218D,93B78D9A,9F486960,69B3E3EF,D70D6DF4"/><U55/><E119/><V30/><F116/><W31/><G120/><T64/><D33/><U94/><E110/><V121/><F73/><W132/><G2/><T15/><D38/><U71/><E71/><V87/><F121/><W60/><G108/><T91/><D64/><U1/><E1/><V24/><F17/><W109/><G109/><T99/><D133/><U130/><E130/><V97/><REACH who="2" step="1"/><F87/><REACH who="2" step="2"/><W19/><G132/><T27/><D18/><U7/><E29/><V45/><F45/><W3/><G31/><T82/><D27/><U135/><E135/><V16/><F16/><W25/><G19/><T75/><D75/><U56/><E7/><V26/><F26/><W46/><G25/><T123/><D123/><U42/><E11/><V21/><F21/><W85/><G22/><T105/><REACH who="0" step="1"/><D99/><REACH who="0" step="2"/><U57/><E59/><V89/><AGARI ba="0,2" hai="5,6,24,30,35,62,65,68,89,92,97,98,101,104" machi="89" ten="20,8000,1" yaku="1,1,0,1,7,1,25,2,53,0" doraHai="47" doraHaiUra="117" who="2" fromWho="2" sc="234,-20,268,-40,219,100,259,-20" /><INIT seed="2,0,0,2,4,99" ten="214,228,319,239" oya="2" hai0="23,12,119,29,38,13,103,14,87,102,41,28,106" hai1="40,121,69,86,120,116,33,118,32,134,65,26,68" hai2="100,45,98,48,126,131,4,51,84,101,56,105,74" hai3="71,70,15,49,72,53,22,96,0,63,46,60,59" shuffle="mt19937ar,DC45FCF0,1EA3DD42,C77B7CF6,5B2486C0,B342CA92,5E62881E,3615A052,6DF7DDA5"/><V42/><F74/><W128/><G72/><T16/><D119/><N who="1" m="45611" /><E40/><V21/><F4/><W75/><G75/><T129/><D129/><U124/><E65/><V37/><F131/><W127/><G0/><T55/><D106/><U95/><E124/><V35/><F126/><W47/><G127/><T2/><D2/><U50/><E50/><V27/><F35/><N who="1" m="13385" /><E26/><V83/><F56/><W61/><G128/><T125/><D125/><U77/><E134/><V3/><F3/><W9/><G22/><T123/><D123/><N who="1" m="47179" /><E95/><V112/><F51/><W18/><G70/><N who="1" m="27242" /><E86/><V80/><F48/><W8/><G71/><T110/><D87/><U97/><E77/><V94/><F84/><W89/><G9/><T73/><D73/><U6/><E97/><V20/><F27/><W130/><G130/><T30/><D110/><U67/><E67/><V109/><F94/><AGARI ba="0,0" hai="8,15,18,46,47,49,53,59,60,61,63,89,94,96" machi="94" ten="40,1300,0" yaku="8,1" doraHai="99" who="3" fromWho="2" sc="214,0,228,0,319,-13,239,13" /><INIT seed="3,0,0,4,5,98" ten="214,228,306,252" oya="3" hai0="74,2,130,91,86,5,34,7,120,76,100,58,53" hai1="85,8,4,21,47,57,13,26,44,109,112,73,30" hai2="29,56,89,106,69,60,0,20,99,46,19,101,61" hai3="55,66,14,79,115,95,28,114,62,97,64,96,68" shuffle="mt19937ar,1907B0D1,1FA63999,194754A3,4FAB6CD9,AFB27B82,CB392CC4,982B20B0,191C84FE"/><W52/><G79/><T70/><D70/><U35/><E112/><V103/><F0/><W50/><G28/><T107/><D34/><U17/><E73/><V11/><F69/><W22/><G66/><T33/><D33/><U108/><E57/><V81/><F106/><W24/><G97/><N who="0" m="61839" /><D2/><N who="1" m="23" /><E85/><N who="2" m="50351" /><F99/><W71/><G71/><T38/><D38/><U49/><E47/><V117/><F117/><W48/><G14/><T32/><D32/><U27/><E27/><N who="2" m="16615" /><F46/><W94/><G94/><N who="0" m="54647" /><D120/><U111/><E111/><V83/><F83/><W93/><G93/><T25/><D130/><U82/><E82/><V12/><F61/><W31/><G50/><N who="0" m="31031" /><D25/><U127/><E127/><V122/><F122/><W59/><REACH who="3" step="1"/><G55/><AGARI ba="0,0" hai="13,17,21,26,30,35,44,49,55,108,109" m="23" machi="55" ten="30,1000,0" yaku="24,1" doraHai="98" who="1" fromWho="3" sc="214,0,228,10,306,0,252,-10" /><AGARI ba="0,0" hai="11,12,19,55,56,60,101,103" m="16615,50351" machi="55" ten="30,3900,0" yaku="8,1,52,2" doraHai="98" who="2" fromWho="3" sc="214,0,238,0,306,39,242,-39" owari="214,-14,238,-1,345,35,203,-20" /></mjloggm>