<mjloggm ver="2.3"><GO type="225"/><UN n0="%E3%82%AF%E3%83%AB%E3%83%AB%E2%98%86" n1="%73%69%67%65%6E%6F%72%69" n2="%6E%6F%72%69%73%69%6F" n3="%45%56%41%4E%53%49%55" dan="16,17,16,16" rate="2089,2139,2015,2072" sx="F,M,M,M"/><TAIKYOKU oya="0"/><INIT seed="0,0,0,0,1,11" ten="250,250,250,250" oya="0" hai0="94,4,102,90,1,60,9,85,54,28,108,49,117" hai1="25,8,62,113,77,30,82,83,105,114,16,45,89" hai2="134,50,111,21,32,18,44,99,26,52,56,101,48" hai3="127,79,37,40,93,53,27,130,68,35,116,103,104" shuffle="mt19937ar,0FA4F067,8965B37F,DA9D2FB2,CD7550A5,91976820,F4E72673,DED9F2F9,59255ABF"/><T96/><D117/><U34/><E105/><V132/><F111/><W135/><G116/><T87/><D108/><U38/><E89/><V58/><F32/><W123/><G68/><T61/><D28/><U91/><E91/><V65/><F65/><W55/><G104/><T36/><D36/><U24/><E62/><V92/><REACH who="2" step="1"/><F58/><REACH who="2" step="2"/><W125/><G35/><T110/><D110/><U78/><E114/><V29/><F29/><W23/><G125/><T31/><D31/><U5/><E113/><V69/><F69/><W63/><G127/><T120/><D120/><U41/><E34/><V33/><F33/><W122/><G123/><T70/><D70/><U81/><E30/><V51/><F51/><W80/><G122/><T20/><D20/><U73/><E77/><V14/><F14/><W106/><G79/><T119/><D119/><U6/><E25/><V126/><F126/><W3/><G27/><T121/><D121/><U98/><E24/><V100/><F100/><W71/><G103/><T74/><D74/><U64/><E73/><V47/><F47/><W13/><G23/><T124/><D124/><U12/><E78/><V72/><F72/><W88/><G13/><T17/><D49/><N who="1" m="26799" /><E64/><V112/><F112/><W95/><G71/><T42/><D102/><U118/><E118/><V59/><F59/><W86/><G37/><T133/><D1/><U75/><E75/><V22/><F22/><W115/><G3/><T7/><D61/><U76/><E76/><V57/><F57/><W84/><G63/><T19/><D60/><U43/><E38/><V15/><F15/><RYUUKYOKU ba="0,1" sc="250,-10,250,-10,240,30,250,-10" hai2="18,21,26,44,48,50,52,56,92,99,101,132,134" /><INIT seed="1,1,1,5,0,18" ten="240,240,270,240" oya="1" hai0="115,58,41,66,108,80,49,68,36,19,61,74,133" hai1="4,15,119,55,40,102,11,63,130,90,53,16,87" hai2="42,0,37,103,6,106,50,99,116,110,38,14,9" hai3="26,127,78,125,7,135,32,59,27,89,2,134,112" shuffle="mt19937ar,AF093947,B277124F,629146C7,9A098617,0A5A785A,4B16BA2E,6178BE77,A700CFF6"/><U128/><E119/><V111/><F116/><W81/><G112/><T31/><D115/><U69/><E102/><V72/><F72/><W76/><G89/><T13/><D31/><U21/><E40/><V20/><F50/><W25/><G59/><T57/><D133/><N who="3" m="50697" /><G32/><T75/><D108/><N who="2" m="41514" /><F42/><W45/><G45/><T17/><D36/><N who="2" m="13930" /><F20/><W12/><G2/><AGARI ba="1,1" hai="0,2,6,9,14,99,103,106" m="13930,41514" machi="2" ten="30,1000,0" yaku="14,1" doraHai="18" who="2" fromWho="3" sc="240,0,240,0,270,23,240,-13" /><INIT seed="2,0,0,3,4,108" ten="240,240,293,227" oya="2" hai0="57,38,51,44,66,55,69,22,100,56,19,124,37" hai1="64,101,33,45,12,6,36,15,135,72,113,115,121" hai2="127,116,5,34,92,120,14,77,84,28,94,74,71" hai3="111,46,3,104,82,24,23,73,79,49,27,30,83" shuffle="mt19937ar,8C31161E,4B32DE5E,FABE426E,E57E83EE,B9C636FB,F74F0BBA,D7FC6CAE,0A2BECEE"/><V130/><F120/><W18/><G111/><T123/><D123/><U87/><E121/><V40/><F71/><W98/><G83/><T39/><D124/><U61/><E15/><V90/><F116/><W76/><G76/><T68/><D100/><U31/><E87/><V106/><F106/><W21/><G3/><T122/><D122/><U65/><E65/><V8/><F127/><W70/><G70/><N who="0" m="27243" /><D19/><U95/><E72/><V29/><F40/><W118/><G118/><T112/><D22/><U10/><E135/><V16/><F130/><W110/><G110/><T50/><D112/><U78/><E78/><V2/><F34/><W88/><G104/><T103/><D103/><U133/><E133/><V67/><F67/><W126/><G126/><T107/><D107/><U62/><E33/><V7/><F7/><W1/><G1/><T54/><D66/><U131/><E31/><V102/><F77/><W20/><G20/><T43/><AGARI ba="0,0" hai="37,38,39,43,44,50,51,54,55,56,57" m="27243" machi="43" ten="30,8000,1" yaku="35,5" doraHai="108" who="0" fromWho="0" sc="240,80,240,-20,293,-40,227,-20" /><INIT seed="3,0,0,0,0,105" ten="320,220,253,207" oya="3" hai0="14,129,103,77,126,104,59,116,73,43,99,56,11" hai1="65,97,20,110,8,10,9,25,100,21,23,98,28" hai2="38,119,80,115,48,130,3,64,26,84,47,1,37" hai3="87,53,7,74,95,79,19,0,66,94,83,90,67" shuffle="mt19937ar,C60D044B,B31BA58E,382703AD,CE6D57D3,4A717122,8894D94C,FF52EDA6,61C36BAE"/><W54/><G0/><T124/><D116/><U70/><E110/><V111/><F111/><W121/><G121/><T135/><D43/><U68/><E65/><V35/><F130/><W27/><G7/><T30/><D30/><U45/><E45/><V50/><F64/><W92/><G67/><T93/><D129/><U39/><E39/><V58/><F58/><W91/><G66/><T2/><D2/><U108/><E108/><V63/><F63/><W122/><G122/><T60/><D104/><U69/><E100/><V4/><F50/><W57/><G91/><T46/><D46/><U81/><E81/><V12/><F26/><W6/><G6/><N who="0" m="3447" /><D60/><U88/><E88/><V123/><F35/><AGARI ba="0,0" hai="8,9,10,20,21,23,25,28,35,68,69,70,97,98" machi="35" ten="50,3200,0" yaku="29,2" doraHai="105" who="1" fromWho="2" sc="320,0,220,32,253,-32,207,0" owari="320,32,252,0,221,-13,207,-19" /></mjloggm>