<mjloggm ver="2.3"><GO type="225"/><UN n0="%E3%82%88%E3%81%A3%E3%81%A1" n1="%E3%83%80%E3%83%A0%E3%83%9E%E3%83%8B%E3%82%A2" n2="%E3%83%81%E3%83%A3%E3%82%AA%E3%83%AA" n3="%41%6D%41" dan="16,16,17,16" rate="2071,2139,2113,2043" sx="M,M,M,M"/><TAIKYOKU oya="0"/><INIT seed="0,0,0,0,1,109" ten="250,250,250,250" oya="0" hai0="19,124,6,5,47,24,92,134,37,83,79,103,41" hai1="39,94,48,93,62,76,77,54,135,10,68,129,0" hai2="66,29,61,8,15,91,70,42,106,116,35,59,82" hai3="130,52,86,128,9,4,101,115,28,127,45,32,108" shuffle="mt19937ar,E6C9906F,63856D2E,79234D79,2A7B0F3B,AEFC4794,680F36A6,2349B586,80EDA599"/><T120/><D120/><U22/><E39/><V23/><F35/><W55/><G108/><T125/><D103/><U105/><E105/><V49/><F106/><W18/><G127/><N who="0" m="48715" /><D134/><U27/><E135/><V118/><F29/><W50/><G101/><T65/><D92/><U80/><E77/><V17/><F23/><W100/><G100/><T38/><D65/><U64/><E129/><N who="3" m="49770" /><G28/><T67/><D67/><U56/><E10/><V90/><F82/><W13/><G32/><T126/><D37/><U12/><E0/><V117/><REACH who="2" step="1"/><F59/><REACH who="2" step="2"/><W112/><G55/><T21/><N who="0" m="48723" /><T25/><DORA hai="88" /><D25/><U87/><REACH who="1" step="1"/><E12/><REACH who="1" step="2"/><V71/><F71/><W75/><G13/><T85/><AGARI ba="0,2" hai="5,6,19,21,24,38,41,47,79,83,85" m="48723" machi="85" ten="40,2100,0" yaku="18,1" doraHai="109,88" who="0" fromWho="0" sc="250,41,240,-7,240,-7,250,-7" /><INIT seed="0,1,0,2,0,102" ten="291,233,233,243" oya="0" hai0="58,15,18,61,17,10,56,63,123,117,48,106,64" hai1="125,88,107,93,114,90,127,1,5,45,37,40,115" hai2="118,129,73,81,27,132,0,101,54,62,67,84,135" hai3="99,91,120,6,100,3,126,7,130,31,98,29,71" shuffle="mt19937ar,038DD628,A96E003D,3AB836B7,225941D7,3D7E1A37,5AF2797C,55343423,1B1E9C1F"/><T46/><D123/><U4/><E1/><V14/><F0/><W13/><G71/><T108/><D108/><U97/><E90/><V39/><F39/><W26/><G130/><T32/><D117/><U9/><E107/><V119/><F73/><W87/><G126/><N who="1" m="48138" /><E9/><V131/><F27/><W21/><G120/><T79/><D32/><U112/><AGARI ba="1,0" hai="4,5,37,40,45,88,93,97,112,114,115" m="48138" machi="112" ten="40,5200,0" yaku="11,1,18,1,54,1" doraHai="102" who="1" fromWho="1" sc="291,-27,233,55,233,-14,243,-14" /><INIT seed="1,0,0,0,5,82" ten="264,288,219,229" oya="1" hai0="13,8,40,74,69,66,2,129,87,39,119,25,100" hai1="30,9,101,132,78,120,73,71,52,46,60,47,61" hai2="33,130,37,45,34,62,32,53,12,75,115,77,125" hai3="122,114,0,105,95,43,118,110,55,92,67,121,29" shuffle="mt19937ar,13998662,41362A61,32C7B6BD,EA443B32,E71757C2,D98F374B,5E2B3297,8E5966AA"/><U5/><E120/><V93/><F125/><W109/><G29/><T7/><D74/><U99/><E132/><V104/><F104/><W97/><G67/><T50/><D100/><U72/><E30/><V21/><F130/><W112/><G55/><T111/><D119/><U80/><E73/><V134/><F134/><W3/><G43/><T83/><D129/><U103/><E101/><V51/><F115/><N who="3" m="44075" /><G105/><T16/><D111/><N who="3" m="42505" /><G95/><T94/><D94/><U6/><E5/><V17/><F93/><W10/><G10/><T57/><D39/><U63/><E71/><V90/><F37/><W106/><G106/><T59/><D69/><U117/><E117/><V35/><F62/><W56/><G56/><T135/><D66/><U26/><E26/><V86/><N who="2" m="8192" /><DORA hai="48" /><V1/><F1/><N who="3" m="587" /><G118/><T64/><D64/><U49/><E99/><V65/><F65/><W19/><G19/><T113/><D113/><U133/><E103/><AGARI ba="0,0" hai="92,97,103,121,122" m="587,42505,44075" machi="103" ten="40,1300,0" yaku="14,1" doraHai="82,48" who="3" fromWho="1" sc="264,0,288,-13,219,0,229,13" /><INIT seed="2,0,0,4,2,135" ten="264,275,219,242" oya="2" hai0="47,16,84,25,37,130,44,117,129,18,110,95,91" hai1="128,83,108,8,116,33,46,7,93,85,88,77,35" hai2="32,22,42,78,50,86,67,75,19,38,60,27,54" hai3="9,120,29,13,66,63,20,34,119,3,70,81,15" shuffle="mt19937ar,DD6952D9,7EF2282B,088CE9EE,B7928182,805D2368,056511CE,4F4ADDB1,FEE67249"/><V71/><F75/><W74/><G119/><T52/><D117/><U45/><E116/><V82/><F32/><W90/><G120/><T31/><D110/><U112/><E112/><V0/><F0/><W65/><G65/><T103/><D103/><U92/><E108/><V51/><REACH who="2" step="1"/><F54/><REACH who="2" step="2"/><W61/><G34/><T10/><D130/><U69/><E33/><V68/><F68/><W49/><G74/><T72/><D129/><U23/><E69/><V4/><F4/><W58/><G3/><T121/><D72/><U99/><E35/><V123/><F123/><W111/><G70/><T53/><D121/><U11/><E128/><V79/><F79/><W127/><G111/><T17/><D10/><U5/><E7/><V76/><F76/><W21/><G9/><T87/><D53/><U106/><E5/><V98/><F98/><W14/><G20/><T12/><D52/><U96/><E23/><V102/><F102/><W132/><G21/><T39/><D25/><U41/><E8/><V1/><F1/><W134/><G132/><T105/><D12/><U36/><E11/><V48/><F48/><W109/><G49/><T73/><D73/><U114/><E114/><V26/><F26/><W89/><G134/><T43/><D39/><U24/><E24/><V56/><F56/><N who="3" m="37159" /><G109/><T115/><D115/><U122/><E122/><V80/><F80/><W6/><G6/><T57/><D57/><U55/><E55/><V28/><F28/><W113/><G113/><T62/><D37/><U133/><E133/><V2/><F2/><W118/><G118/><T131/><D31/><RYUUKYOKU ba="0,1" sc="264,-10,275,-10,209,30,242,-10" hai2="19,22,27,38,42,50,51,60,67,71,78,82,86" /><INIT seed="2,1,1,3,5,77" ten="254,265,239,232" oya="2" hai0="128,74,97,2,81,78,32,76,50,13,60,120,80" hai1="111,124,17,126,3,59,114,43,25,24,26,61,65" hai2="125,84,49,40,8,5,100,79,70,106,0,99,130" hai3="103,41,4,129,62,112,133,1,87,33,72,93,104" shuffle="mt19937ar,5DEAEBBA,6152112F,5F5787C9,A5563BCB,09154651,F17C31E3,41037728,9ABB512A"/><V42/><F70/><W91/><G33/><T19/><D32/><U29/><E3/><V54/><F130/><W98/><G129/><T56/><D2/><U7/><E7/><V52/><F125/><N who="1" m="48233" /><E114/><V36/><F36/><W127/><G127/><T85/><D128/><U73/><E73/><V109/><F109/><W47/><G133/><T102/><D50/><U88/><E111/><V23/><F23/><W63/><G112/><T67/><D120/><U105/><E105/><V46/><REACH who="2" step="1"/><F40/><REACH who="2" step="2"/><W39/><G39/><T34/><D34/><U48/><E43/><V101/><F101/><W30/><G41/><T69/><D69/><U115/><E115/><V75/><F75/><W9/><G103/><T108/><D108/><U18/><E29/><V11/><F11/><W122/><G72/><T28/><D28/><U15/><E48/><V16/><F16/><W10/><G30/><T35/><D35/><U107/><E18/><V44/><F44/><W37/><G10/><T116/><D116/><U66/><E17/><V118/><F118/><W12/><G9/><T51/><D51/><U27/><E59/><V64/><F64/><W121/><G37/><T22/><D102/><U31/><E65/><V82/><AGARI ba="1,2" hai="0,5,8,42,46,49,52,54,79,82,84,99,100,106" machi="82" ten="30,12000,1" yaku="1,1,0,1,52,1,54,1,53,1" doraHai="77" doraHaiUra="6" who="2" fromWho="2" sc="254,-41,265,-41,229,143,232,-41" /><INIT seed="2,2,0,1,0,127" ten="213,224,372,191" oya="2" hai0="58,26,73,39,0,23,50,66,112,129,18,6,20" hai1="54,7,77,53,85,9,65,15,118,11,59,92,117" hai2="68,94,101,89,121,46,78,90,37,124,82,114,99" hai3="104,43,100,131,113,36,81,48,69,4,60,116,67" shuffle="mt19937ar,1D4A3536,C360F8C4,42AE6B2B,4E30B539,AA3E9E55,D8BE3F46,F48D3643,2D2DF508"/><V134/><F68/><W75/><G116/><T103/><D39/><U106/><E106/><V84/><F114/><W122/><G122/><T8/><D73/><U102/><E118/><V98/><F121/><W61/><G48/><T123/><D112/><U27/><E117/><V135/><F37/><W86/><G113/><T93/><D123/><U44/><E44/><V12/><F46/><N who="3" m="23911" /><G86/><T30/><D50/><U14/><E27/><V47/><F47/><W42/><G61/><T56/><D66/><U29/><E29/><V79/><F12/><W132/><G4/><T40/><D40/><U62/><E102/><V32/><F32/><W17/><G17/><T10/><D10/><U110/><E110/><V16/><F16/><W52/><G52/><N who="1" m="20074" /><E7/><V97/><F124/><W74/><G42/><T119/><D119/><U109/><E109/><V64/><F64/><W120/><G120/><T5/><D5/><U41/><E41/><V35/><F35/><W83/><G75/><T87/><D58/><U111/><E111/><V3/><F3/><W133/><G74/><T107/><D56/><U2/><E2/><V72/><F72/><W128/><G100/><T21/><D107/><U28/><E28/><V19/><F19/><W108/><G104/><T31/><D103/><U57/><E57/><V33/><F33/><W55/><G108/><T125/><D125/><U25/><E25/><V24/><F24/><W22/><G55/><T1/><D31/><U45/><E45/><V115/><F115/><W88/><G69/><T38/><D0/><U95/><E85/><V70/><F70/><RYUUKYOKU ba="2,0" sc="213,0,224,0,372,0,191,0" /><INIT seed="3,3,0,0,2,124" ten="213,224,372,191" oya="3" hai0="71,33,84,74,111,10,75,36,64,114,32,95,100" hai1="29,91,129,107,13,14,122,43,47,96,31,125,116" hai2="89,27,66,105,55,120,8,82,87,51,97,135,7" hai3="67,109,70,104,92,24,20,119,56,46,62,61,94" shuffle="mt19937ar,C1F6D4EF,28CE0F6F,449D85D3,A6B29A27,E6DB31DB,1A981163,7C497DEF,27397977"/><W23/><G119/><T38/><D10/><U83/><E122/><V133/><F66/><W77/><G104/><T30/><D84/><U18/><E116/><V128/><F128/><W60/><G77/><T42/><D95/><U45/><E129/><V21/><F120/><W86/><G109/><T25/><D114/><U69/><E69/><V26/><F97/><W0/><G0/><T2/><D2/><U40/><E125/><V50/><F105/><W57/><G46/><N who="1" m="17418" /><E107/><V6/><F27/><W39/><G39/><T123/><D42/><N who="1" m="15915" /><E14/><N who="2" m="5399" /><F55/><W48/><G48/><T90/><D123/><U58/><E58/><V59/><F59/><W73/><G73/><T132/><D33/><U17/><E17/><N who="2" m="12591" /><F7/><W99/><G86/><T65/><D71/><U98/><E96/><V49/><F87/><W28/><G23/><T127/><D32/><U78/><E78/><V121/><F121/><W5/><G5/><T115/><D127/><U110/><E110/><V3/><F3/><W72/><G72/><T93/><D75/><U102/><E102/><V63/><F63/><W134/><G134/><N who="2" m="51209" /><F89/><N who="3" m="55695" /><G94/><T16/><D74/><U4/><E4/><V53/><F53/><N who="3" m="33807" /><G70/><T22/><D115/><U126/><E126/><V68/><F68/><W19/><G62/><T117/><D117/><U1/><E1/><V52/><F52/><W15/><G15/><T35/><D111/><U76/><E76/><V113/><F113/><W103/><G103/><T108/><D108/><U9/><E98/><V37/><F37/><W112/><G112/><T44/><D132/><U106/><E106/><V12/><F12/><RYUUKYOKU ba="3,0" sc="213,-30,224,10,372,10,191,10" hai1="9,13,18,29,31,83,91" hai2="49,50,51,82" hai3="19,20,24,28,57,61,67" /><INIT seed="3,4,0,2,3,62" ten="183,234,382,201" oya="3" hai0="35,106,102,72,78,110,39,3,14,46,20,34,124" hai1="99,130,116,81,125,68,53,70,80,57,36,87,56" hai2="22,5,115,10,118,91,104,52,119,47,101,83,135" hai3="24,120,19,96,108,103,11,133,31,128,86,131,50" shuffle="mt19937ar,B5F70985,CC2E2326,F642F4B3,481B646B,E163F89D,4271CFC6,AF77C55F,9A3C89B5"/><W95/><G120/><T132/><D20/><U123/><E36/><V94/><F115/><W30/><G133/><T122/><D14/><U23/><E123/><V59/><F47/><W90/><G50/><T89/><D89/><U58/><E116/><V100/><F22/><W54/><G54/><T38/><D46/><U0/><E0/><V69/><F69/><W1/><G1/><T73/><D78/><U85/><E130/><N who="3" m="49706" /><G108/><T16/><D16/><U12/><E125/><V27/><F135/><W42/><G42/><T134/><D122/><U74/><E74/><N who="0" m="28777" /><D3/><U98/><E53/><V77/><F119/><W75/><G75/><T51/><D51/><U65/><E23/><V2/><F118/><W29/><G11/><T28/><D124/><U117/><E117/><V79/><F10/><W126/><G126/><T15/><D15/><U63/><E12/><V105/><F2/><W43/><G43/><T66/><D66/><U127/><E127/><V92/><F52/><W121/><G121/><T18/><D18/><U48/><E48/><V40/><F40/><W4/><G4/><T129/><D129/><U84/><E70/><V13/><F5/><W33/><G19/><T93/><D93/><AGARI ba="4,0" hai="24,29,30,31,33,86,90,93,95,96,103" m="49706" machi="93" ten="30,1500,0" yaku="19,1" doraHai="62" who="3" fromWho="0" sc="183,-27,234,0,382,0,201,27" /><INIT seed="3,5,0,0,5,132" ten="156,234,382,228" oya="3" hai0="124,5,72,126,103,43,16,66,77,113,25,20,106" hai1="68,24,2,67,105,110,28,134,58,131,91,102,31" hai2="116,26,114,55,21,83,63,118,22,1,129,44,119" hai3="45,6,15,127,69,40,60,29,4,27,3,133,90" shuffle="mt19937ar,3F88C103,79906F1C,4E18EDFD,AEA9CA91,A6123ED4,6FF0CE3D,5BDAF749,1DEEF829"/><W41/><G3/><T111/><D43/><U54/><E2/><V57/><F1/><W8/><G133/><T12/><D66/><U9/><E134/><V34/><F114/><W82/><G6/><T123/><D103/><U23/><E131/><V99/><F129/><W62/><G41/><T86/><D106/><U56/><E9/><V32/><F99/><W59/><G69/><T14/><D72/><U11/><E11/><V85/><F44/><W51/><G59/><T74/><D74/><U36/><E36/><V87/><F22/><N who="3" m="15607" /><G127/><N who="0" m="48683" /><D123/><U112/><E102/><V97/><F34/><W37/><G37/><T33/><D111/><U84/><E105/><V98/><F32/><W100/><G100/><T49/><D49/><U30/><E110/><V101/><F101/><W64/><G64/><T7/><D113/><U0/><E0/><V94/><F119/><W79/><G79/><T92/><D33/><U130/><E112/><V88/><F118/><W107/><G107/><T117/><D117/><U108/><E108/><V75/><F75/><W61/><G61/><T38/><D38/><U76/><E76/><N who="2" m="46311" /><F116/><W95/><G82/><N who="0" m="47439" /><D92/><N who="1" m="54375" /><E68/><V46/><F94/><W96/><AGARI ba="5,0" hai="4,8,15,40,45,51,60,62,90,95,96" m="15607" machi="96" ten="30,1500,0" yaku="8,1" doraHai="132" who="3" fromWho="3" sc="156,-10,234,-10,382,-10,228,30" /><INIT seed="3,6,0,5,2,11" ten="146,224,372,258" oya="3" hai0="130,110,85,109,13,133,126,44,36,83,3,12,7" hai1="35,34,103,37,96,15,47,72,16,70,119,40,32" hai2="41,52,134,42,66,14,5,67,78,107,60,97,6" hai3="51,68,9,135,86,73,0,2,27,117,23,21,128" shuffle="mt19937ar,CB3BF733,916BB200,F7D683E9,48204196,2AFBEF21,A21DC578,3A5E1CF0,A7AE397B"/><W99/><G117/><T4/><D133/><U105/><E119/><V69/><F134/><W20/><G135/><T28/><D28/><U64/><E72/><V118/><F118/><W88/><G73/><T114/><D36/><U59/><E70/><V104/><F78/><W101/><G68/><T17/><D44/><U124/><E124/><V113/><F113/><W57/><G128/><T123/><D123/><U92/><E64/><N who="2" m="24619" /><F107/><W61/><G51/><T102/><D102/><U116/><E59/><N who="2" m="34919" /><F104/><W26/><G2/><T29/><D29/><U89/><E116/><V22/><F97/><W62/><G0/><T75/><D75/><U24/><E105/><V111/><F111/><N who="0" m="42506" /><D130/><U50/><E37/><V115/><F115/><W63/><G57/><T122/><D114/><U112/><E112/><V53/><F69/><W46/><G46/><T65/><D65/><U45/><E45/><V131/><F53/><W43/><G43/><N who="2" m="16393" /><F131/><W94/><REACH who="3" step="1"/><G9/><REACH who="3" step="2"/><N who="0" m="2207" /><D122/><U82/><E40/><V100/><F100/><W87/><G87/><T39/><D39/><U1/><E1/><V8/><F22/><W38/><G38/><T71/><D71/><U84/><E47/><V58/><F58/><W54/><G54/><T10/><D126/><U120/><E120/><V77/><F77/><W125/><G125/><T30/><D30/><U33/><E50/><V93/><F93/><AGARI ba="6,1" hai="20,21,23,26,27,61,62,63,86,88,93,94,99,101" machi="93" ten="40,12000,1" yaku="1,1,8,1,54,1,53,1" doraHai="11" doraHaiUra="81" who="3" fromWho="2" sc="146,0,224,0,372,-138,248,148" owari="146,-25,224,-13,234,-2,396,40" /></mjloggm>