<mjloggm ver="2.3"><GO type="185"/><UN n0="%E4%BF%8A%E3%81%93%E3%82%8D" n1="%E5%8D%81%E5%85%AD%E5%A4%9C%E2%80%A0%E5%92%B2%E5%A4%9C" n2="%EF%BC%BC%28%EF%BC%BE%6F%EF%BC%BE%29%EF%BC%8F%E2%98%85" n3="" dan="16,16,17,0" rate="2084,2192,2140,1500" sx="M,F,M,C"/><TAIKYOKU oya="0"/><INIT seed="0,0,0,3,0,119" ten="350,350,350,0" oya="0" hai0="53,51,65,88,115,99,81,101,76,118,124,50,94" hai1="89,36,68,111,72,129,78,56,132,63,108,52,3" hai2="116,104,128,0,84,43,34,60,110,48,44,91,49" hai3="" shuffle="mt19937ar,6BEE13BE,64765643,38B0D7F5,F12BBF43,DFFB4B97,A8CB6DA5,385D35A9,4C731749"/><T38/><D118/><U96/><E3/><V130/><F0/><T131/><D115/><U85/><E36/><V92/><F34/><T40/><D131/><U69/><E129/><V74/><F116/><T66/><D124/><U123/><N who="1" m="31520" /><U46/><E96/><V122/><N who="2" m="31264" /><V79/><F104/><T117/><D117/><U95/><E46/><V77/><F110/><N who="1" m="42025" /><E132/><V106/><F106/><T47/><D38/><U134/><E134/><V71/><F128/><T90/><D101/><U32/><E32/><V2/><F130/><T98/><D98/><U121/><N who="1" m="31008" /><U120/><N who="1" m="30752" /><U54/><E54/><V35/><F2/><T109/><D109/><U114/><E114/><V73/><F35/><T105/><D105/><U100/><E100/><V39/><F39/><T58/><REACH who="0" step="1"/><D90/><REACH who="0" step="2"/><U1/><E1/><V37/><F91/><T125/><D125/><U82/><AGARI ba="0,1" hai="52,56,63,68,69,72,78,82,85,89,95" m="30752,31008,42025,31520" machi="82" ten="30,12000,3" yaku="14,1,52,6,54,1" doraHai="119" who="1" fromWho="1" sc="340,-80,350,130,350,-40,0,0" /><INIT seed="1,0,0,1,4,86" ten="260,480,310,0" oya="1" hai0="89,107,41,126,133,73,121,124,76,63,111,64,91" hai1="61,70,123,122,77,67,130,103,50,49,46,81,39" hai2="97,1,45,101,65,106,59,114,104,131,100,38,71" hai3="" shuffle="mt19937ar,CB1D7D7F,B82F5565,E093ABB9,55192883,464B7984,08A02DEC,4DF4B094,EC275282"/><U79/><N who="1" m="31264" /><U42/><N who="1" m="31520" /><U32/><E32/><V58/><F1/><T74/><N who="0" m="31008" /><T92/><D107/><U83/><E103/><V40/><F131/><T119/><D119/><U69/><E69/><V108/><F108/><T120/><N who="0" m="30752" /><T85/><D111/><U84/><REACH who="1" step="1"/><E130/><REACH who="1" step="2"/><V54/><F71/><T115/><D115/><U60/><E60/><V129/><F114/><T109/><D109/><U66/><E66/><V132/><F65/><T117/><D63/><U116/><E116/><V95/><F129/><T43/><D64/><U118/><E118/><V62/><F101/><T98/><D117/><U80/><E80/><V112/><F112/><T134/><D134/><U78/><E78/><V56/><F132/><T53/><D133/><U44/><E44/><V93/><F106/><T36/><D76/><U33/><E33/><V125/><F104/><T94/><D36/><U55/><E55/><V48/><F62/><T2/><D53/><U127/><E127/><N who="0" m="48681" /><D2/><U105/><E105/><V35/><F125/><T135/><D135/><U68/><E68/><V110/><F35/><T0/><D0/><U34/><E34/><V102/><F110/><T88/><D89/><U128/><E128/><V52/><F38/><RYUUKYOKU ba="0,1" sc="260,0,470,0,310,0,0,0" hai0="41,43,73,74,85,88,91,92,94,98" hai1="39,42,46,49,50,61,67,70,77,79,81,83,84" hai2="40,45,48,52,54,56,58,59,93,95,97,100,102" /><INIT seed="1,1,1,2,5,122" ten="260,470,310,0" oya="1" hai0="110,132,85,38,40,78,45,106,125,77,65,66,50" hai1="49,60,39,126,1,124,121,133,84,67,36,72,131" hai2="91,89,92,69,116,120,127,52,76,94,90,47,135" hai3="" shuffle="mt19937ar,240F6396,02DE81A0,699AC8EA,C460B682,CD210FD4,98C4EC6D,FC020E63,96D1FE3E"/><U86/><N who="1" m="31008" /><U35/><E72/><V108/><N who="2" m="30752" /><V58/><F116/><T114/><D106/><U100/><E35/><V81/><F69/><T134/><D114/><U42/><E1/><V74/><F135/><N who="0" m="51754" /><D125/><N who="1" m="48235" /><E100/><V61/><F127/><T82/><D110/><U118/><E118/><V75/><F108/><T102/><D102/><U99/><E99/><V96/><F75/><T57/><D77/><U115/><E133/><V34/><F34/><T44/><D57/><U97/><E97/><V117/><F117/><T101/><D101/><U51/><E131/><V95/><REACH who="2" step="1"/><F47/><REACH who="2" step="2"/><T54/><AGARI ba="1,2" hai="38,40,44,45,50,54,65,66,78,82,85" m="51754" machi="54" ten="30,800,0" yaku="20,1" doraHai="122" who="0" fromWho="0" sc="260,30,470,-6,300,-4,0,0" /><INIT seed="2,0,0,4,1,48" ten="290,464,296,0" oya="2" hai0="105,117,75,94,130,118,107,102,101,128,96,85,109" hai1="59,45,77,104,53,68,65,35,60,46,116,79,32" hai2="121,47,80,95,86,62,122,88,89,2,125,134,63" hai3="" shuffle="mt19937ar,3595EDC4,096DB2CD,6CECAF55,5612713E,134834F4,26EB0F97,DE3BFD6C,3BCD7812"/><V42/><N who="2" m="31008" /><V41/><N who="2" m="31264" /><V3/><F134/><T33/><D33/><U74/><E104/><N who="0" m="40009" /><D75/><U131/><E116/><N who="0" m="44649" /><D109/><U124/><E131/><N who="0" m="50217" /><D85/><U72/><E74/><V78/><F125/><T58/><D58/><U73/><E124/><V84/><F42/><T91/><AGARI ba="0,0" hai="91,94,96,101,102" m="50217,44649,40009" machi="91" ten="40,3900,0" yaku="19,1,34,2" doraHai="48" who="0" fromWho="0" sc="290,39,464,-13,296,-26,0,0" /><INIT seed="4,0,0,0,3,44" ten="329,451,270,0" oya="0" hai0="115,119,127,60,121,54,53,55,96,59,32,70,75" hai1="95,41,100,72,99,113,135,47,107,106,36,78,93" hai2="67,94,133,3,130,73,97,80,90,1,101,35,124" hai3="" shuffle="mt19937ar,71986428,B02EA606,575C64D8,01430AB8,8289CB22,02388AA7,5B60E871,0FD209FC"/><T79/><N who="0" m="31008" /><T88/><D32/><U85/><E135/><V48/><F133/><T46/><D119/><U33/><E33/><V131/><F35/><T58/><D115/><U98/><E113/><V40/><F124/><T125/><D75/><U65/><E72/><V49/><F67/><T86/><D79/><U116/><E116/><V118/><F118/><T105/><D70/><U76/><E65/><V52/><F40/><T82/><D46/><U39/><E39/><V0/><F73/><T77/><D60/><U111/><E111/><V102/><F49/><T37/><D37/><U62/><E62/><V134/><F134/><T64/><D64/><U108/><E108/><V104/><F80/><T50/><D59/><U109/><E109/><V89/><F102/><T132/><D132/><U117/><E117/><V68/><F68/><T92/><REACH who="0" step="1"/><D105/><REACH who="0" step="2"/><U56/><E107/><V123/><N who="2" m="31520" /><V112/><F112/><T38/><D38/><U66/><E106/><V71/><F71/><T114/><D114/><U128/><E56/><V126/><F104/><T69/><D69/><U87/><E66/><V63/><F63/><T34/><D34/><U122/><E36/><V57/><F126/><AGARI ba="0,1" hai="50,53,54,55,58,77,82,86,88,92,96,125,126,127" m="31008" machi="126" ten="40,12000,1" yaku="1,1,18,1,52,2,54,1,53,0" doraHai="44" doraHaiUra="2" who="0" fromWho="2" sc="319,130,451,0,270,-120,0,0" /><INIT seed="4,1,0,4,2,80" ten="449,451,150,0" oya="0" hai0="63,111,113,119,66,60,73,0,55,78,132,52,44" hai1="48,59,56,133,64,34,97,98,2,108,86,131,124" hai2="45,109,112,84,85,90,99,94,58,40,92,102,51" hai3="" shuffle="mt19937ar,57F3D667,C769C1B5,087356E5,AF1896F1,4DD5EB46,BD0C7F2A,7DF9C1B9,6185204E"/><T54/><D0/><U134/><E2/><V81/><F109/><T62/><D119/><U104/><E34/><V69/><F112/><T114/><D111/><U82/><E108/><V50/><F69/><T105/><D105/><U67/><E131/><V100/><F100/><T117/><D117/><U135/><E124/><V123/><N who="2" m="31520" /><V71/><F71/><T87/><D73/><U37/><E37/><V107/><F107/><T122/><N who="0" m="31264" /><T93/><D132/><U61/><E104/><V32/><F32/><T77/><D66/><U103/><E103/><V39/><REACH who="2" step="1"/><F58/><REACH who="2" step="2"/><T43/><D113/><U96/><E59/><V75/><F75/><T118/><D114/><U38/><E56/><V110/><F110/><T127/><D118/><U129/><E135/><V130/><F130/><T72/><D72/><U47/><E129/><V35/><F35/><T41/><D127/><U116/><E134/><V33/><F33/><T115/><D115/><U120/><E116/><V3/><F3/><T101/><D44/><U1/><E47/><V53/><F53/><T106/><D106/><U128/><E1/><V88/><AGARI ba="1,1" hai="39,40,45,50,51,81,84,85,88,90,92,94,99,102" m="31520" machi="88" ten="20,12000,3" yaku="1,1,0,1,7,1,52,3,54,1,53,1" doraHai="80" doraHaiUra="36" who="2" fromWho="2" sc="449,-81,451,-41,140,132,0,0" /><INIT seed="5,0,0,3,3,117" ten="368,410,272,0" oya="1" hai0="114,78,34,0,109,124,101,33,37,133,118,42,128" hai1="69,35,76,72,52,60,132,64,115,90,131,86,129" hai2="121,125,66,73,41,83,81,123,40,88,80,92,36" hai3="" shuffle="mt19937ar,E089AE43,73164BA3,C6C3457E,A74E7193,54D37652,57952019,47034880,C77631D3"/><U134/><E35/><V87/><N who="2" m="31008" /><V111/><N who="2" m="31520" /><V65/><F111/><T95/><D78/><U47/><E115/><V39/><F73/><T110/><D95/><U84/><E72/><V119/><F119/><T100/><D101/><U48/><E76/><V97/><F125/><T89/><D100/><U32/><E32/><V98/><F39/><T120/><D89/><U122/><N who="1" m="31264" /><U108/><E108/><V68/><F68/><T113/><D42/><N who="2" m="16490" /><F36/><T74/><D34/><U54/><E54/><V51/><F51/><T94/><D94/><U105/><E105/><V45/><F45/><T75/><D110/><U61/><E61/><V135/><F135/><N who="1" m="51753" /><E86/><V85/><F85/><T3/><D75/><U56/><E69/><V104/><F104/><T106/><D113/><U70/><E70/><AGARI ba="0,0" hai="0,3,33,37,70,74,106,109,114,118,120,124,128,133" machi="70" ten="0,32000,5" yakuman="47" doraHai="117" who="0" fromWho="1" sc="368,320,410,-320,272,0,0,0" /><INIT seed="6,0,0,4,5,94" ten="688,90,272,0" oya="2" hai0="106,69,89,91,107,2,82,97,96,43,33,121,3" hai1="128,108,110,102,80,79,77,117,114,66,53,92,100" hai2="37,131,44,56,49,111,1,54,81,93,48,85,52" hai3="" shuffle="mt19937ar,0EE1F7C6,934EE00E,9EFFF849,3E777A05,A942E0DA,FDA3A506,CFF89FBE,873A8E5F"/><V70/><F1/><T123/><D69/><U119/><E66/><V103/><F70/><T58/><D58/><U95/><E53/><V75/><F131/><T116/><D43/><U133/><E80/><V118/><F118/><T61/><D82/><U57/><E57/><V87/><F111/><T50/><D50/><U71/><E71/><V120/><N who="2" m="30752" /><V46/><F75/><T62/><D116/><U86/><E86/><V39/><F56/><T42/><D42/><U51/><E51/><V78/><REACH who="2" step="1"/><F87/><REACH who="2" step="2"/><T109/><D109/><U105/><E105/><V64/><F64/><T101/><D101/><U41/><E41/><V32/><F32/><AGARI ba="0,1" hai="2,3,32,33,61,62,89,91,96,97,106,107,121,123" machi="32" ten="25,6400,0" yaku="22,2,52,2" doraHai="94" who="0" fromWho="2" sc="688,74,90,0,262,-64,0,0" owari="762,71,90,-51,198,-20,0,0" /></mjloggm>