<mjloggm ver="2.3"><GO type="225"/><UN n0="%E9%9B%81%E7%BA%8F" n1="%E3%83%A1%E3%82%BF%E3%83%95%E3%82%A1%E3%83%BC" n2="%EF%BC%88%27%EF%BC%88%E3%82%A7%EF%BC%89%27%6F%EF%BC%89" n3="%E3%82%AF%E3%83%AB%E3%83%AB%E2%98%86" dan="16,16,16,16" rate="2071,2075,2066,2034" sx="M,M,M,F"/><TAIKYOKU oya="0"/><INIT seed="0,0,0,4,3,86" ten="250,250,250,250" oya="0" hai0="39,31,29,97,121,61,108,68,58,125,48,64,50" hai1="44,112,119,78,67,33,24,30,120,22,15,122,93" hai2="19,4,10,0,96,84,17,73,107,101,115,32,51" hai3="134,20,63,133,128,56,6,12,90,110,71,66,91" shuffle="mt19937ar,FD968E9E,1335CD66,E704EB52,37D9907B,6F99E0EE,7B755493,BCCAB6E7,8145A22B"/><T42/><D121/><U70/><E119/><V26/><F73/><W14/><G110/><T95/><D108/><U82/><E112/><V132/><F115/><W37/><G37/><T126/><D29/><U103/><E44/><V130/><F130/><W88/><G128/><T79/><D79/><U85/><E15/><V94/><F132/><N who="3" m="50795" /><G6/><T105/><D105/><U1/><E1/><V74/><F74/><W45/><G45/><N who="0" m="23775" /><D31/><U16/><E67/><V106/><F51/><N who="0" m="19498" /><D95/><U76/><E70/><V80/><F32/><W3/><G3/><T21/><D21/><U59/><E76/><V34/><F34/><W89/><N who="3" m="23040" /><DORA hai="43" /><W117/><G117/><T72/><D72/><U52/><E93/><V102/><F94/><W53/><G20/><T28/><D28/><U83/><E82/><V65/><F80/><W104/><G104/><T49/><D97/><U62/><E122/><V27/><F107/><W118/><G118/><T8/><D8/><U77/><E120/><V114/><F114/><W40/><G40/><T98/><D98/><U23/><E78/><V116/><F116/><W9/><G9/><T135/><D135/><U55/><E33/><V2/><F106/><W41/><G41/><T36/><D36/><U18/><E23/><V5/><F96/><W38/><G38/><T99/><D99/><U75/><E22/><V13/><F10/><W60/><AGARI ba="0,0" hai="12,14,53,56,60,63,66,71" m="23040,50795" machi="60" ten="50,12000,2" yaku="20,1,52,4,54,1" doraHai="86,43" who="3" fromWho="3" sc="250,-60,250,-30,250,-30,250,120" /><INIT seed="1,0,0,4,3,20" ten="190,220,220,370" oya="1" hai0="91,128,123,52,21,88,29,43,85,53,2,108,23" hai1="132,10,90,113,100,99,46,111,19,122,115,84,73" hai2="105,80,77,127,55,89,5,65,81,131,35,124,48" hai3="126,95,47,60,7,120,101,79,107,63,102,96,93" shuffle="mt19937ar,FFB018E4,75C8B6D4,FB592D8F,F44D9CEF,5E3E2554,0485B5CD,4A8AAAD6,15CF1626"/><U114/><E73/><V22/><F35/><W56/><G120/><T134/><D123/><U34/><E122/><V125/><F105/><W50/><G7/><T78/><D2/><U110/><E34/><V76/><F131/><W1/><G1/><T58/><D128/><U135/><E46/><V67/><F5/><W41/><G126/><T40/><D108/><N who="1" m="41515" /><E19/><V69/><F89/><N who="0" m="34378" /><D134/><U3/><E10/><V103/><F103/><W12/><G102/><T13/><D21/><U0/><E0/><V42/><F42/><N who="0" m="15914" /><D58/><U44/><E44/><N who="2" m="28039" /><F22/><W15/><G79/><N who="2" m="30281" /><F69/><W70/><G70/><T86/><D29/><U18/><E3/><V8/><F8/><W14/><REACH who="3" step="1"/><G63/><REACH who="3" step="2"/><T54/><D78/><U39/><E39/><V112/><F112/><W36/><G36/><T129/><D129/><U37/><E37/><V9/><F127/><W61/><G61/><T30/><D30/><U106/><E18/><AGARI ba="0,1" hai="13,18,23,52,53,54,85,86" m="15914,34378" machi="18" ten="30,3900,0" yaku="8,1,54,2" doraHai="20" who="0" fromWho="1" sc="190,49,220,-39,220,0,360,0" /><INIT seed="2,0,0,0,1,21" ten="239,181,220,360" oya="2" hai0="115,28,122,135,22,73,83,110,12,7,36,14,37" hai1="39,128,117,98,106,103,40,62,95,104,43,18,13" hai2="101,85,3,61,127,90,49,41,9,38,25,121,81" hai3="33,57,94,129,111,55,120,67,80,1,71,15,107" shuffle="mt19937ar,42CA655B,34738805,2A6AA83F,8C49A294,0FAC3E70,34EA76A5,CAD81B40,10A011A2"/><V114/><F114/><W42/><G107/><T16/><D115/><U72/><E117/><V6/><F121/><W108/><G1/><T56/><D122/><U50/><E128/><V124/><F38/><W82/><G120/><T102/><D102/><U130/><E72/><V123/><F123/><W48/><G33/><T64/><D110/><U70/><E39/><V92/><F61/><W0/><G0/><T20/><D135/><U34/><E34/><V100/><F41/><W69/><G129/><T105/><D105/><U31/><E130/><V46/><F46/><W96/><G42/><T63/><D7/><U30/><E106/><V75/><F49/><W23/><G15/><T132/><D132/><U84/><E43/><V74/><F75/><W68/><G23/><T133/><D133/><U91/><E40/><V76/><REACH who="2" step="1"/><F25/><REACH who="2" step="2"/><W125/><G48/><T59/><D59/><U86/><E50/><V29/><F29/><W97/><G57/><T88/><D28/><U10/><E62/><V66/><F66/><W77/><G67/><T47/><D47/><U11/><E70/><V45/><F45/><W112/><G71/><T119/><D73/><U35/><E35/><V5/><F5/><W79/><G69/><T54/><D64/><U93/><E30/><V8/><F8/><W44/><G68/><T51/><D51/><U52/><E31/><V32/><F32/><W19/><G44/><T78/><D37/><U2/><E10/><V113/><F113/><W26/><G112/><T126/><D36/><U24/><E11/><V58/><F58/><W17/><G111/><RYUUKYOKU ba="0,1" sc="239,-10,181,-10,210,30,360,-10" hai2="3,6,9,74,76,81,85,90,92,100,101,124,127" /><INIT seed="2,1,1,5,1,101" ten="229,171,240,350" oya="2" hai0="44,45,86,39,116,14,57,93,102,94,17,76,119" hai1="3,108,121,47,75,132,72,104,51,8,77,126,112" hai2="97,58,38,34,24,99,22,89,36,100,13,133,62" hai3="35,43,128,61,32,52,1,79,53,96,15,49,42" shuffle="mt19937ar,90D97EE1,B9E114C1,08A806DC,98AFB755,C1FBF2A5,C436CC66,D13126B4,1CC6D310"/><V105/><F34/><W114/><G1/><T130/><D130/><U46/><E112/><V98/><F133/><W33/><G79/><T27/><D27/><U37/><E132/><V111/><F13/><W125/><G128/><T78/><D57/><U20/><E108/><V82/><F111/><W85/><G114/><T18/><D39/><U129/><E129/><V65/><F99/><W70/><G85/><T11/><D102/><U80/><E126/><V95/><REACH who="2" step="1"/><F82/><REACH who="2" step="2"/><W41/><G96/><T50/><D119/><U122/><E121/><V110/><F110/><W88/><G15/><T123/><D116/><U31/><E122/><V67/><F67/><W83/><G83/><T16/><D123/><U124/><E124/><V107/><F107/><W135/><G32/><T10/><D14/><U59/><E104/><V21/><F21/><W25/><G33/><T40/><D93/><U109/><E109/><V9/><F9/><W115/><G135/><T118/><D118/><U131/><E131/><V117/><F117/><W23/><G125/><T2/><D2/><U91/><E8/><V66/><F66/><W19/><G35/><T12/><D11/><U92/><E3/><V55/><F55/><W29/><G23/><T54/><D10/><U127/><E127/><V134/><F134/><W63/><G53/><T64/><D12/><U103/><E80/><V0/><F0/><W26/><G115/><T90/><D64/><U69/><E20/><V120/><F120/><W6/><G52/><T81/><D81/><U56/><E72/><V60/><F60/><W5/><G63/><RYUUKYOKU ba="1,2" sc="229,15,171,-15,230,15,350,-15" hai0="16,17,18,40,44,45,50,54,76,78,86,90,94" hai2="22,24,36,38,58,62,65,89,95,97,98,100,105" /><INIT seed="2,2,2,0,5,123" ten="244,156,245,335" oya="2" hai0="54,104,55,13,121,10,60,101,105,96,81,28,73" hai1="20,100,79,86,69,0,38,48,87,34,115,31,15" hai2="23,126,35,90,12,110,127,134,41,67,33,37,130" hai3="51,75,102,98,8,62,84,109,95,107,83,3,46" shuffle="mt19937ar,E9BD30BB,0ADE2326,09614973,6D2E5E89,9498A36C,642D8EAF,F9EF0335,B483CAE7"/><V122/><F122/><W128/><G75/><T40/><D121/><U113/><E38/><V18/><F134/><W103/><G128/><T56/><D104/><U118/><E69/><V97/><F130/><W112/><G112/><T21/><D40/><U43/><E0/><V65/><F37/><W22/><G62/><T135/><D135/><U129/><E118/><V53/><F41/><W72/><G72/><T6/><D28/><U26/><E129/><V47/><F47/><W78/><G22/><T82/><D73/><U92/><E100/><V50/><F97/><W61/><G61/><T63/><D21/><U30/><E92/><V68/><F90/><W14/><G3/><T74/><D74/><U1/><E1/><V32/><F110/><W99/><G109/><T94/><REACH who="0" step="1"/><D105/><REACH who="0" step="2"/><U17/><E31/><V57/><REACH who="2" step="1"/><F68/><REACH who="2" step="2"/><W25/><G103/><T80/><D80/><U19/><E115/><V64/><AGARI ba="2,4" hai="12,18,23,32,33,35,50,53,57,64,65,67,126,127" machi="64" ten="40,12000,1" yaku="1,1,2,1,0,1,53,1" doraHai="123" doraHaiUra="52" who="2" fromWho="2" sc="234,-42,156,-42,235,166,335,-42" /><INIT seed="2,3,0,5,2,71" ten="192,114,401,293" oya="2" hai0="10,61,80,33,22,0,82,57,21,100,48,98,54" hai1="126,66,4,123,51,87,25,59,40,81,28,103,52" hai2="73,119,117,39,96,14,36,42,67,30,8,1,122" hai3="7,34,44,45,75,108,130,72,69,132,18,9,64" shuffle="mt19937ar,D2F685A5,71BBD2F5,D26BF29A,83949E34,78BC1FFA,A5548415,F0FF7E9F,9C894C34"/><V112/><F112/><W94/><G34/><T37/><D33/><U19/><E126/><V134/><F122/><W65/><G108/><T6/><D37/><U56/><E123/><V131/><F73/><W101/><G130/><T26/><D48/><U86/><E103/><V115/><F115/><W68/><G18/><T128/><D128/><U3/><E40/><V74/><F131/><W105/><G105/><T113/><D113/><U20/><E3/><V76/><F30/><W58/><G132/><T135/><D135/><U93/><E4/><N who="2" m="1039" /><F14/><W15/><G58/><T110/><D110/><U27/><E93/><V114/><F114/><W124/><G124/><T129/><D129/><U55/><E66/><V5/><F5/><W23/><G23/><T50/><D50/><U85/><E55/><V60/><F96/><W88/><G101/><T83/><REACH who="0" step="1"/><D26/><REACH who="0" step="2"/><U78/><REACH who="1" step="1"/><E59/><REACH who="1" step="2"/><V35/><F134/><W118/><G69/><T121/><D121/><U2/><E2/><V89/><F119/><W38/><G118/><T32/><D32/><AGARI ba="3,2" hai="19,20,25,27,28,32,51,52,56,78,81,85,86,87" machi="32" ten="30,3900,0" yaku="1,1,7,1,54,1,53,0" doraHai="71" doraHaiUra="95" who="1" fromWho="0" sc="182,-48,104,68,401,0,293,0" /><INIT seed="3,0,0,2,1,71" ten="134,172,401,293" oya="3" hai0="5,1,61,93,99,62,25,129,131,50,112,44,101" hai1="46,43,29,135,52,78,33,3,59,83,88,84,30" hai2="95,66,53,15,34,124,47,80,37,113,69,17,100" hai3="24,89,128,8,103,98,120,22,97,110,63,0,49" shuffle="mt19937ar,57D8F150,2D8EA2CE,492BD5A7,D07D6847,9812F120,89841424,EF67AB13,771E580B"/><W31/><G120/><T12/><D1/><U14/><E3/><V32/><F113/><W79/><G128/><T122/><D122/><U40/><E135/><V51/><F124/><W27/><G79/><T125/><D125/><U65/><E65/><V72/><F37/><W7/><G110/><T13/><D25/><U134/><E134/><V76/><F69/><W21/><G63/><T9/><D112/><U45/><E33/><V58/><F66/><W104/><G49/><T26/><D131/><U105/><E105/><V57/><F57/><W48/><G48/><T96/><D129/><U60/><E14/><V19/><F47/><N who="1" m="17929" /><E78/><V109/><F109/><W115/><G115/><T82/><D26/><U39/><E39/><V64/><F64/><W119/><G119/><T133/><D133/><U23/><E23/><V91/><F100/><W11/><G11/><T6/><D99/><U16/><E16/><V4/><F4/><W70/><G70/><T55/><D82/><U81/><E81/><V75/><F75/><W107/><G89/><T121/><D121/><U116/><E116/><V132/><F132/><W118/><G118/><T130/><D130/><U42/><AGARI ba="0,0" hai="29,30,40,42,43,52,59,60,83,84,88" m="17929" machi="42" ten="30,4000,0" yaku="8,1,54,2" doraHai="71" who="1" fromWho="1" sc="134,-10,172,40,401,-10,293,-20" owari="124,-28,212,-14,391,40,273,2" /></mjloggm>