<mjloggm ver="2.3"><GO type="225"/><UN n0="%E6%A1%9C%E8%8A%B1%E9%96%83%E3%80%85" n1="%E8%B6%85%E3%83%92%E3%83%A2%E3%83%AA%E3%83%AD" n2="%E3%83%81%E3%83%A3%E3%82%AA%E3%83%AA" n3="%E2%98%85%E3%83%A6%E3%83%94%E3%83%86%E3%83%AB%E2%98%85" dan="16,17,17,16" rate="2058,2069,2085,2054" sx="M,F,M,M"/><TAIKYOKU oya="0"/><INIT seed="0,0,0,5,1,53" ten="250,250,250,250" oya="0" hai0="99,36,64,43,57,13,115,111,59,74,60,88,100" hai1="107,119,26,24,83,66,125,122,1,120,3,11,58" hai2="101,55,131,62,129,46,18,124,14,96,63,93,42" hai3="19,77,123,81,31,105,5,95,65,108,15,49,85" shuffle="mt19937ar,54B879BD,89D36B40,33B0AA15,39E6501D,F43FC9F8,96D963A6,33577D3C,A889826F"/><T47/><D115/><U68/><E68/><V29/><F29/><W38/><G105/><T80/><D111/><U90/><E107/><V48/><F124/><W132/><G108/><T41/><D41/><U52/><E66/><V127/><F127/><W39/><G132/><T121/><D121/><U106/><E106/><V51/><F131/><W25/><G123/><T114/><D114/><U70/><E70/><V73/><F73/><W45/><G5/><T134/><D134/><U28/><E125/><V71/><F71/><W44/><G95/><T4/><D4/><U33/><E119/><V91/><F101/><W97/><G97/><T117/><D13/><U32/><E3/><V17/><F129/><W69/><G45/><T112/><D117/><U94/><E83/><V130/><F130/><W40/><G65/><T56/><D112/><U21/><E11/><N who="2" m="6367" /><F18/><W35/><REACH who="3" step="1"/><G69/><REACH who="3" step="2"/><T37/><D47/><AGARI ba="0,1" hai="42,46,47,48,51,55,62,63,91,93,96" m="6367" machi="47" ten="30,1000,0" yaku="8,1" doraHai="53" who="2" fromWho="0" sc="250,-10,250,0,250,20,240,0" /><INIT seed="1,0,0,4,4,15" ten="240,250,270,240" oya="1" hai0="49,28,36,16,115,130,92,2,87,3,35,45,34" hai1="88,133,119,120,31,64,46,86,112,10,124,58,63" hai2="85,0,84,61,82,79,17,128,43,104,134,5,90" hai3="100,91,69,30,27,121,127,8,129,96,47,118,44" shuffle="mt19937ar,62D3D014,C74CE992,4A3C5FFF,0AC7BC0B,67F1E6B0,433A0DFE,3C2431A3,DD991697"/><U114/><E119/><V107/><F134/><W22/><G118/><T52/><D115/><U59/><E120/><V103/><F43/><W116/><G121/><T1/><D130/><U4/><E133/><V77/><F128/><W24/><G129/><T78/><D36/><U132/><E132/><V51/><F51/><W66/><G116/><T131/><D131/><U102/><E124/><V110/><F110/><W33/><G127/><T108/><D108/><U23/><E102/><V53/><F0/><W32/><G91/><T41/><D28/><U48/><E58/><V70/><F5/><W29/><G8/><T12/><D41/><U75/><E75/><V39/><F39/><W11/><G11/><T99/><D87/><U6/><E6/><V71/><F103/><W93/><G22/><T76/><D76/><U38/><E38/><V57/><F77/><W83/><REACH who="3" step="1"/><G83/><REACH who="3" step="2"/><T94/><D78/><U13/><E23/><V18/><F107/><W14/><G14/><T122/><D122/><U105/><E105/><V97/><F104/><W60/><AGARI ba="0,1" hai="24,27,29,30,32,33,44,47,60,66,69,93,96,100" machi="60" ten="30,4000,0" yaku="1,1,0,1,9,1,53,0" doraHai="15" doraHaiUra="117" who="3" fromWho="3" sc="240,-10,250,-20,270,-10,230,50" /><INIT seed="2,0,0,5,0,27" ten="230,230,260,280" oya="2" hai0="4,32,13,5,3,123,44,36,133,100,9,92,75" hai1="25,52,102,67,112,51,114,88,95,17,54,118,72" hai2="125,87,65,73,90,101,116,16,71,108,78,59,11" hai3="62,110,35,68,111,109,96,105,50,129,8,23,76" shuffle="mt19937ar,A449043A,C001CBB9,A4307FD5,F536E84A,9E539B97,5CED41B2,6B5058E3,895FA08F"/><V53/><F116/><W6/><G76/><T49/><D123/><U37/><E72/><V12/><F101/><N who="3" m="62631" /><G50/><T117/><D36/><U31/><E118/><V98/><F98/><W38/><G23/><T21/><D117/><U124/><E37/><V80/><F125/><W134/><G134/><T28/><D75/><U122/><E124/><V77/><F108/><W82/><G82/><T127/><D127/><U85/><E122/><V99/><F99/><W83/><G83/><T22/><D133/><U40/><E40/><V56/><F73/><W106/><G38/><T91/><D100/><U48/><E102/><V94/><F80/><W42/><G42/><T113/><D5/><U64/><E17/><V74/><F74/><W55/><G129/><T41/><D113/><U19/><E19/><V84/><F84/><W89/><G89/><T119/><D119/><U15/><E15/><V45/><F45/><W121/><G121/><T7/><D7/><U131/><E131/><V29/><F29/><W30/><G106/><T26/><REACH who="0" step="1"/><D13/><REACH who="0" step="2"/><U46/><E112/><V128/><F128/><W34/><G6/><T10/><D10/><U93/><E114/><V126/><F126/><W81/><G8/><T43/><D43/><U69/><E69/><V107/><F71/><W39/><G39/><T1/><D1/><U20/><E95/><V104/><F104/><W33/><G68/><T18/><D18/><U24/><E24/><V86/><F107/><W120/><G120/><T66/><D66/><U0/><E0/><V61/><F87/><AGARI ba="0,1" hai="3,4,9,21,22,26,28,32,41,44,49,87,91,92" machi="87" ten="30,3900,0" yaku="1,1,7,1,52,1,53,0" doraHai="27" doraHaiUra="63" who="0" fromWho="2" sc="220,49,230,0,260,-39,280,0" /><INIT seed="3,0,0,3,1,34" ten="269,230,221,280" oya="3" hai0="76,6,115,105,66,100,75,3,79,85,42,4,1" hai1="46,19,29,30,101,12,7,71,93,45,36,99,47" hai2="2,109,123,103,92,25,84,37,57,41,59,80,97" hai3="116,122,83,126,133,96,87,86,120,72,111,26,90" shuffle="mt19937ar,F80085B5,F1A866C9,3E44A90F,488D8D78,E80D331E,A1D97436,F08B3746,57A462BD"/><W28/><G116/><T77/><D75/><U20/><E36/><V15/><F109/><W127/><G111/><T32/><D32/><U106/><E71/><V69/><F69/><W14/><G72/><T98/><D115/><U11/><REACH who="1" step="1"/><E106/><REACH who="1" step="2"/><V62/><F123/><W27/><G122/><T54/><D105/><U18/><E18/><V81/><F37/><W48/><G120/><T60/><D6/><U128/><E128/><V113/><F113/><W67/><G126/><T13/><D4/><U108/><E108/><V119/><F119/><W117/><G127/><T89/><D79/><U74/><E74/><V121/><F121/><W124/><G117/><T22/><D77/><U130/><E130/><V104/><F104/><W112/><G124/><T53/><D76/><U8/><E8/><V82/><F41/><W55/><G112/><T134/><D42/><U95/><E95/><V33/><F81/><W9/><G9/><T52/><D134/><U135/><E135/><V94/><F82/><W44/><G83/><T31/><D31/><U88/><E88/><V24/><F94/><W129/><G28/><T131/><D89/><U58/><E58/><V61/><F59/><W39/><G90/><T107/><D107/><U110/><E110/><V51/><F57/><W49/><G129/><T65/><D131/><U68/><E68/><V10/><F80/><W35/><G133/><T73/><D73/><U64/><E64/><V78/><F92/><W21/><G67/><T132/><D66/><U38/><E38/><V23/><F10/><W50/><G39/><T102/><D132/><RYUUKYOKU ba="0,1" sc="269,-10,220,30,221,-10,280,-10" hai1="7,11,12,19,20,29,30,45,46,47,93,99,101" /><INIT seed="4,1,1,1,1,11" ten="259,250,211,270" oya="0" hai0="68,26,6,56,107,96,98,17,36,74,135,114,125" hai1="86,120,38,126,53,101,24,95,41,31,8,48,92" hai2="109,15,71,118,102,75,81,0,63,72,131,42,10" hai3="62,55,70,128,80,88,117,14,25,1,103,23,60" shuffle="mt19937ar,2C1D29FE,624E8958,18F8320B,55D6AD05,F1292C55,CAEEAFCD,A4F201E2,0D5B74C4"/><T82/><D68/><U113/><E120/><V115/><F0/><W90/><G1/><T39/><D6/><U16/><E38/><V19/><F115/><W40/><G117/><T49/><D114/><U12/><E41/><V110/><F118/><W45/><G128/><T58/><D125/><U3/><E126/><V130/><F42/><W57/><G103/><T65/><D74/><N who="2" m="28202" /><F81/><W121/><G121/><T105/><D82/><U9/><E113/><V100/><F100/><W89/><G70/><T28/><D49/><U94/><E3/><V46/><F46/><W83/><G14/><T78/><D17/><U133/><E133/><V124/><F102/><W13/><G13/><T112/><D112/><U32/><E101/><V34/><F34/><W43/><G60/><T76/><D28/><U18/><E86/><V73/><F124/><W93/><G93/><T67/><REACH who="0" step="1"/><D26/><REACH who="0" step="2"/><U123/><E123/><V87/><F73/><W51/><G43/><T127/><D127/><U27/><E27/><V47/><F110/><W119/><G119/><T52/><D52/><U91/><E18/><AGARI ba="1,2" hai="18,23,25,40,45,51,55,57,62,80,83,88,89,90" machi="18" ten="40,2600,0" yaku="8,1,54,1" doraHai="11" who="3" fromWho="1" sc="249,0,250,-29,211,0,270,49" owari="249,0,221,-13,211,-19,319,32" /></mjloggm>