<mjloggm ver="2.3"><GO type="169"/><UN n0="%E6%B7%B1%E9%B3%A5" n1="%E5%A4%A7%E6%B5%B7%E7%A5%9E" n2="%E3%81%99%E3%81%9A%E3%82%81%E3%82%AF%E3%83%AC%E3%82%A4%E3%82%B8%E3%83%BC" n3="%E3%81%93%E3%81%AE%E3%81%8D%E3%83%BC" dan="16,16,16,17" rate="2029,2033,2117,2054" sx="M,M,M,M"/><TAIKYOKU oya="0"/><INIT seed="0,0,0,2,5,45" ten="250,250,250,250" oya="0" hai0="114,7,132,46,117,68,121,33,97,120,12,57,30" hai1="124,84,63,4,43,59,108,3,66,105,72,107,37" hai2="24,92,69,18,61,87,40,89,135,56,13,64,106" hai3="19,73,36,102,130,79,2,60,118,115,22,42,26" shuffle="mt19937ar,F2D948EF,76709682,1862F7BE,16669CF4,6A7F8D1F,BCD869C5,50CC7578,8E62120C"/><T44/><D68/><U49/><E72/><V31/><F135/><W119/><G115/><T83/><D114/><U94/><E124/><V134/><F134/><W90/><G2/><T62/><D132/><U6/><E108/><V76/><F106/><W41/><G102/><T15/><D117/><U28/><E37/><V11/><F76/><W112/><G112/><T17/><D33/><U39/><E28/><V47/><F69/><W82/><G130/><T27/><D120/><U14/><E39/><V109/><F109/><W127/><G127/><T86/><D97/><U23/><E3/><V54/><F64/><W50/><G36/><T52/><D121/><U81/><E94/><V53/><F53/><W55/><G60/><T133/><D133/><U67/><E67/><V32/><F47/><W48/><G90/><T123/><D123/><U125/><E125/><V85/><F40/><W113/><G113/><T103/><D103/><U29/><E107/><V74/><F74/><W38/><G38/><T96/><D96/><AGARI ba="0,0" hai="11,13,18,24,31,32,54,56,61,85,87,89,92,96" machi="96" ten="30,1000,0" yaku="7,1" doraHai="45" who="2" fromWho="0" sc="250,-10,250,0,250,10,250,0" /><INIT seed="1,0,0,0,4,65" ten="240,250,260,250" oya="1" hai0="83,69,95,117,79,11,45,110,114,15,119,105,55" hai1="130,36,66,131,58,85,104,101,63,19,72,9,33" hai2="29,124,74,30,112,31,54,12,14,135,96,0,127" hai3="1,106,59,4,121,13,77,81,25,17,37,91,47" shuffle="mt19937ar,C46F9FC8,1AEFD148,92B8A066,D5FE527A,5E2136C5,5B422782,8D22E763,10CD2E11"/><U123/><E123/><V133/><F74/><W87/><G121/><T20/><D105/><U68/><E72/><V28/><F0/><W92/><G106/><T21/><D114/><U98/><E36/><V82/><F112/><W107/><G107/><T115/><D115/><U90/><E33/><V122/><F82/><W134/><G134/><N who="2" m="51209" /><F54/><W89/><G25/><T116/><D95/><U129/><E9/><V7/><F96/><W40/><G1/><T73/><D110/><U34/><E34/><V118/><F122/><W52/><G4/><T71/><D45/><U61/><E19/><V60/><F60/><W5/><G5/><T56/><D20/><U111/><E111/><V88/><F30/><W53/><G53/><T70/><D21/><U41/><E41/><V84/><F7/><W78/><G17/><T10/><REACH who="0" step="1"/><D15/><REACH who="0" step="2"/><U99/><E104/><V109/><F109/><W97/><REACH who="3" step="1"/><G13/><REACH who="3" step="2"/><T120/><D120/><U8/><E8/><V67/><F12/><W103/><G103/><T35/><D35/><U22/><E101/><V38/><F14/><W125/><G125/><T113/><D113/><U18/><E22/><V26/><F127/><W32/><G32/><T39/><D39/><U44/><E18/><V94/><F124/><W57/><G57/><T2/><D2/><U42/><E44/><V100/><F38/><W43/><G43/><T75/><D75/><U62/><E42/><V102/><F102/><W3/><G3/><T128/><D128/><U48/><E58/><V6/><F100/><W76/><G76/><T86/><D86/><U108/><E131/><RYUUKYOKU ba="0,2" sc="230,15,250,-15,260,-15,240,15" hai0="10,11,55,56,69,70,71,73,79,83,116,117,119" hai3="37,40,47,52,59,77,78,81,87,89,91,92,97" /><INIT seed="2,1,2,4,1,32" ten="245,235,245,255" oya="2" hai0="90,79,65,70,26,109,50,108,4,120,127,60,58" hai1="1,0,91,77,41,71,47,57,54,36,113,88,66" hai2="75,82,37,40,31,49,19,61,3,112,92,51,123" hai3="64,56,35,135,115,85,7,11,48,133,106,102,67" shuffle="mt19937ar,2DC3C08D,790885C0,DC36B777,A47A8C5C,D23AC4D3,97FEAAB1,E29F7CC5,B3E3DFC8"/><V78/><F123/><W59/><G35/><T55/><D120/><U22/><E113/><V126/><F31/><W116/><G116/><T33/><D127/><U111/><E111/><N who="0" m="42569" /><D79/><U5/><E77/><V12/><F112/><W6/><G115/><T80/><D4/><U30/><E5/><V9/><F126/><W96/><G7/><T121/><D121/><U93/><E91/><V134/><F134/><N who="3" m="51211" /><G85/><N who="0" m="50471" /><D33/><U95/><E95/><V131/><F131/><W28/><G28/><T81/><D26/><U38/><E38/><V27/><F27/><W130/><G130/><T43/><D43/><U99/><E22/><V94/><F37/><W86/><G86/><T74/><D81/><U125/><E30/><V122/><F40/><W69/><G69/><T89/><D89/><U20/><E20/><V8/><F122/><W76/><G76/><T87/><D87/><U73/><E73/><AGARI ba="1,2" hai="50,55,58,60,65,70,73,74" m="50471,42569" machi="73" ten="30,1000,0" yaku="14,1" doraHai="32" who="0" fromWho="1" sc="245,33,235,-13,245,0,255,0" /><INIT seed="3,0,0,0,4,44" ten="278,222,245,255" oya="3" hai0="108,4,30,0,109,35,104,51,122,87,129,92,134" hai1="54,6,123,115,75,40,14,83,74,27,59,29,95" hai2="117,46,3,124,50,82,118,15,72,7,119,8,38" hai3="103,90,79,128,127,99,48,106,77,130,85,112,39" shuffle="mt19937ar,C7D7FB1B,E1F939B1,F6FF3E7A,755DA277,6B202B49,67C30CAC,3743C048,162C8608"/><W89/><G39/><T18/><D104/><U76/><E115/><V28/><F28/><W2/><G2/><T49/><D122/><U13/><E123/><V53/><F124/><W94/><G112/><T60/><D60/><U9/><E40/><V58/><F38/><W111/><G127/><T61/><D61/><U36/><E36/><V66/><F66/><W102/><G48/><N who="0" m="18507" /><D18/><U81/><E95/><V62/><F72/><W23/><G23/><T65/><D65/><U64/><E64/><V17/><F3/><W113/><G113/><T12/><D12/><U71/><E71/><V107/><F107/><W34/><G34/><T22/><D22/><U120/><E14/><V32/><F17/><W86/><G111/><N who="0" m="42571" /><D134/><U47/><E120/><V24/><F118/><W69/><G69/><T132/><D129/><N who="3" m="49769" /><G102/><T11/><D132/><U26/><E47/><V31/><F46/><W80/><AGARI ba="0,0" hai="77,79,80,85,86,89,90,94,99,103,106" m="49769" machi="80" ten="30,6000,0" yaku="19,1,34,2" doraHai="44" who="3" fromWho="3" sc="278,-20,222,-20,245,-20,255,60" /><INIT seed="3,1,0,2,1,70" ten="258,202,225,315" oya="3" hai0="132,108,56,125,82,78,47,87,105,4,120,18,62" hai1="65,37,29,33,48,68,16,117,64,122,20,102,134" hai2="130,22,6,91,28,0,55,85,5,9,11,50,51" hai3="40,49,1,119,71,46,72,95,129,101,135,61,94" shuffle="mt19937ar,7D27EFEF,A69A7FE2,CF21A0D7,53123768,19023314,77D3DE5C,32F64E84,C03A6183"/><W73/><G119/><T45/><D105/><U92/><E122/><V31/><F130/><W93/><G129/><T98/><D120/><U107/><E107/><V106/><F106/><W15/><G1/><T36/><D108/><U96/><E134/><V118/><F118/><W89/><G135/><T38/><D132/><U115/><E115/><V39/><F22/><W97/><G15/><T75/><D125/><U25/><E117/><V32/><F32/><W128/><G128/><T10/><D18/><U12/><E48/><V58/><F39/><W59/><G71/><T69/><D98/><U74/><E74/><V41/><F41/><W27/><G27/><T26/><D26/><U81/><E81/><V14/><REACH who="2" step="1"/><F51/><REACH who="2" step="2"/><W2/><G40/><T113/><D38/><U79/><E37/><V7/><F7/><W112/><G49/><T57/><D36/><U114/><E114/><V66/><F66/><W100/><G112/><T110/><D4/><U123/><E123/><V104/><F104/><W80/><G46/><T8/><D47/><U133/><E133/><V103/><F103/><W83/><G100/><T77/><D45/><U43/><E43/><V124/><F124/><W111/><G101/><T19/><D113/><U35/><E35/><V3/><F3/><W99/><G2/><T76/><D110/><U126/><E126/><V52/><F52/><W17/><G111/><T121/><D121/><U63/><E65/><V42/><F42/><W90/><G61/><T67/><D62/><U84/><E63/><V131/><F131/><W88/><G59/><N who="0" m="22603" /><D67/><U24/><E64/><RYUUKYOKU ba="1,1" sc="258,-10,202,-10,215,30,315,-10" hai2="0,5,6,9,11,14,28,31,50,55,58,85,91" /><INIT seed="4,2,1,0,5,135" ten="248,192,245,305" oya="0" hai0="44,134,48,24,34,86,30,120,107,124,18,108,102" hai1="77,101,10,117,92,25,2,49,75,115,5,59,118" hai2="41,33,91,126,12,103,6,16,127,85,110,51,58" hai3="129,23,88,81,3,89,11,133,32,19,20,52,37" shuffle="mt19937ar,EB7A1369,88D223F2,A41A29F1,ED7476CB,BFC0E2BF,A5B4A8A0,1DCF96A8,0AB0D2C8"/><T14/><D120/><U54/><E115/><V79/><F33/><W119/><G32/><T73/><D73/><U38/><E38/><V61/><F110/><W47/><G119/><T53/><D134/><U35/><E75/><V132/><F79/><W63/><G133/><T64/><D108/><U100/><E77/><V122/><F122/><W123/><G37/><T29/><D29/><U57/><E117/><V21/><F103/><W42/><G42/><T112/><D112/><U130/><E130/><V65/><F132/><W87/><G3/><T28/><D28/><U43/><E43/><V4/><F51/><N who="3" m="28799" /><G129/><T96/><D86/><U95/><E35/><V31/><F31/><W99/><G63/><T68/><D18/><U74/><E74/><V50/><F50/><W60/><G60/><N who="0" m="39943" /><D14/><U97/><E118/><V9/><F41/><W62/><G62/><T70/><D70/><U46/><E25/><V121/><F121/><W67/><G67/><T128/><D128/><U94/><E94/><V90/><F4/><W69/><G69/><T55/><D55/><U131/><E131/><V1/><REACH who="2" step="1"/><F90/><REACH who="2" step="2"/><W114/><G123/><T104/><D104/><U45/><E45/><V109/><F109/><W93/><G114/><T0/><D0/><U39/><E46/><V22/><F22/><W83/><G83/><AGARI ba="2,2" hai="1,6,9,12,16,21,58,61,65,83,85,91,126,127" machi="83" ten="40,8000,1" yaku="1,1,52,2,54,1,53,0" doraHai="135" doraHaiUra="26" who="2" fromWho="3" sc="248,0,192,0,235,106,305,-86" /><INIT seed="5,0,0,1,0,115" ten="248,192,341,219" oya="1" hai0="89,100,98,43,32,87,58,70,113,23,34,52,53" hai1="76,127,10,0,65,91,5,130,95,25,44,132,105" hai2="124,128,20,117,45,11,27,4,106,56,94,50,19" hai3="125,68,73,39,104,112,82,99,69,72,97,60,55" shuffle="mt19937ar,EE075C9C,88C07882,549139E5,CFF05BD3,B2ACC205,1DE446CC,1A3F0972,72BBEAD2"/><U92/><E105/><V16/><F106/><W49/><G39/><T54/><D70/><U66/><E132/><V35/><F35/><W81/><G112/><T28/><D113/><U57/><E130/><V67/><F117/><W119/><G125/><T13/><D43/><U71/><E71/><V12/><F124/><W86/><G104/><T101/><D34/><U6/><E6/><V26/><F128/><W80/><G86/><T15/><D32/><U121/><E121/><V103/><F67/><W40/><G80/><N who="0" m="49383" /><D58/><U37/><E76/><V79/><F56/><W129/><G129/><T134/><D134/><U18/><E95/><V114/><F79/><W122/><G40/><T8/><D98/><U84/><E127/><V96/><F114/><W83/><G83/><T78/><D78/><U59/><E37/><V77/><F77/><W64/><G122/><T110/><D110/><U102/><E44/><V107/><F107/><W93/><G93/><T135/><D135/><U109/><E109/><V21/><F50/><W29/><G69/><T22/><D15/><U62/><E102/><N who="0" m="39529" /><D28/><U63/><E25/><V2/><F45/><W116/><G29/><T74/><D74/><U133/><E133/><V131/><F131/><W36/><G36/><T3/><D3/><AGARI ba="0,0" hai="2,3,4,11,12,16,19,20,21,26,27,94,96,103" machi="3" ten="40,2600,0" yaku="9,1,54,1" doraHai="115" who="2" fromWho="0" sc="248,-26,192,0,341,26,219,0" /><INIT seed="6,0,0,0,0,65" ten="222,192,367,219" oya="2" hai0="123,33,118,84,25,124,11,22,18,64,44,105,16" hai1="129,29,111,115,9,71,46,117,125,106,79,63,48" hai2="116,27,21,59,91,45,54,1,86,52,132,114,128" hai3="26,83,109,3,5,6,49,37,14,70,30,131,20" shuffle="mt19937ar,123E5946,95A0B1DC,19126AC5,3DD8D6AE,82C9202A,46E661C0,DB2759DC,C6637B1B"/><V38/><F116/><W130/><G37/><T103/><D123/><U81/><E106/><V43/><F128/><N who="3" m="49195" /><G109/><T10/><D33/><U98/><E111/><V120/><F120/><W77/><G3/><T121/><D121/><U2/><E129/><V112/><F1/><W82/><G70/><T85/><D124/><U7/><E117/><V0/><F0/><W12/><G49/><T15/><D118/><U69/><E125/><V8/><F8/><N who="3" m="4111" /><G77/><T23/><D64/><U56/><E29/><V50/><F54/><W32/><G6/><T47/><D105/><U88/><E115/><V34/><F34/><W51/><G51/><T94/><D47/><U42/><E56/><V99/><F132/><W58/><G58/><T73/><D44/><U104/><E63/><V107/><F107/><W57/><G57/><T89/><D73/><U113/><E113/><V92/><REACH who="2" step="1"/><F86/><REACH who="2" step="2"/><W87/><G87/><T101/><D85/><U78/><E104/><V31/><AGARI ba="0,1" hai="21,27,31,38,43,45,50,52,59,91,92,99,112,114" machi="31" ten="30,12000,1" yaku="1,1,2,1,0,1,54,1,53,1" doraHai="65" doraHaiUra="90" who="2" fromWho="2" sc="222,-40,192,-40,357,130,219,-40" /><INIT seed="6,1,0,3,5,72" ten="182,152,487,179" oya="2" hai0="95,14,88,36,39,82,21,13,30,133,80,97,117" hai1="93,4,0,73,69,125,123,130,70,51,27,28,24" hai2="115,10,52,57,38,61,66,83,1,42,9,121,45" hai3="114,50,17,122,85,55,37,54,101,68,86,89,104" shuffle="mt19937ar,FABBFF58,E8A2DBF3,61FC05C9,095EE1E8,856B2778,87FD3C2B,A42E46B2,50CF156C"/><V109/><F115/><W65/><G114/><T99/><D39/><U134/><E123/><V116/><F116/><W90/><G37/><T81/><D36/><U58/><E73/><V16/><F121/><W60/><G122/><T7/><D133/><U40/><E134/><V63/><F1/><W92/><G104/><T91/><D117/><U71/><E130/><V102/><F102/><W135/><G101/><T103/><D7/><U105/><E105/><V119/><F109/><W79/><G135/><T11/><D11/><U96/><E125/><V62/><F119/><W32/><G32/><T3/><D3/><U26/><E4/><V48/><F83/><W110/><G110/><T113/><D113/><U75/><E75/><V112/><F112/><W126/><G126/><T31/><D103/><U5/><E5/><V22/><REACH who="2" step="1"/><F66/><REACH who="2" step="2"/><W120/><G120/><T118/><D118/><U12/><E0/><V94/><F94/><W108/><G92/><T106/><D106/><U43/><E93/><V132/><F132/><W100/><G65/><T49/><D95/><U41/><E96/><V6/><F6/><W129/><G100/><T19/><D82/><U59/><E28/><V77/><F77/><W76/><G108/><T131/><D99/><U23/><E51/><V18/><F18/><AGARI ba="1,1" hai="12,18,23,24,26,27,40,41,43,58,59,69,70,71" machi="18" ten="50,3200,0" yaku="29,2" doraHai="72" who="1" fromWho="2" sc="182,0,152,45,477,-35,179,0" /><INIT seed="7,0,0,2,1,104" ten="182,197,442,179" oya="3" hai0="47,92,34,37,4,102,75,24,82,95,50,5,74" hai1="17,118,31,2,68,88,45,134,53,61,110,66,117" hai2="7,36,128,97,14,85,115,103,42,89,56,35,32" hai3="96,80,18,40,38,81,23,60,107,101,6,20,130" shuffle="mt19937ar,42A8D5A0,251C8EA5,B46E9AB3,362CAD44,908979C7,28D991DC,4A12A740,3CD75FE8"/><W41/><G130/><T54/><D37/><U106/><E106/><V22/><F115/><W129/><G129/><T25/><D34/><U123/><E123/><V124/><F124/><W127/><G127/><T65/><D65/><U48/><E110/><V114/><F114/><W16/><BYE who="2" /><G6/><T112/><D112/><U119/><E2/><V28/><F28/><W46/><G41/><T71/><D71/><U43/><E31/><UN n2="%E3%81%99%E3%81%9A%E3%82%81%E3%82%AF%E3%83%AC%E3%82%A4%E3%82%B8%E3%83%BC" /><V133/><F36/><W64/><G23/><T83/><D102/><U99/><E134/><V27/><F56/><W57/><REACH who="3" step="1"/><G18/><REACH who="3" step="2"/><T93/><D5/><U120/><E17/><V79/><F42/><W76/><G76/><T77/><D4/><U78/><E78/><AGARI ba="0,1" hai="24,25,47,50,54,74,75,77,78,82,83,92,93,95" machi="78" ten="40,5200,0" yaku="9,1,52,2" doraHai="104" who="0" fromWho="1" sc="182,62,197,-52,442,0,169,0" owari="244,4,145,-35,442,54,169,-23" /></mjloggm>