<mjloggm ver="2.3"><GO type="185"/><UN n0="%E5%8D%81%E5%85%AD%E5%A4%9C%E2%80%A0%E5%92%B2%E5%A4%9C" n1="%E3%81%9F%E3%82%80%E3%81%A8%E3%83%BC" n2="%E3%80%93%E3%81%84%E3%81%A1%E3%81%AF%E3%82%89%E3%80%93" n3="" dan="16,16,18,0" rate="2149,2162,2242,1500" sx="F,M,M,C"/><TAIKYOKU oya="0"/><INIT seed="0,0,0,0,5,91" ten="350,350,350,0" oya="0" hai0="99,98,79,54,36,71,120,81,65,83,2,88,84" hai1="112,135,111,47,92,55,45,126,119,33,57,76,89" hai2="64,106,39,59,75,110,53,1,102,105,62,72,38" hai3="" shuffle="mt19937ar,099BFB98,E060BAD6,BD7D8EFB,6560638E,0114C1D5,CFDE307C,32E23FFF,7788CB23"/><T116/><N who="0" m="30752" /><T131/><D2/><U118/><E33/><V50/><F1/><T114/><D36/><U48/><E111/><V42/><F110/><T108/><D116/><U35/><E35/><V104/><F102/><T61/><D108/><U124/><E135/><V58/><F42/><T101/><D114/><U129/><E112/><V125/><REACH who="2" step="1"/><F125/><REACH who="2" step="2"/><T134/><D101/><U94/><E126/><V46/><F46/><T93/><D134/><U34/><E124/><V41/><F41/><T60/><D131/><U122/><E129/><V49/><F49/><T121/><N who="0" m="31008" /><T82/><REACH who="0" step="1"/><D79/><REACH who="0" step="2"/><U37/><E122/><V128/><F128/><T68/><D68/><U86/><E34/><V77/><F77/><T100/><D100/><U103/><E37/><AGARI ba="0,2" hai="37,38,39,50,53,58,59,62,64,72,75,104,105,106" machi="37" ten="50,1600,0" yaku="1,1,53,0" doraHai="91" doraHaiUra="95" who="2" fromWho="1" sc="340,0,350,-16,340,36,0,0" /><INIT seed="1,0,0,3,0,81" ten="340,334,376,0" oya="1" hai0="55,101,98,38,44,74,94,0,61,99,62,47,39" hai1="115,111,121,107,92,118,124,112,130,46,33,64,68" hai2="57,116,96,109,34,73,97,79,67,48,131,49,42" hai3="" shuffle="mt19937ar,8DDA46CE,E0739060,C1332D14,F0C779CE,53E25AC9,C2A32365,34F69A63,4D8BC0FB"/><U117/><RYUUKYOKU type="yao9" ba="0,0" sc="340,0,334,0,376,0,0,0" hai1="33,46,64,68,92,107,111,112,115,117,118,121,124,130" /><INIT seed="1,1,0,1,3,94" ten="340,334,376,0" oya="1" hai0="79,111,74,36,114,50,70,48,32,122,71,76,120" hai1="51,53,2,124,61,52,47,75,127,131,93,69,107" hai2="0,84,34,106,62,54,59,133,96,64,58,113,134" hai3="" shuffle="mt19937ar,F9E07A5C,C20DE92E,DF253EDD,7F1CBA3D,173410D2,29DAA31D,8497FB29,70869C02"/><U119/><E2/><V95/><F34/><T105/><N who="0" m="30752" /><T101/><N who="0" m="31264" /><T128/><D32/><U132/><E107/><V44/><F0/><T3/><D36/><U102/><E75/><V92/><F113/><T112/><D3/><U82/><E119/><V103/><F44/><T77/><D74/><U49/><E131/><V125/><F125/><N who="1" m="48201" /><E132/><N who="2" m="50795" /><F84/><T88/><D128/><U1/><E1/><V41/><F41/><T87/><D111/><U91/><E82/><V81/><F81/><T97/><D71/><U65/><E102/><V38/><F38/><T123/><N who="0" m="31520" /><T33/><D70/><U115/><E115/><V121/><N who="2" m="31008" /><V37/><F37/><T60/><D33/><U129/><E129/><V46/><F46/><T116/><D116/><U109/><E109/><V45/><F45/><T63/><D114/><U78/><E78/><V67/><F67/><T56/><D112/><U130/><E130/><V42/><F42/><T135/><D135/><U66/><E66/><V110/><F110/><T43/><D43/><U117/><E117/><V83/><F83/><T85/><D85/><U98/><E47/><V99/><F99/><T55/><REACH who="0" step="1"/><D63/><AGARI ba="1,0" hai="54,58,59,62,63,64,92,95,96,103,106" m="31008,50795" machi="63" ten="30,3900,0" yaku="20,1,52,2" doraHai="94" who="2" fromWho="0" sc="340,-41,334,0,376,41,0,0" /><INIT seed="2,0,0,0,4,36" ten="299,334,417,0" oya="2" hai0="3,49,42,96,41,64,58,55,127,124,86,117,85" hai1="121,130,98,135,48,109,52,131,104,56,110,62,38" hai2="61,82,128,75,118,59,102,94,67,95,76,93,114" hai3="" shuffle="mt19937ar,E0F91B65,5DF92355,9F0C1940,E2DF2F78,DD5D05CF,A15675FB,9C1F9DF7,76E9D148"/><V113/><F118/><T101/><D3/><U35/><E35/><V77/><F128/><N who="1" m="49193" /><E38/><V66/><F102/><T79/><D117/><U73/><N who="1" m="31008" /><U99/><E73/><V43/><F77/><T97/><D64/><U71/><E104/><V91/><F67/><T39/><D39/><U68/><E99/><V57/><F57/><T74/><D74/><U37/><E37/><V120/><N who="2" m="30752" /><V107/><F107/><T115/><D115/><U112/><E98/><N who="0" m="37993" /><D101/><U50/><E135/><V87/><REACH who="2" step="1"/><F43/><REACH who="2" step="2"/><N who="0" m="16394" /><D79/><U70/><E112/><AGARI ba="0,1" hai="59,61,66,75,76,82,87,91,93,94,95,112,113,114" m="30752" machi="112" ten="40,3900,0" yaku="1,1,52,1,53,0" doraHai="36" doraHaiUra="40" who="2" fromWho="1" sc="299,0,334,-39,407,49,0,0" /><INIT seed="2,1,0,4,1,36" ten="299,295,456,0" oya="2" hai0="70,120,104,73,115,52,45,109,102,74,69,40,124" hai1="63,56,38,89,68,131,76,33,54,110,97,95,88" hai2="46,83,84,57,34,125,108,134,1,116,96,105,37" hai3="" shuffle="mt19937ar,7DD9C852,E08E6BC9,BA320ACA,73BD4F9E,AEE5761C,249D4D04,DAEB489B,4C44DA4F"/><V82/><F34/><T135/><N who="0" m="30752" /><T133/><D109/><U71/><E33/><V32/><F1/><T98/><D124/><U60/><E38/><V61/><F32/><T132/><D115/><U39/><E39/><V93/><F125/><T59/><D70/><U43/><E43/><V103/><F116/><T2/><D69/><U85/><E110/><V117/><F117/><T35/><D35/><U72/><E131/><V122/><N who="2" m="31264" /><V107/><F134/><T130/><D130/><U78/><E72/><V41/><F83/><T119/><D119/><U86/><E97/><V53/><REACH who="2" step="1"/><F108/><REACH who="2" step="2"/><T49/><REACH who="0" step="1"/><D2/><REACH who="0" step="2"/><U123/><E123/><V81/><F81/><T90/><D90/><AGARI ba="1,2" hai="37,41,46,53,57,61,82,84,90,93,96,103,105,107" m="31264" machi="90" ten="30,11600,0" yaku="1,1,7,1,52,2,53,0" doraHai="36" doraHaiUra="66" who="2" fromWho="0" sc="289,-118,295,0,446,138,0,0" /><INIT seed="2,2,0,4,4,44" ten="171,295,584,0" oya="2" hai0="62,70,61,32,111,40,74,112,64,118,109,75,73" hai1="117,115,60,95,105,92,68,67,88,42,80,113,131" hai2="101,125,135,65,38,41,43,107,90,72,71,97,127" hai3="" shuffle="mt19937ar,68C6FDE2,B702F58B,648D86BD,8140B112,7C6F8A1A,A111C933,FE2CD45F,8E258402"/><V108/><F72/><T85/><D32/><U98/><E105/><V33/><F33/><T129/><D118/><U78/><E117/><V76/><F135/><T128/><D40/><U77/><E131/><V124/><F76/><T84/><D112/><U3/><E3/><V93/><F108/><T1/><D1/><U63/><E78/><V47/><F43/><T81/><D81/><U91/><E60/><V48/><F65/><T103/><D103/><U53/><E53/><V132/><F71/><T86/><REACH who="0" step="1"/><D61/><REACH who="0" step="2"/><U120/><N who="1" m="30752" /><U123/><N who="1" m="31520" /><U58/><E42/><V55/><F132/><T116/><D116/><U36/><E36/><V114/><F114/><T130/><AGARI ba="2,1" hai="62,64,70,73,74,75,84,85,86,109,111,128,129,130" machi="130" ten="50,6000,1" yaku="1,1,0,1,29,2,19,1,53,0" doraHai="44" doraHaiUra="69" who="0" fromWho="0" sc="161,74,295,-22,584,-42,0,0" /><INIT seed="4,0,0,0,4,113" ten="235,273,542,0" oya="0" hai0="111,123,115,92,63,109,54,41,135,103,128,104,91" hai1="84,68,56,101,46,132,117,40,85,90,0,121,114" hai2="60,119,61,120,88,43,80,76,129,79,122,51,94" hai3="" shuffle="mt19937ar,4E91DCD2,8812950A,44CE84B0,4E031E90,FBED0689,A11D3D32,522317EE,473C9FA3"/><T2/><N who="0" m="31520" /><T99/><D2/><U78/><E68/><V62/><N who="2" m="30752" /><V57/><N who="2" m="31264" /><V83/><F129/><T67/><D115/><U130/><E0/><V35/><F119/><T49/><D128/><U53/><E114/><V97/><F35/><T112/><D41/><U131/><E131/><V65/><F43/><T48/><D112/><U81/><E130/><V134/><F134/><T39/><D39/><U127/><N who="1" m="31008" /><U77/><E132/><V66/><F51/><T110/><D135/><U82/><E127/><V96/><F96/><T59/><REACH who="0" step="1"/><D67/><REACH who="0" step="2"/><U69/><E40/><V64/><F64/><T75/><D75/><U38/><E38/><V105/><F66/><T125/><D125/><U108/><E53/><V106/><F106/><T73/><D73/><U100/><E108/><V33/><F105/><T55/><D55/><U70/><E70/><V118/><F65/><T133/><D133/><U124/><E69/><V3/><F3/><T37/><D37/><U102/><E124/><V89/><F33/><T93/><D93/><U47/><E81/><V71/><F83/><T107/><D107/><U1/><E82/><V32/><F80/><T87/><AGARI ba="0,1" hai="48,49,54,59,63,87,91,92,99,103,104,109,110,111" m="31520" machi="87" ten="30,7800,0" yaku="1,1,0,1,10,1,52,1,53,0" doraHai="113" doraHaiUra="74" who="0" fromWho="0" sc="225,88,273,-39,542,-39,0,0" /><INIT seed="4,1,0,4,4,36" ten="313,234,503,0" oya="0" hai0="84,39,58,67,105,53,69,51,85,37,43,61,88" hai1="108,124,133,106,49,72,32,95,98,93,42,122,74" hai2="76,68,87,135,40,75,100,64,92,77,57,80,103" hai3="" shuffle="mt19937ar,6FEB4B06,931BB97C,66A04324,4EF527E1,7970658D,17A6A6BB,E69AC254,DB6927D8"/><T107/><D85/><U2/><E2/><V115/><F115/><T128/><D128/><U132/><E32/><V83/><F135/><N who="1" m="51785" /><E42/><V78/><F68/><T65/><D65/><U56/><E49/><V109/><F40/><T33/><D33/><U35/><E56/><V66/><F109/><T90/><D90/><U62/><E62/><V99/><F103/><T41/><D41/><U89/><N who="1" m="31264" /><U130/><E35/><V79/><F66/><T102/><D102/><U48/><E48/><V118/><F118/><T46/><REACH who="0" step="1"/><D39/><REACH who="0" step="2"/><U3/><E130/><V134/><F134/><T113/><D113/><U110/><E3/><V91/><F64/><T55/><D55/><U63/><E89/><V44/><F44/><T97/><D97/><U70/><E98/><V114/><F91/><T81/><AGARI ba="1,1" hai="37,43,46,51,53,58,61,67,69,81,84,88,105,107" machi="81" ten="20,12000,2" yaku="1,1,0,1,7,1,24,2,52,1,54,1,53,0" doraHai="36" doraHaiUra="112" who="0" fromWho="0" sc="303,132,234,-61,503,-61,0,0" /><INIT seed="4,2,0,0,2,52" ten="435,173,442,0" oya="0" hai0="51,116,124,37,56,101,45,53,96,86,66,65,134" hai1="84,104,80,102,2,105,48,67,117,73,98,57,115" hai2="107,76,118,47,42,34,119,64,97,71,109,125,82" hai3="" shuffle="mt19937ar,9C44F0F2,B1E40139,D19BA671,7E25C262,6B906200,226A9CDF,D24B1E04,31F18DD8"/><T81/><D116/><U83/><E2/><V70/><F34/><T95/><D134/><U113/><E117/><N who="2" m="44555" /><F109/><T110/><D110/><U33/><E33/><V127/><F97/><T99/><D124/><N who="2" m="47690" /><F107/><T129/><D129/><U44/><E104/><V63/><F82/><T103/><D45/><U92/><E73/><V62/><F76/><T61/><D37/><U90/><E57/><V74/><F74/><T133/><D61/><N who="2" m="23050" /><F64/><T50/><D133/><U87/><E67/><V0/><F0/><T131/><D131/><U35/><E35/><V55/><F55/><T77/><REACH who="0" step="1"/><D50/><AGARI ba="2,0" hai="42,47,50,70,71" m="23050,47690,44555" machi="50" ten="30,7700,0" yaku="12,1,18,1,34,2" doraHai="52" who="2" fromWho="0" sc="435,-81,173,0,442,81,0,0" /><INIT seed="5,0,0,0,4,94" ten="354,173,523,0" oya="1" hai0="35,3,64,53,59,79,70,120,129,113,89,103,84" hai1="63,125,135,74,2,40,110,39,112,102,105,108,69" hai2="1,106,127,78,107,0,80,100,76,111,126,54,114" hai3="" shuffle="mt19937ar,BB82696E,1F332F64,C7BBA8F2,79C22F9C,ACE65BBD,DFA168C3,7D9AE03C,DAFC1108"/><U82/><RYUUKYOKU type="yao9" ba="0,0" sc="354,0,173,0,523,0,0,0" hai1="2,39,40,63,69,74,82,102,105,108,110,112,125,135" /><INIT seed="5,1,0,3,4,114" ten="354,173,523,0" oya="1" hai0="115,42,32,72,47,101,61,118,66,85,92,78,113" hai1="48,64,131,63,71,119,89,36,57,108,109,128,46" hai2="102,129,120,111,68,125,95,86,134,96,122,133,103" hai3="" shuffle="mt19937ar,F5532BEE,89855B23,2ECD83ED,61B41692,9118F4C1,DFD1990F,C8742B07,BE58A8C7"/><U38/><E71/><V45/><N who="2" m="30752" /><V100/><N who="2" m="31264" /><V69/><F111/><N who="1" m="42569" /><E89/><V130/><F125/><T88/><D32/><U33/><E33/><V104/><F45/><T123/><N who="0" m="31520" /><T99/><D78/><U62/><E62/><V44/><F44/><T79/><D72/><U35/><E35/><V49/><F49/><T127/><D79/><U74/><E74/><V84/><F68/><T93/><D127/><U67/><E67/><V110/><F69/><T112/><D118/><U124/><E124/><V52/><F52/><T126/><D126/><U80/><E80/><V3/><F3/><T56/><REACH who="0" step="1"/><D112/><REACH who="0" step="2"/><U77/><E77/><V51/><F110/><T135/><D135/><U73/><E73/><V59/><F134/><T105/><D105/><U97/><E119/><V41/><F104/><T60/><D60/><U81/><E81/><V0/><F133/><T83/><D83/><U132/><E132/><V75/><F75/><T39/><AGARI ba="1,1" hai="39,42,47,56,61,66,85,88,92,93,99,101,113,115" m="31520" machi="39" ten="30,6000,1" yaku="1,1,0,1,52,1,54,1,53,1" doraHai="114" doraHaiUra="54" who="0" fromWho="0" sc="344,72,173,-41,523,-21,0,0" /><INIT seed="6,0,0,2,4,47" ten="416,132,502,0" oya="2" hai0="46,32,110,86,76,63,38,51,114,93,60,73,66" hai1="44,33,130,121,35,106,48,36,68,45,3,58,125" hai2="92,127,49,118,133,71,84,64,90,109,124,120,129" hai3="" shuffle="mt19937ar,D6283A41,F9BD5C52,F4E71F6F,80EBEBC5,46469288,B029CBBE,C598169E,24E87E26"/><V79/><N who="2" m="30752" /><V1/><F1/><T56/><D32/><U103/><E103/><V53/><F118/><T81/><D110/><U112/><E58/><V74/><F109/><T117/><D117/><U80/><E80/><V0/><F0/><T104/><D104/><U75/><E48/><V95/><F133/><T91/><D38/><U57/><E57/><V116/><F116/><T52/><D114/><U88/><E88/><V105/><F105/><T113/><D113/><U2/><E45/><V102/><F129/><T99/><REACH who="0" step="1"/><D63/><REACH who="0" step="2"/><U119/><E33/><V72/><F127/><T96/><AGARI ba="0,1" hai="46,51,52,56,60,66,73,76,81,86,91,93,96,99" machi="96" ten="30,9000,2" yaku="1,1,2,1,0,1,52,1,54,1,53,1" doraHai="47" doraHaiUra="61" who="0" fromWho="0" sc="406,100,132,-30,502,-60,0,0" owari="506,46,102,-50,442,4,0,0" /></mjloggm>