<mjloggm ver="2.3"><GO type="225"/><UN n0="%E3%81%BF%E3%81%A3%E3%81%A4%E3%81%83%EF%BD%9E" n1="%E3%81%B5%E3%82%8B%E3%81%AD%E3%81%93%40%E4%BD%95%E5%88%87%E3%82%8B" n2="%6B%6F%67%65%70%61%6E" n3="%E3%83%80%E3%83%A0%E3%83%9E%E3%83%8B%E3%82%A2" dan="17,16,16,16" rate="2160,2068,2066,2144" sx="F,M,M,M"/><TAIKYOKU oya="0"/><INIT seed="0,0,0,3,2,124" ten="250,250,250,250" oya="0" hai0="71,38,105,116,115,3,102,125,128,20,108,51,109" hai1="11,57,48,58,110,120,134,91,8,130,35,23,70" hai2="101,98,118,79,64,88,121,47,32,63,107,83,132" hai3="31,97,94,127,19,6,114,103,25,74,22,73,55" shuffle="mt19937ar,695A55FC,F1748E5C,B33EC58F,D2BB7905,C8286344,6D3754F6,3A3C26A4,96DD56CC"/><T123/><RYUUKYOKU type="yao9" ba="0,0" sc="250,0,250,0,250,0,250,0" hai0="3,20,38,51,71,102,105,108,109,115,116,123,125,128" /><INIT seed="0,1,0,5,3,24" ten="250,250,250,250" oya="0" hai0="58,44,35,122,91,71,32,109,128,56,98,1,105" hai1="63,125,82,23,89,33,65,38,51,87,30,102,36" hai2="115,53,108,106,45,94,2,133,57,50,64,12,118" hai3="26,19,80,60,52,62,8,95,47,21,69,104,3" shuffle="mt19937ar,4CADC682,07C515A0,35950382,B2C86ACE,2B128935,C923F796,82FAEF60,D1A97AB1"/><T15/><D1/><U48/><E33/><V112/><F2/><W129/><G104/><T130/><D71/><U39/><E125/><V90/><F106/><W120/><G120/><T42/><D122/><U81/><E102/><V79/><F108/><W34/><G129/><N who="0" m="49771" /><D15/><U121/><E82/><V85/><F133/><W27/><G69/><T77/><D77/><U93/><E81/><V76/><F118/><W7/><G80/><T46/><D109/><U114/><E114/><V123/><F123/><W37/><G95/><N who="0" m="56703" /><D46/><U92/><E92/><V132/><F79/><W22/><G34/><N who="0" m="12843" /><D105/><U4/><E121/><V101/><F76/><W83/><G83/><T59/><D59/><U18/><E4/><V70/><F45/><W43/><REACH who="3" step="1"/><G52/><REACH who="3" step="2"/><T11/><D11/><U88/><E93/><V16/><F70/><W73/><G73/><T103/><D103/><U40/><E40/><V28/><F101/><W113/><G113/><T20/><D42/><U10/><E89/><V66/><F115/><W6/><G6/><T67/><D44/><U17/><E88/><V107/><F107/><W5/><G5/><T25/><D67/><N who="2" m="25642" /><F112/><W55/><G55/><T131/><D131/><U13/><E65/><V54/><F54/><W84/><G84/><T126/><D126/><U119/><E87/><V29/><F132/><W68/><G68/><T75/><D75/><U116/><E116/><V97/><F85/><W14/><G14/><T61/><D61/><U0/><E63/><V99/><F99/><W31/><AGARI ba="1,1" hai="3,7,8,19,21,22,26,27,31,37,43,47,60,62" machi="31" ten="20,5200,0" yaku="1,1,0,1,7,1,52,1,53,0" doraHai="24" doraHaiUra="49" who="3" fromWho="3" sc="250,-27,250,-14,250,-14,240,65" /><INIT seed="1,0,0,0,5,43" ten="223,236,236,305" oya="1" hai0="88,12,64,132,9,130,63,48,112,24,51,95,38" hai1="71,58,123,11,85,82,50,74,39,20,106,75,41" hai2="97,26,119,15,83,115,122,125,117,19,99,118,1" hai3="21,37,35,46,79,103,6,121,40,17,108,57,78" shuffle="mt19937ar,09619485,E0294560,DF3129AF,4BE5A75E,87681008,7AA8FB26,3D208FE8,5B398252"/><U13/><E71/><V89/><F122/><W33/><G121/><T120/><D38/><U56/><E39/><V128/><F1/><W94/><G108/><T72/><D72/><U86/><E106/><V90/><F125/><W16/><G6/><T34/><D120/><U54/><E75/><V129/><F26/><W18/><G21/><T134/><D112/><U29/><E74/><V114/><F15/><W81/><G57/><N who="1" m="22122" /><E41/><V61/><F61/><W42/><G42/><T100/><D100/><U62/><E62/><V133/><F19/><W101/><G103/><T126/><D63/><U113/><E113/><N who="2" m="43019" /><F133/><N who="0" m="51306" /><D64/><U10/><E123/><V30/><F30/><W131/><G131/><N who="2" m="50249" /><F83/><W109/><G109/><T52/><D126/><U23/><E82/><V110/><F110/><W7/><G7/><N who="0" m="3135" /><D130/><U111/><E111/><V3/><F3/><W102/><G102/><T0/><D0/><U53/><E29/><V116/><F116/><W68/><G68/><T93/><D52/><N who="1" m="20075" /><E50/><V59/><F59/><W69/><G69/><T44/><D51/><U98/><E11/><V104/><F104/><W60/><G60/><T32/><D48/><U107/><E107/><V45/><F45/><W47/><G47/><T28/><D34/><U76/><E20/><V73/><F73/><W66/><G46/><T92/><D44/><U65/><E23/><V87/><F87/><AGARI ba="0,0" hai="24,28,32,87,88,92,93,95" m="3135,51306" machi="87" ten="30,2000,0" yaku="20,1,54,1" doraHai="43" who="0" fromWho="2" sc="223,20,236,0,236,-20,305,0" /><INIT seed="2,0,0,3,0,104" ten="243,236,216,305" oya="2" hai0="126,16,11,77,3,51,44,30,24,114,125,23,81" hai1="88,40,38,101,70,53,56,67,121,36,123,15,112" hai2="8,62,26,6,9,122,78,65,131,7,74,42,115" hai3="31,106,84,79,85,64,89,68,55,124,132,39,73" shuffle="mt19937ar,63E7FC8F,D252F0CD,FC86BC83,9D95A775,0C2566DD,6AA20C67,E016CC5B,3AF6BA7F"/><V4/><F115/><W22/><G39/><N who="1" m="14890" /><E101/><V97/><F122/><N who="1" m="46601" /><E112/><V71/><F131/><W43/><G43/><T29/><D114/><U32/><E32/><V92/><F42/><W75/><G106/><T18/><D3/><U127/><E15/><V25/><F9/><W80/><G55/><T134/><D134/><U61/><E40/><V35/><F8/><W102/><G64/><T13/><D30/><U76/><E76/><V58/><F71/><W34/><G68/><T108/><D29/><U5/><E5/><V130/><F130/><W52/><G22/><T1/><D1/><U109/><E109/><V12/><F12/><W48/><G31/><T99/><D108/><U105/><E105/><V17/><F35/><W63/><G102/><T0/><D0/><U2/><E2/><V33/><F33/><W54/><G34/><T49/><D99/><U111/><E111/><V133/><F133/><W20/><G132/><T128/><D128/><U82/><E127/><N who="0" m="48649" /><D44/><U57/><E53/><V129/><F129/><W98/><G20/><T90/><D90/><U116/><E116/><V117/><F117/><W66/><G98/><T120/><D120/><U103/><E103/><V95/><F97/><W21/><G21/><T27/><D24/><U19/><E19/><V60/><F17/><W50/><G124/><T96/><D96/><U28/><E28/><V119/><F119/><W59/><G66/><T135/><D135/><U83/><E88/><V37/><F65/><W107/><G107/><T113/><D113/><U118/><E118/><V47/><F6/><W91/><G89/><RYUUKYOKU ba="0,0" sc="243,15,236,15,216,-15,305,-15" hai0="11,13,16,18,23,27,49,51,77,81" hai1="56,57,61,67,70,82,83" /><INIT seed="3,1,0,0,4,128" ten="258,251,201,290" oya="3" hai0="101,23,66,22,52,20,113,37,90,6,126,87,63" hai1="94,103,50,135,130,38,82,104,34,44,40,110,14" hai2="77,75,0,117,29,133,95,99,67,9,1,76,64" hai3="24,86,100,119,127,118,69,107,42,7,12,131,55" shuffle="mt19937ar,95C73EBA,C57D4D64,F4B13335,B7196860,6B1C9F38,CAC0A87A,7F7A3B87,8CCD0DF7"/><W72/><G72/><T8/><D37/><U111/><E104/><V112/><F117/><W57/><G69/><T53/><D113/><U105/><E105/><V68/><F112/><W84/><G42/><T30/><D101/><U65/><E34/><V91/><F29/><W106/><G131/><T61/><D30/><U59/><E130/><V48/><F68/><W125/><G24/><T18/><D18/><U62/><E82/><V45/><F133/><W4/><G12/><N who="0" m="5143" /><D126/><N who="3" m="48137" /><G106/><T56/><D63/><U39/><E135/><V121/><F121/><W70/><G70/><T108/><D108/><N who="1" m="41515" /><E14/><V32/><F32/><W81/><G100/><T74/><D74/><U120/><E120/><V35/><F35/><W122/><G107/><T43/><D43/><U129/><E129/><V88/><F1/><W123/><G122/><T16/><D16/><U54/><E103/><V98/><F0/><W25/><G25/><T78/><D78/><N who="2" m="30314" /><F9/><W5/><G81/><AGARI ba="1,0" hai="20,22,23,52,53,56,61,66,81,87,90" m="5143" machi="81" ten="30,2000,0" yaku="8,1,54,1" doraHai="128" who="0" fromWho="3" sc="258,23,251,0,201,0,290,-23" /><INIT seed="4,0,0,1,2,127" ten="281,251,201,267" oya="0" hai0="97,31,23,33,87,119,46,96,72,34,52,103,19" hai1="84,53,20,80,133,85,39,120,81,3,101,128,112" hai2="8,41,7,51,24,2,6,71,69,82,124,90,26" hai3="60,62,126,64,118,75,109,83,27,43,28,92,42" shuffle="mt19937ar,42036686,50F1A5F8,DEC75AAA,1DD749B1,1D911EB3,8F661791,55426ED6,C35DB521"/><T79/><D72/><U17/><E39/><V16/><F124/><W100/><G109/><T122/><D31/><U55/><E120/><V21/><F6/><W115/><G126/><T22/><D122/><U68/><E3/><V121/><F121/><W9/><G118/><T35/><D119/><U66/><E133/><V111/><F111/><W14/><G115/><T88/><D79/><U129/><E101/><V40/><F26/><W70/><G62/><T91/><D23/><U58/><E68/><V110/><F110/><W56/><G70/><T116/><D116/><U65/><E20/><V30/><F41/><W4/><G83/><T74/><D74/><U113/><E17/><V54/><F40/><W94/><G75/><T32/><D32/><U44/><E58/><V50/><F50/><W1/><G1/><T105/><D97/><U47/><AGARI ba="0,0" hai="44,47,53,55,65,66,80,81,84,85,112,113,128,129" machi="47" ten="25,8000,1" yaku="0,1,22,2,52,2" doraHai="127" who="1" fromWho="1" sc="281,-40,251,80,201,-20,267,-20" owari="241,-11,331,33,181,-22,247,0" /></mjloggm>