<mjloggm ver="2.3"><GO type="225"/><UN n0="%E3%82%88%E3%81%A3%E3%81%A1" n1="%72%61%72%61%70%70%65" n2="%E3%81%B6%E3%81%A3%E3%81%A8%E3%81%B3%E4%BE%8D" n3="%4E%6F%2E%32" dan="16,16,16,16" rate="2081,2053,2074,2063" sx="M,M,M,M"/><TAIKYOKU oya="0"/><INIT seed="0,0,0,1,0,50" ten="250,250,250,250" oya="0" hai0="45,86,68,131,104,72,57,109,61,62,16,107,129" hai1="37,135,20,2,84,19,87,59,88,8,114,123,39" hai2="0,47,25,119,56,108,6,73,76,28,122,43,5" hai3="46,111,102,100,95,11,22,12,51,3,74,34,24" shuffle="mt19937ar,CE3DC0A4,F8D63465,D3D36BA5,F9994399,1D2ACC19,4D63FBAC,A9B7DAE0,C0B7ACDB"/><T21/><D72/><U79/><E123/><V92/><F122/><W44/><G74/><T118/><D118/><U4/><E114/><V53/><F119/><W130/><G130/><N who="0" m="49675" /><D68/><U133/><E79/><V85/><F73/><W116/><G116/><T99/><D45/><U31/><E31/><V54/><F0/><W120/><G34/><T89/><D62/><U134/><E59/><V115/><F115/><W69/><G3/><T110/><D99/><U67/><E67/><V23/><F108/><N who="0" m="41578" /><D89/><U1/><E1/><V63/><F76/><W94/><G69/><T65/><D86/><U38/><REACH who="1" step="1"/><E88/><REACH who="1" step="2"/><N who="2" m="53263" /><F43/><W113/><G111/><T36/><D36/><U55/><E55/><N who="2" m="21003" /><F47/><N who="3" m="17963" /><G120/><T17/><D17/><U7/><E7/><V105/><F105/><W52/><G113/><T18/><D18/><U49/><E49/><V48/><F48/><W128/><G128/><T97/><D97/><U58/><E58/><V117/><F117/><W121/><G121/><T106/><D106/><U71/><E71/><V101/><F101/><W83/><G102/><T96/><D96/><U66/><E66/><AGARI ba="0,1" hai="5,6,23,25,28,56,63,66" m="21003,53263" machi="66" ten="30,8000,1" yaku="8,1,52,3,54,1" doraHai="50" who="2" fromWho="1" sc="250,0,240,-80,250,90,250,0" /><INIT seed="1,0,0,4,3,8" ten="250,160,340,250" oya="1" hai0="27,118,106,125,3,14,100,2,66,9,81,97,119" hai1="117,64,10,101,122,90,79,87,67,134,130,105,17" hai2="71,6,86,52,26,102,48,33,41,65,42,57,110" hai3="7,16,30,22,123,15,80,29,82,43,54,120,60" shuffle="mt19937ar,98EA40A4,CFA043D2,A7F2B69C,0621FD64,A0A7AB43,AB7A4E1F,EEB79033,8FA7170B"/><U114/><E122/><V21/><F110/><W126/><G126/><T53/><D66/><U107/><E117/><V56/><F71/><W72/><G43/><T68/><D68/><U1/><E114/><V85/><F33/><W4/><G120/><T135/><D125/><U77/><E134/><V51/><F6/><N who="3" m="2091" /><G72/><T89/><D135/><U24/><E1/><V128/><F102/><W98/><G98/><T75/><D27/><U108/><E130/><V25/><F128/><W131/><G131/><T59/><D3/><U0/><E0/><V73/><F73/><W112/><G112/><T83/><D2/><U95/><E108/><V63/><F51/><W55/><G123/><T113/><D113/><U35/><E35/><V5/><F5/><W74/><G74/><T49/><D83/><N who="3" m="31785" /><G60/><T84/><REACH who="0" step="1"/><D75/><REACH who="0" step="2"/><U13/><E24/><V88/><F26/><W47/><G47/><T76/><D76/><U127/><E127/><V44/><F44/><W104/><G104/><T12/><D12/><U58/><E107/><V37/><F25/><W115/><G115/><T36/><D36/><U32/><E67/><V38/><F37/><W132/><G132/><T31/><D31/><AGARI ba="0,1" hai="15,16,22,29,30,31,54,55" m="31785,2091" machi="31" ten="30,3900,0" yaku="8,1,52,1,54,1" doraHai="8" who="3" fromWho="0" sc="240,-39,160,0,340,0,250,49" /><INIT seed="2,0,0,4,5,11" ten="201,160,340,299" oya="2" hai0="115,76,99,14,38,43,101,131,106,123,108,20,92" hai1="12,69,30,132,17,16,58,83,91,48,37,77,27" hai2="44,29,128,102,28,64,32,18,103,55,42,21,46" hai3="82,4,133,60,97,107,50,53,104,73,3,118,85" shuffle="mt19937ar,0D9B37D0,A6B280EC,C4EEF343,A2824D30,501249D6,601E2915,D0043F77,F7920750"/><V79/><F128/><W39/><G118/><T7/><D123/><U47/><E69/><V65/><F32/><W90/><G39/><T49/><D115/><U114/><E114/><V36/><F79/><W8/><G73/><T2/><D38/><U100/><E100/><N who="2" m="38443" /><F36/><W112/><G112/><T121/><D121/><U0/><E0/><V10/><F42/><W71/><G133/><T68/><D68/><U96/><E132/><V56/><F10/><W31/><G97/><T86/><D131/><U124/><E124/><V116/><F116/><W93/><G31/><N who="2" m="11849" /><F56/><W111/><G111/><T63/><D108/><U125/><E125/><V87/><F87/><W9/><G9/><T110/><D110/><U135/><E135/><V127/><F127/><W24/><G8/><T52/><D2/><U94/><E37/><V51/><F46/><W72/><G3/><T67/><D43/><U45/><E58/><V134/><F134/><W109/><G71/><T80/><D106/><U23/><E48/><V84/><F84/><W129/><G72/><T81/><D81/><U66/><E66/><N who="2" m="25707" /><F18/><W41/><G107/><T61/><D67/><U113/><E113/><V88/><F21/><W70/><G104/><T119/><D119/><U34/><REACH who="1" step="1"/><E17/><REACH who="1" step="2"/><V40/><F40/><W75/><G70/><T15/><D49/><U59/><E59/><V122/><F122/><W74/><G41/><T120/><D101/><U126/><E126/><V35/><F35/><W98/><G50/><T26/><D120/><U6/><E6/><V13/><F51/><W105/><G109/><T130/><D130/><RYUUKYOKU ba="0,1" sc="201,-10,150,30,340,-10,299,-10" hai1="12,16,23,27,30,34,45,47,77,83,91,94,96" /><INIT seed="3,1,1,0,5,38" ten="191,180,330,289" oya="3" hai0="97,61,39,31,116,133,6,134,129,122,76,50,118" hai1="30,58,55,49,121,53,132,59,71,123,126,77,9" hai2="107,73,7,111,96,21,90,17,51,34,103,108,113" hai3="67,5,127,56,22,114,42,1,13,78,46,11,75" shuffle="mt19937ar,9D21F84E,9671A4A4,6A0198D1,6228F65F,CE25065B,5CB012CF,01429205,2823F886"/><W110/><G114/><T18/><D39/><U112/><E112/><V84/><F34/><W131/><G127/><T83/><D122/><U41/><E30/><V86/><F113/><W119/><G131/><T12/><D129/><U106/><E106/><V104/><F73/><W8/><G119/><T64/><D50/><U3/><E77/><V72/><F72/><W117/><G22/><T4/><D97/><U48/><E3/><V37/><F37/><N who="3" m="21839" /><G117/><T82/><D31/><U88/><E9/><V135/><F86/><W60/><G110/><T130/><D130/><U95/><E126/><V0/><F51/><W26/><G26/><T23/><D83/><U115/><E115/><V109/><F107/><W65/><G11/><T19/><D19/><U47/><E132/><N who="0" m="50793" /><D118/><U35/><E35/><V93/><F135/><W66/><G13/><T68/><D116/><U80/><E80/><AGARI ba="1,1" hai="1,5,8,56,60,65,66,67,75,78,80" m="21839" machi="80" ten="30,2900,0" yaku="25,1,52,1" doraHai="38" who="3" fromWho="1" sc="191,0,180,-32,330,0,289,42" owari="191,-16,148,-25,330,8,331,33" /></mjloggm>