<mjloggm ver="2.3"><GO type="185"/><UN n0="%E5%8D%81%E5%85%AD%E5%A4%9C%E2%80%A0%E5%92%B2%E5%A4%9C" n1="%E5%83%8D%E3%81%8D%E3%81%9F%E3%81%8F%E3%81%AA%E3%81%84" n2="%EF%BC%BC%28%EF%BC%BE%6F%EF%BC%BE%29%EF%BC%8F%E2%98%85" n3="" dan="16,17,17,0" rate="2171,2221,2163,1500" sx="F,M,M,C"/><TAIKYOKU oya="0"/><INIT seed="0,0,0,0,1,48" ten="350,350,350,0" oya="0" hai0="130,101,79,116,57,121,106,42,81,105,56,74,110" hai1="98,93,1,127,40,135,85,94,36,114,39,131,91" hai2="129,53,125,46,59,0,58,71,104,119,73,86,68" hai3="" shuffle="mt19937ar,21A42FB4,46811646,93B65794,6A249385,37CCEB80,727B1228,3AA8235E,78728F78"/><T63/><N who="0" m="31008" /><T126/><D116/><U69/><E1/><V90/><F0/><T66/><D42/><U70/><E131/><V50/><F73/><T51/><D130/><U113/><E135/><V88/><F129/><T78/><D78/><U124/><E40/><V102/><F119/><T92/><D126/><N who="1" m="48171" /><E69/><V83/><F125/><T64/><D110/><U111/><E70/><V117/><F117/><T3/><D3/><U75/><E111/><V132/><F132/><T89/><D101/><U54/><E75/><V62/><F59/><T44/><D44/><U134/><E134/><V61/><F61/><T65/><D51/><U109/><E54/><V52/><REACH who="2" step="1"/><F90/><REACH who="2" step="2"/><T84/><REACH who="0" step="1"/><D56/><REACH who="0" step="2"/><U123/><N who="1" m="31520" /><U133/><E133/><V122/><N who="2" m="31264" /><V41/><F41/><T32/><D32/><U120/><N who="1" m="30752" /><U67/><E109/><V77/><F77/><T49/><D49/><U99/><E39/><V112/><F112/><T35/><D35/><U95/><E36/><V43/><F43/><T80/><D80/><U103/><E114/><V2/><F2/><T100/><D100/><U82/><E113/><V107/><F107/><AGARI ba="0,2" hai="57,63,64,65,66,74,79,81,84,89,92,105,106,107" m="31008" machi="107" ten="40,7700,0" yaku="1,1,52,1,53,1" doraHai="48" doraHaiUra="87" who="0" fromWho="2" sc="340,97,350,0,340,-77,0,0" /><INIT seed="0,1,0,5,1,118" ten="437,350,263,0" oya="0" hai0="64,124,57,101,74,43,34,71,3,83,70,91,95" hai1="85,80,58,69,39,117,61,72,68,59,84,45,127" hai2="119,112,92,1,94,89,100,129,109,60,88,81,103" hai3="" shuffle="mt19937ar,D326FA42,5D131211,DCF62208,CE430DDE,5CF69C97,232377F5,CC5D35B1,666BC52F"/><T41/><D3/><U131/><E117/><V76/><F119/><T40/><D34/><U130/><E72/><V86/><F1/><T121/><N who="0" m="31008" /><T36/><D36/><U32/><E32/><V55/><F112/><T132/><D101/><U79/><E127/><V102/><F129/><N who="1" m="49161" /><E85/><V54/><F109/><T128/><D128/><U105/><E105/><V135/><F135/><T104/><D104/><U78/><E78/><V50/><F60/><T97/><D124/><U134/><E134/><V113/><F113/><T52/><D64/><U114/><E114/><V66/><F66/><T77/><REACH who="0" step="1"/><D132/><REACH who="0" step="2"/><U56/><E61/><AGARI ba="1,1" hai="40,41,43,52,57,61,70,71,74,77,83,91,95,97" m="31008" machi="61" ten="40,12000,1" yaku="1,1,2,1,52,2,54,1,53,0" doraHai="118" doraHaiUra="62" who="0" fromWho="1" sc="427,132,350,-122,263,0,0,0" /><INIT seed="0,2,0,0,0,96" ten="559,228,263,0" oya="0" hai0="83,106,67,66,41,33,82,133,35,104,59,69,91" hai1="118,52,65,114,75,72,110,131,73,101,115,36,89" hai2="93,46,105,129,88,56,94,1,43,78,44,111,109" hai3="" shuffle="mt19937ar,C21E6EBE,156D640B,75B8E8EA,3562EEEE,904A4838,92A285D5,D7330E78,C068D1D1"/><T108/><D69/><U100/><E36/><V116/><F1/><T97/><D41/><U38/><E38/><V130/><F105/><T74/><D133/><U112/><E65/><V128/><F116/><T60/><D108/><U102/><E110/><N who="2" m="41995" /><F78/><T34/><D67/><U48/><E118/><V81/><F56/><T98/><D74/><U125/><E131/><V70/><F70/><T49/><D49/><U103/><N who="1" m="25600" /><DORA hai="54" /><U134/><E134/><V95/><F43/><T85/><REACH who="0" step="1"/><D82/><REACH who="0" step="2"/><U42/><E42/><V87/><AGARI ba="2,1" hai="44,46,81,87,88,93,94,95,128,129,130" m="41995" machi="87" ten="40,3900,0" yaku="19,1,14,1,54,1" doraHai="96,54" who="2" fromWho="2" sc="549,-28,228,-15,263,53,0,0" /><INIT seed="1,0,0,0,5,60" ten="521,213,316,0" oya="1" hai0="63,111,95,94,77,49,61,32,1,78,55,52,72" hai1="33,59,105,79,39,62,97,41,84,81,67,92,112" hai2="83,66,46,121,104,37,54,38,98,122,113,50,103" hai3="" shuffle="mt19937ar,50F70FA9,BC50FE97,90A396D2,7957B449,C658CC6F,0E69D40C,7F5DDCA5,0FD32FDD"/><U44/><E112/><V123/><N who="2" m="31008" /><V71/><N who="2" m="31264" /><V65/><N who="2" m="31520" /><V106/><F113/><T118/><D1/><U68/><E33/><V36/><F71/><T48/><D32/><U96/><E105/><V73/><REACH who="2" step="1"/><F106/><REACH who="2" step="2"/><T125/><D118/><U110/><E110/><V47/><F47/><T89/><D111/><U70/><REACH who="1" step="1"/><E97/><REACH who="1" step="2"/><V128/><F128/><T114/><D114/><U91/><AGARI ba="0,2" hai="39,41,44,59,62,67,68,70,79,81,84,91,92,96" machi="91" ten="20,8000,1" yaku="1,1,2,1,0,1,7,1,52,1,53,0" doraHai="60" doraHaiUra="120" who="1" fromWho="1" sc="521,-40,203,100,306,-40,0,0" /><INIT seed="1,1,0,1,2,62" ten="481,303,266,0" oya="1" hai0="50,55,115,106,132,44,35,85,81,84,86,47,70" hai1="87,131,56,134,43,103,120,127,72,130,96,94,0" hai2="105,80,122,73,60,34,114,88,83,32,1,64,107" hai3="" shuffle="mt19937ar,89CB066A,4A5BD341,1E139B59,22FF5F6B,DA63897C,F22DB57D,F2AE8BD6,49300B68"/><U133/><N who="1" m="30752" /><U117/><E0/><V69/><N who="2" m="31264" /><V89/><F1/><T109/><D35/><U90/><E43/><V36/><F36/><T68/><D115/><U79/><E56/><V41/><F41/><T113/><D113/><U78/><E117/><V110/><F114/><T125/><D106/><U102/><E102/><V54/><F110/><T75/><D109/><U67/><E67/><V51/><F32/><T40/><D132/><N who="1" m="50795" /><E127/><V39/><F39/><T118/><D118/><U99/><E99/><V46/><F34/><T123/><N who="0" m="31520" /><T66/><D125/><U53/><E53/><V76/><F107/><T119/><D119/><U111/><E111/><V45/><F105/><T49/><D66/><U97/><E97/><V33/><F33/><T63/><D40/><U129/><E72/><V93/><F46/><T100/><D44/><U61/><E61/><V74/><F93/><AGARI ba="1,0" hai="78,79,87,90,93,94,96,103,129,130,131" m="50795,30752" machi="93" ten="40,12000,1" yaku="19,1,20,1,34,2,52,1" doraHai="62" who="1" fromWho="2" sc="481,0,303,122,266,-122,0,0" /><INIT seed="1,2,0,2,0,105" ten="481,425,144,0" oya="1" hai0="112,55,78,84,91,77,101,3,107,38,90,1,100" hai1="135,34,74,108,119,122,56,61,36,132,133,73,42" hai2="64,134,52,45,49,46,51,131,35,95,0,96,111" hai3="" shuffle="mt19937ar,B943A8D0,91DCAC6E,D19794A8,764CD526,44CF0B99,465820DA,17BB0ACA,A85C599B"/><U104/><N who="1" m="31264" /><U67/><E119/><V62/><F0/><T41/><D112/><U120/><N who="1" m="30752" /><U127/><E34/><V54/><F35/><T86/><D55/><U63/><E104/><V85/><F134/><T79/><D41/><U83/><E127/><V69/><F131/><T92/><D38/><U89/><E108/><V65/><F111/><T125/><D125/><U130/><E130/><V97/><F65/><T116/><D116/><U33/><E33/><V93/><F93/><T66/><D66/><U118/><E118/><V53/><F53/><T60/><D60/><U114/><E114/><V59/><F69/><T80/><D3/><U129/><E129/><V37/><F37/><T128/><D1/><U72/><E89/><AGARI ba="2,0" hai="45,46,49,51,52,54,59,62,64,85,89,95,96,97" machi="89" ten="40,5200,0" yaku="9,1,8,1,54,1" doraHai="105" who="2" fromWho="1" sc="481,0,425,-56,144,56,0,0" /><INIT seed="2,0,0,1,1,73" ten="481,369,200,0" oya="2" hai0="62,102,82,59,97,63,1,68,81,104,39,60,57" hai1="130,38,98,74,37,123,134,47,43,32,127,115,42" hai2="80,61,108,110,131,105,53,107,119,118,117,54,49" hai3="" shuffle="mt19937ar,CB235EF7,6A6330C7,64DC9703,5230C290,0270E625,F4DD3322,DD2D3CF4,DDF5A58C"/><V76/><F131/><T86/><D1/><U101/><N who="1" m="31520" /><U111/><E130/><V45/><F54/><T72/><D68/><U120/><N who="1" m="30752" /><U52/><E115/><V113/><F113/><T93/><D39/><U100/><E32/><V58/><F105/><T78/><REACH who="0" step="1"/><D104/><REACH who="0" step="2"/><U124/><E37/><V34/><F107/><T56/><D56/><U75/><E38/><V44/><F34/><T69/><D69/><U125/><E127/><V95/><F95/><T71/><D71/><U92/><E92/><V84/><REACH who="2" step="1"/><F45/><REACH who="2" step="2"/><T128/><D128/><U133/><E47/><V87/><F87/><T33/><D33/><U83/><E124/><V66/><AGARI ba="0,2" hai="44,49,53,58,61,66,76,80,84,108,110,117,118,119" machi="66" ten="40,8000,1" yaku="1,1,0,1,52,1,53,1" doraHai="73" doraHaiUra="77" who="2" fromWho="2" sc="471,-40,369,-40,190,100,0,0" /><INIT seed="2,1,0,0,4,86" ten="431,329,290,0" oya="2" hai0="99,61,107,46,2,72,106,60,135,104,41,52,56" hai1="88,68,63,37,120,109,118,66,39,130,116,47,78" hai2="119,43,108,44,103,134,0,102,53,65,64,97,87" hai3="" shuffle="mt19937ar,D3E8DF3E,F3AAF8D9,10743A2B,1399AD1F,E81FF1F7,C8EBE2BD,70AED8A2,CAFA6121"/><V125/><F119/><N who="1" m="45609" /><E130/><V126/><F0/><T85/><D2/><U48/><N who="1" m="30752" /><U77/><E109/><V128/><F134/><T80/><D72/><U59/><E78/><V3/><F3/><T70/><D135/><U1/><E77/><V40/><F128/><T133/><D133/><U82/><E1/><V62/><F108/><T111/><D111/><U110/><E110/><V94/><F103/><T34/><D34/><U74/><E74/><V49/><F65/><T42/><D99/><U45/><E82/><V122/><N who="2" m="31264" /><V93/><F126/><T67/><REACH who="0" step="1"/><D46/><REACH who="0" step="2"/><U92/><E47/><V36/><F125/><T73/><D73/><U55/><E45/><V129/><F129/><T90/><AGARI ba="1,1" hai="41,42,52,56,60,61,67,70,80,85,90,104,106,107" machi="90" ten="30,9000,2" yaku="1,1,0,1,52,1,54,1,53,2" doraHai="86" doraHaiUra="58" who="0" fromWho="0" sc="421,102,329,-31,290,-61,0,0" /><INIT seed="4,0,0,2,2,58" ten="523,298,229,0" oya="0" hai0="90,113,61,127,47,59,93,74,129,46,106,97,45" hai1="78,48,75,88,53,92,60,124,87,65,3,37,101" hai2="55,119,49,57,110,43,83,67,76,38,122,42,77" hai3="" shuffle="mt19937ar,5B625306,0AD5C32F,C1E370AC,D58E662D,11BACC99,B82B6AD4,3B8EBA84,38050D47"/><T103/><D74/><U34/><E34/><V63/><N who="2" m="31264" /><V104/><F110/><T130/><D113/><U1/><E37/><V73/><F119/><T41/><D41/><U32/><E32/><V100/><F38/><T52/><REACH who="0" step="1"/><D127/><REACH who="0" step="2"/><U84/><E124/><V91/><F42/><T105/><D105/><U116/><E75/><V70/><F43/><T102/><D102/><U132/><E101/><V108/><F108/><T89/><D89/><U51/><E88/><V111/><F111/><T69/><D69/><U118/><E118/><V33/><F33/><T40/><D40/><U125/><E125/><V109/><F109/><T133/><D133/><U56/><E132/><V36/><F36/><T94/><D94/><U68/><E92/><V131/><F91/><T66/><D66/><U123/><E65/><V115/><F115/><T72/><D72/><U95/><E68/><V50/><F77/><T81/><D81/><U98/><E78/><V121/><N who="2" m="31008" /><V0/><F100/><T135/><D135/><U82/><N who="1" m="31520" /><U80/><E95/><V99/><F104/><T62/><D62/><U79/><E60/><V114/><F63/><T39/><D39/><U2/><E80/><V128/><F114/><T96/><AGARI ba="0,1" hai="45,46,47,52,59,61,90,93,96,97,103,106,129,130" machi="96" ten="30,12000,2" yaku="1,1,5,1,0,1,52,1,54,1,53,1" doraHai="58" doraHaiUra="86" who="0" fromWho="0" sc="513,130,298,-60,229,-60,0,0" /><INIT seed="4,1,0,2,1,112" ten="643,238,169,0" oya="0" hai0="102,76,91,57,87,70,34,55,94,101,96,103,99" hai1="89,65,117,109,3,36,53,110,79,111,54,126,81" hai2="92,106,68,64,52,66,123,86,56,1,75,35,49" hai3="" shuffle="mt19937ar,AE6D6FDB,9D0FD38D,2B6E2C22,CB1121C3,A973F2A6,64A0AA81,E77E7F6B,5629D600"/><T125/><D34/><U113/><E113/><V133/><N who="2" m="31520" /><V39/><F35/><T60/><D70/><U129/><E3/><V32/><F32/><T47/><D125/><U119/><E126/><V71/><F1/><T132/><D132/><U80/><E36/><V114/><F106/><T130/><D130/><U88/><E129/><V50/><F75/><T77/><REACH who="0" step="1"/><D47/><REACH who="0" step="2"/><U44/><E44/><V61/><F133/><T63/><D63/><U62/><E62/><V118/><F114/><T124/><D124/><U134/><E134/><V98/><F71/><T43/><D43/><U90/><E110/><V46/><F68/><T74/><D74/><U135/><E135/><V116/><F61/><T128/><D128/><U2/><E2/><V48/><F46/><T82/><D82/><U73/><E81/><V122/><N who="2" m="31264" /><V51/><F39/><T115/><D115/><U38/><E38/><V78/><F50/><T33/><D33/><U127/><E111/><V93/><F51/><T107/><D107/><U85/><E127/><V42/><F42/><T105/><D105/><U59/><E109/><V69/><F69/><T121/><N who="0" m="31008" /><T97/><AGARI ba="1,1" hai="55,57,60,76,77,87,91,94,96,97,99,101,102,103" m="31008" machi="97" ten="30,12000,2" yaku="1,1,4,1,0,1,8,1,52,1,53,1" doraHai="112" doraHaiUra="84" who="0" fromWho="0" sc="633,132,238,-61,169,-61,0,0" /><INIT seed="4,2,0,4,0,72" ten="765,177,108,0" oya="0" hai0="118,86,80,111,134,105,93,89,84,126,113,79,2" hai1="67,47,64,85,46,69,81,104,55,116,38,49,88" hai2="40,102,122,127,99,37,109,115,70,133,76,0,130" hai3="" shuffle="mt19937ar,2FA8D0B9,F1AABB5F,6A25FF3B,102EACA0,33D4FDD4,D6BFB305,C332935C,4482FEE9"/><T36/><D2/><U44/><E116/><V98/><RYUUKYOKU type="yao9" ba="2,0" sc="765,0,177,0,108,0,0,0" hai2="0,37,40,70,76,98,99,102,109,115,122,127,130,133" /><INIT seed="4,3,0,2,2,75" ten="765,177,108,0" oya="0" hai0="86,122,97,60,111,65,106,37,81,54,68,76,61" hai1="117,32,121,79,56,39,99,127,3,114,101,43,58" hai2="50,2,64,78,85,66,42,113,36,131,89,120,100" hai3="" shuffle="mt19937ar,560132C4,08A60BFC,938DF665,ECD5BE5F,40EE92B4,F2C05118,6EA60019,90F879AC"/><T46/><N who="0" m="31264" /><T93/><D111/><U105/><N who="1" m="31008" /><U88/><E117/><V38/><N who="2" m="30752" /><V112/><F2/><T63/><D106/><U115/><E32/><V123/><N who="2" m="31520" /><V83/><F100/><T33/><D33/><U45/><E3/><V84/><F131/><T52/><D37/><U55/><E127/><V35/><F35/><T70/><D46/><U51/><E79/><V132/><F132/><T62/><REACH who="0" step="1"/><D70/><REACH who="0" step="2"/><U72/><E39/><V103/><F38/><T104/><D104/><U53/><E105/><V41/><F36/><T0/><D0/><U126/><E45/><V49/><F113/><T107/><D107/><U48/><E115/><V74/><F112/><T73/><D73/><U125/><E72/><V119/><F74/><T80/><D80/><U116/><E114/><V129/><F129/><T69/><D69/><U1/><E1/><V67/><F119/><T47/><D47/><U128/><E116/><V109/><F109/><T59/><D59/><U108/><E56/><V95/><F103/><AGARI ba="3,1" hai="52,54,60,61,62,63,65,68,76,81,86,93,97,103" m="31264" machi="103" ten="40,12000,1" yaku="1,1,52,2,54,1,53,0" doraHai="75" doraHaiUra="134" who="0" fromWho="2" sc="755,136,177,0,108,-126,0,0" owari="891,84,177,-22,-18,-62,0,0" /></mjloggm>