<mjloggm ver="2.3"><GO type="225"/><UN n0="%E3%83%80%E3%83%A0%E3%83%9E%E3%83%8B%E3%82%A2" n1="%E5%85%AD%E5%88%86%E5%84%80" n2="%72%61%72%61%70%70%65" n3="%E3%83%9B%E3%83%A2%E3%83%8F%E3%83%A0" dan="16,18,16,16" rate="2145,2134,2048,2068" sx="M,F,M,M"/><TAIKYOKU oya="0"/><INIT seed="0,0,0,3,3,26" ten="250,250,250,250" oya="0" hai0="125,49,21,60,134,122,10,84,78,133,73,53,36" hai1="129,127,37,81,55,113,22,32,98,108,62,97,16" hai2="126,77,89,95,68,3,23,1,59,96,74,107,121" hai3="76,41,112,80,118,116,85,124,104,54,119,33,91" shuffle="mt19937ar,EB6E0983,97076237,D65E6DA5,F1F171BF,532D175C,64014183,181A8582,C0775C49"/><T56/><D36/><U66/><E32/><V83/><F68/><W63/><G112/><T70/><D73/><U69/><E37/><V45/><F121/><W109/><G124/><T103/><D103/><U65/><E127/><V67/><F126/><W19/><G109/><T8/><D125/><U115/><E108/><V28/><F45/><W14/><G104/><T75/><D75/><U24/><E129/><V102/><F67/><W128/><G128/><T114/><D122/><U12/><E66/><V111/><F111/><W47/><G33/><T29/><D114/><N who="1" m="43531" /><E55/><V79/><F77/><W92/><G54/><T82/><D70/><U105/><E105/><V120/><F59/><W46/><G63/><T101/><D101/><U99/><E81/><V64/><F64/><W94/><G92/><T31/><D60/><U25/><AGARI ba="0,0" hai="12,16,22,24,25,62,65,69,97,98,99" m="43531" machi="25" ten="40,2700,0" yaku="11,1,54,1" doraHai="26" who="1" fromWho="1" sc="250,-13,250,27,250,-7,250,-7" /><INIT seed="1,0,0,1,0,119" ten="237,277,243,243" oya="1" hai0="15,98,101,114,77,22,116,94,0,35,44,33,132" hai1="87,49,126,54,63,88,53,131,65,113,46,118,100" hai2="37,121,92,41,81,108,66,111,48,86,47,30,78" hai3="23,16,31,29,115,69,95,60,76,91,120,8,67" shuffle="mt19937ar,30A9FE15,37DE0BB3,F7E07D21,D76DE0D1,C8C176FA,8A24A909,3C8CC1C8,F0F14751"/><U107/><E113/><V105/><F105/><W75/><G115/><T7/><D0/><U103/><E118/><V5/><F30/><W68/><G68/><T89/><D114/><U85/><E126/><V72/><F66/><W19/><G120/><T26/><D116/><U17/><E131/><V80/><F92/><W90/><G76/><T112/><D112/><U56/><E107/><V83/><F81/><W129/><G75/><T58/><D132/><U38/><E38/><V73/><F37/><W18/><G129/><T9/><D77/><U61/><E17/><V32/><F32/><W21/><G8/><T2/><D44/><U57/><E87/><V45/><F45/><W133/><G133/><T97/><D58/><U27/><E27/><V74/><F121/><W42/><G42/><T128/><D2/><U55/><E65/><V39/><F39/><W3/><G3/><T62/><D62/><U12/><E12/><V14/><REACH who="2" step="1"/><F83/><AGARI ba="0,0" hai="46,49,53,54,55,56,57,61,63,83,85,88,100,103" machi="83" ten="30,11600,0" yaku="7,1,9,1,8,1,54,1" doraHai="119" who="1" fromWho="2" sc="237,0,277,116,243,-116,243,0" /><INIT seed="1,1,0,1,0,122" ten="237,393,127,243" oya="1" hai0="27,30,20,8,132,87,111,71,128,135,103,0,85" hai1="33,107,72,48,66,46,77,28,113,40,110,24,50" hai2="7,121,56,31,52,61,58,127,59,22,45,11,90" hai3="105,64,34,108,130,86,95,4,69,112,75,123,3" shuffle="mt19937ar,02CE7E40,B9B0FAFB,AD20FA6C,20871D16,9856FA34,C18B049E,A5EBACF8,311C463F"/><U1/><E113/><V60/><F121/><W124/><G95/><T49/><D71/><U39/><E107/><V62/><F127/><W14/><G86/><T98/><D128/><U13/><E1/><V41/><F90/><W80/><G80/><T134/><D49/><U119/><E119/><V83/><F83/><W42/><G42/><T37/><D37/><U57/><E72/><V106/><F106/><W9/><G64/><T84/><D8/><U38/><E77/><V91/><F91/><W76/><G14/><T5/><D5/><U29/><E29/><V81/><F81/><W94/><G94/><N who="0" m="58839" /><D0/><U26/><E26/><V17/><F31/><W116/><G9/><T99/><D99/><U36/><E13/><V19/><F22/><W10/><G10/><T68/><D68/><U129/><E129/><V16/><F7/><W15/><G15/><T21/><D21/><U55/><REACH who="1" step="1"/><E66/><REACH who="1" step="2"/><V43/><REACH who="2" step="1"/><F11/><REACH who="2" step="2"/><W89/><G76/><T78/><D78/><U18/><E18/><V104/><F104/><W100/><G4/><T63/><D30/><U67/><E67/><V73/><F73/><W23/><G23/><T118/><D20/><U44/><E44/><V101/><F101/><W109/><G100/><T53/><D118/><U133/><E133/><V65/><F65/><W115/><G89/><T2/><D2/><U79/><E79/><V96/><F96/><W125/><G125/><T35/><D27/><U74/><E74/><V54/><F54/><W12/><G115/><T47/><D47/><U25/><E25/><V102/><F102/><W82/><G112/><RYUUKYOKU ba="1,2" sc="237,-15,383,15,117,15,243,-15" hai1="24,28,33,36,38,39,40,46,48,50,55,57,110" hai2="16,17,19,41,43,45,52,56,58,59,60,61,62" /><INIT seed="1,2,2,0,2,28" ten="222,398,132,228" oya="1" hai0="16,81,75,127,69,66,63,83,135,7,117,55,101" hai1="62,33,108,72,12,99,95,21,56,37,6,48,128" hai2="77,129,122,40,121,112,133,42,30,90,79,15,107" hai3="10,43,32,114,125,78,39,31,74,24,38,45,2" shuffle="mt19937ar,38CD8C3A,4AC85AFB,BFC71236,6ECF4D49,60E0CCF1,C4B3CD9B,214460BD,9A050900"/><U22/><E37/><V92/><F107/><W57/><G57/><T59/><D117/><U80/><E33/><V115/><F133/><W18/><G114/><N who="2" m="43561" /><F30/><W17/><G125/><T123/><D123/><N who="2" m="47114" /><F15/><W13/><G38/><T126/><D101/><U64/><E128/><V67/><F67/><W5/><G13/><T113/><D113/><U89/><E108/><V98/><F129/><W124/><G124/><N who="0" m="47659" /><D135/><U111/><E111/><V120/><N who="2" m="47122" /><V110/><DORA hai="73" /><F110/><W35/><REACH who="3" step="1"/><G35/><REACH who="3" step="2"/><T119/><D119/><U134/><E134/><V93/><F93/><W27/><G27/><T49/><D83/><AGARI ba="2,3" hai="2,5,10,17,18,24,31,32,39,43,45,74,78,83" machi="83" ten="40,12000,2" yaku="1,1,25,2,52,2,53,1" doraHai="28,73" doraHaiUra="3,100" who="3" fromWho="0" sc="222,-126,398,0,132,0,218,156" /><INIT seed="2,0,0,4,0,22" ten="96,398,132,374" oya="2" hai0="99,110,82,78,94,108,38,61,40,9,98,2,66" hai1="129,53,120,46,44,84,118,4,36,132,57,30,15" hai2="3,21,55,83,20,127,75,54,17,24,105,25,130" hai3="5,6,63,27,93,39,135,122,77,124,71,91,51" shuffle="mt19937ar,C37537A1,74593C69,9D0BAA05,B10CFD27,823730BB,BBA1A3DD,9BE075D0,BB2B6085"/><V65/><F105/><W59/><G39/><T62/><D40/><U131/><E118/><V52/><F130/><N who="1" m="49673" /><E132/><V13/><F127/><W45/><G135/><T92/><D38/><U73/><E73/><V7/><F3/><W14/><G122/><T96/><D9/><N who="1" m="4519" /><E120/><V60/><F7/><W42/><G71/><T112/><D2/><U18/><E30/><V113/><F113/><W104/><G104/><T69/><D112/><U121/><E121/><V128/><F128/><W26/><G77/><T32/><D32/><U119/><E119/><V126/><F126/><W125/><G125/><T134/><D134/><U114/><E114/><V8/><F75/><W41/><G41/><T103/><D62/><N who="1" m="36143" /><E36/><V95/><F83/><W29/><G29/><T90/><REACH who="0" step="1"/><D98/><REACH who="0" step="2"/><U58/><E84/><AGARI ba="0,1" hai="61,66,69,78,82,84,90,92,94,96,99,103,108,110" machi="84" ten="40,2600,0" yaku="1,1,2,1,53,0" doraHai="22" doraHaiUra="12" who="0" fromWho="1" sc="86,36,398,-26,132,0,374,0" /><INIT seed="3,0,0,3,0,11" ten="122,372,132,374" oya="3" hai0="65,113,102,3,34,86,6,100,56,32,44,46,0" hai1="10,49,19,114,131,96,9,127,36,45,7,129,68" hai2="47,106,95,30,79,108,21,58,74,18,14,125,105" hai3="41,83,48,107,39,119,33,98,134,93,81,15,71" shuffle="mt19937ar,C6FFD5C8,1211429A,7DA1C0DB,224911AB,8CBE1D50,218AABC7,A903B751,855120B1"/><W72/><G119/><T84/><D65/><U133/><E114/><V118/><F118/><W67/><G134/><T31/><D56/><U121/><E121/><V61/><F125/><W115/><G107/><T99/><D6/><U24/><E127/><V51/><F108/><W97/><G39/><T75/><D75/><U130/><E133/><V50/><F51/><W88/><G33/><T25/><D99/><U90/><E68/><V20/><F95/><N who="3" m="56551" /><G72/><T54/><D54/><N who="1" m="29999" /><E36/><V92/><F92/><W103/><G71/><T52/><D52/><U132/><E132/><V128/><F74/><W62/><G115/><T78/><D113/><U112/><E112/><V76/><F106/><W124/><G124/><T35/><D78/><U37/><E37/><V27/><F105/><W117/><G117/><T12/><D12/><N who="1" m="7567" /><E24/><V104/><F104/><W38/><G38/><T123/><D25/><U87/><E96/><V59/><F27/><W77/><G77/><T16/><D35/><U64/><E64/><V60/><F79/><W80/><G15/><T28/><REACH who="0" step="1"/><D16/><REACH who="0" step="2"/><U42/><E7/><V135/><F76/><W57/><G41/><T2/><D2/><U23/><E42/><V8/><F18/><W69/><G69/><T63/><D63/><U120/><E10/><V116/><F8/><W5/><G5/><T94/><D94/><N who="1" m="54623" /><E23/><V13/><F21/><W66/><G66/><T73/><D73/><U85/><E85/><V17/><F20/><W111/><G48/><T101/><D101/><U55/><E55/><V122/><F116/><W70/><G70/><T40/><D40/><RYUUKYOKU ba="0,1" sc="112,10,372,10,132,-30,374,10" hai0="0,3,28,31,32,34,44,46,84,86,100,102,123" hai1="120,129,130,131" hai3="57,62,67,80,81,83,93,98,103,111" /><INIT seed="3,1,1,0,2,51" ten="122,382,102,384" oya="3" hai0="16,55,75,92,129,91,9,25,93,56,97,124,64" hai1="12,78,17,33,81,122,44,82,14,20,77,1,11" hai2="26,103,88,115,133,72,114,131,85,29,32,50,74" hai3="2,128,34,22,117,109,135,5,68,120,3,15,24" shuffle="mt19937ar,B1FAF83A,2E721773,EC6B8A5C,29E16C46,3C4E91D4,C8FF878D,9F934AFE,379ECB4B"/><W30/><G68/><T89/><D75/><U37/><E122/><V18/><F133/><W80/><G120/><T84/><D129/><U71/><E71/><V123/><F123/><W61/><G117/><T10/><D64/><U116/><E33/><V13/><F131/><W6/><G128/><T96/><D124/><U102/><E116/><V4/><F4/><N who="3" m="1643" /><G61/><N who="0" m="35999" /><D84/><U36/><E1/><N who="3" m="10" /><G80/><N who="1" m="30826" /><E37/><V118/><F103/><W54/><G54/><T87/><D87/><U106/><E106/><V57/><F118/><W76/><G76/><N who="1" m="29290" /><E36/><V100/><F100/><W127/><G109/><T98/><D98/><U62/><E102/><V66/><F115/><W111/><G111/><T63/><D63/><U39/><E39/><V60/><F114/><W112/><G112/><T130/><D130/><U19/><E62/><V69/><F69/><W45/><G45/><AGARI ba="1,1" hai="11,12,14,17,19,20,44,45" m="29290,30826" machi="45" ten="30,1000,0" yaku="8,1" doraHai="51" who="1" fromWho="3" sc="122,0,382,23,102,0,384,-13" owari="122,-23,405,41,102,-30,371,12" /></mjloggm>