<mjloggm ver="2.3"><GO type="225"/><UN n0="%E2%93%88%E7%89%B9%E5%88%A5%E3%82%B2%E3%82%B9%E3%83%88%41" n1="%E3%82%B9%E3%83%91%E3%83%BC%E3%82%AF%E3%82%B9" n2="%E5%85%8B%E5%88%A9%E5%A5%A5%E4%BD%A9%E7%89%B9%E5%89%8C%CE%B6" n3="%E6%B7%B1%E5%A4%9C%E3%81%AE%E5%AE%B4" dan="16,16,16,16" rate="2100,2051,2177,2049" sx="F,F,F,M"/><TAIKYOKU oya="0"/><INIT seed="0,0,0,2,1,0" ten="250,250,250,250" oya="0" hai0="38,85,40,78,104,23,70,76,112,69,44,117,62" hai1="72,17,114,135,4,130,37,91,3,129,83,32,95" hai2="55,30,84,116,106,77,100,60,89,10,8,56,13" hai3="52,81,61,128,109,102,119,43,98,90,9,51,18" shuffle="mt19937ar,68331DE5,3B125DC8,1101A0A8,55E7127B,942099F0,828197AA,09820E0D,7DEB3324"/><T103/><D112/><U73/><E37/><V29/><F116/><W96/><G119/><T19/><D117/><U132/><E32/><V74/><F74/><W107/><G128/><N who="1" m="49258" /><E17/><V14/><F77/><W41/><G61/><T6/><D6/><U63/><E63/><V36/><F36/><W93/><G81/><T122/><D122/><U105/><E4/><N who="2" m="3207" /><F100/><W42/><G109/><T45/><D45/><U27/><E27/><V20/><F20/><W47/><REACH who="3" step="1"/><G41/><REACH who="3" step="2"/><T88/><D62/><U75/><E114/><V125/><F125/><W7/><G7/><T120/><D40/><U108/><E108/><V48/><F60/><W131/><G131/><T118/><D118/><U11/><E3/><V82/><F106/><W24/><G24/><T12/><D104/><U35/><E105/><V15/><F15/><AGARI ba="0,1" hai="9,15,18,42,43,47,51,52,90,93,96,98,102,107" machi="15" ten="40,2600,0" yaku="1,1,54,1,53,0" doraHai="0" doraHaiUra="64" who="3" fromWho="2" sc="250,0,250,0,250,-26,240,36" /><INIT seed="1,0,0,3,3,92" ten="250,250,224,276" oya="1" hai0="130,105,87,101,61,50,34,86,67,17,5,119,115" hai1="72,36,33,0,58,29,114,24,63,59,16,1,35" hai2="94,38,51,118,129,8,14,55,6,42,117,47,52" hai3="83,111,75,123,132,31,128,131,97,37,41,135,113" shuffle="mt19937ar,68B03A23,76B1873F,163C17E3,9EDC4AF8,3663FEA6,A2AFD2B0,98832B13,ABD6D17F"/><U90/><E36/><V66/><F129/><N who="3" m="49739" /><G123/><T80/><D119/><U99/><E114/><V74/><F74/><W110/><G113/><T43/><D115/><U100/><E72/><V98/><F66/><W10/><G31/><T45/><D34/><U73/><E73/><V107/><F107/><W126/><G10/><T26/><D130/><U96/><E35/><V60/><F60/><W69/><G69/><T122/><D122/><U7/><E7/><V44/><REACH who="2" step="1"/><F55/><REACH who="2" step="2"/><W49/><G75/><T112/><D61/><U82/><E63/><V65/><F65/><W27/><G111/><T25/><D67/><U125/><E125/><V133/><F133/><W70/><G110/><T62/><D62/><U108/><E108/><V32/><F32/><W20/><G70/><T104/><D105/><U12/><E58/><V77/><F77/><W84/><G126/><T124/><D104/><U95/><E59/><V89/><AGARI ba="0,1" hai="6,8,14,38,42,44,47,51,52,89,94,98,117,118" machi="89" ten="20,12000,2" yaku="1,1,0,1,7,1,52,1,54,1,53,1" doraHai="92" doraHaiUra="93" who="2" fromWho="2" sc="250,-30,250,-60,214,130,276,-30" /><INIT seed="2,0,0,3,5,33" ten="220,190,344,246" oya="2" hai0="31,118,132,15,124,89,40,1,123,127,45,63,135" hai1="67,14,28,26,102,87,82,97,18,34,47,95,120" hai2="90,7,78,84,46,49,38,17,65,11,39,68,93" hai3="99,85,57,128,86,109,114,79,51,29,103,72,105" shuffle="mt19937ar,B7FB343D,8B6D639C,20A283ED,F14D950D,4C09463F,D5714438,886F52B9,62E2C234"/><V81/><F17/><W41/><G114/><T122/><D89/><U129/><E120/><N who="0" m="46121" /><D63/><U42/><E129/><V88/><F65/><W91/><G29/><T20/><D118/><U76/><E67/><V53/><F68/><W133/><G128/><T71/><D71/><U98/><E98/><V117/><F117/><W94/><G85/><T111/><D111/><U37/><E14/><V106/><F106/><W62/><G109/><T43/><D43/><U96/><E96/><V9/><F90/><W134/><G51/><N who="0" m="27047" /><D1/><U30/><E30/><V55/><F55/><N who="3" m="34111" /><G41/><T110/><D110/><U8/><E8/><V77/><F11/><W100/><G100/><T83/><D83/><AGARI ba="0,0" hai="72,79,83,86,91,94,99,103,105,133,134" m="34111" machi="83" ten="30,1000,0" yaku="24,1" doraHai="33" who="3" fromWho="0" sc="220,-10,190,0,344,0,246,10" /><INIT seed="3,0,0,0,5,45" ten="210,190,344,256" oya="3" hai0="133,108,89,132,97,28,71,81,6,91,95,10,125" hai1="76,25,1,18,104,87,94,55,64,47,21,93,3" hai2="107,84,85,112,123,59,117,69,118,2,103,109,110" hai3="9,12,37,88,86,4,63,15,60,106,44,49,68" shuffle="mt19937ar,3432B96C,E358BF21,FA59FC47,D0F011BC,D72B838F,C39F3D9B,F816A172,B6FBF959"/><W58/><G106/><T99/><D71/><U105/><E105/><V26/><F69/><W114/><G114/><T115/><D115/><U113/><E104/><V120/><F2/><W20/><G37/><T17/><D108/><N who="2" m="41578" /><F59/><W83/><G68/><T61/><D125/><U121/><E113/><V111/><F111/><W43/><G58/><T50/><D61/><U8/><E121/><N who="2" m="46667" /><F26/><W56/><G56/><T119/><D119/><N who="2" m="45578" /><F112/><W73/><G73/><T19/><D133/><U67/><E1/><V23/><F23/><W66/><G66/><T131/><D132/><U39/><E3/><V74/><F74/><W82/><G82/><T53/><D81/><U72/><E72/><V77/><F77/><W126/><G126/><T128/><D128/><U124/><E124/><V48/><F48/><W79/><G79/><T36/><D131/><U130/><E130/><V32/><F32/><W129/><G129/><T38/><D38/><U92/><E39/><V70/><F70/><W33/><G33/><T96/><D36/><U34/><E34/><V42/><F42/><W98/><G63/><T54/><D50/><N who="1" m="29151" /><E8/><V7/><F7/><W46/><G60/><T80/><D6/><U30/><E30/><V101/><F107/><W102/><G44/><T127/><D127/><U78/><E78/><V31/><F31/><W62/><G62/><T90/><D28/><U29/><E29/><V35/><F35/><W24/><G43/><T57/><D10/><U5/><E5/><V14/><F14/><W40/><G12/><T135/><D135/><U27/><E27/><V51/><F51/><RYUUKYOKU ba="0,0" sc="210,-15,190,15,344,15,256,-15" hai1="18,21,25,64,67,76,87,92,93,94" hai2="84,85,101,103" owari="195,-20,205,-14,359,35,241,-1" /></mjloggm>