<mjloggm ver="2.3"><GO type="225"/><UN n0="%62%61%6B%61%73%65" n1="%E7%B7%9A%E5%BD%A2%E8%A8%88%E7%94%BB%E6%B3%95" n2="%E3%83%A0%E3%82%AF%E3%83%81%E3%83%A5%E3%83%B3" n3="%E8%B6%85%E3%83%92%E3%83%A2%E3%83%AA%E3%83%AD" dan="16,16,16,17" rate="2014,2010,2038,2085" sx="F,M,M,F"/><TAIKYOKU oya="0"/><INIT seed="0,0,0,4,0,28" ten="250,250,250,250" oya="0" hai0="48,135,36,64,65,87,18,120,108,59,42,107,67" hai1="75,68,22,80,101,26,85,70,109,122,133,52,102" hai2="23,72,66,78,105,90,1,82,46,127,88,130,89" hai3="61,79,13,110,114,39,99,98,63,94,62,53,103" shuffle="mt19937ar,3D7B30ED,CAD1D55F,EFFA74E1,90F8F81E,0F8ED02E,99828559,15627D28,665557AC"/><T97/><D120/><U34/><E122/><V58/><F1/><W38/><G114/><T9/><D135/><U37/><E75/><V43/><F105/><W20/><G110/><T129/><D108/><U21/><E37/><V112/><F112/><W124/><G124/><T32/><D129/><U55/><E133/><V119/><F119/><W6/><G79/><T77/><D32/><U49/><E109/><V106/><F106/><W16/><G6/><T91/><D77/><U17/><E34/><V134/><F134/><W81/><G81/><T41/><D36/><U113/><E113/><V71/><F71/><W125/><G125/><T121/><D107/><U5/><E5/><V56/><F127/><W14/><G14/><N who="0" m="7503" /><D97/><U3/><E3/><V24/><F66/><W126/><G126/><T0/><D0/><U29/><E55/><V123/><F130/><W117/><G117/><T86/><D86/><U132/><E70/><V100/><F100/><W19/><G19/><T12/><D12/><N who="1" m="9383" /><E68/><V92/><F92/><W84/><G84/><T40/><D121/><U8/><E8/><V57/><F123/><W47/><REACH who="3" step="1"/><G99/><REACH who="3" step="2"/><T118/><D118/><U4/><E4/><V60/><F60/><W115/><G115/><T131/><D131/><U31/><E132/><V54/><F72/><W25/><G25/><T69/><D69/><U45/><E31/><N who="2" m="17823" /><F78/><AGARI ba="0,1" hai="22,26,29,45,49,52,78,80,85,101,102" m="9383" machi="78" ten="30,2000,0" yaku="8,1,54,1" doraHai="28" who="1" fromWho="2" sc="250,0,250,30,250,-20,240,0" /><INIT seed="1,0,0,1,3,5" ten="250,280,230,240" oya="1" hai0="66,16,43,94,14,59,56,47,119,127,129,90,45" hai1="4,87,101,6,65,23,1,38,50,24,88,76,25" hai2="51,93,77,70,20,68,99,135,57,22,46,58,0" hai3="75,86,17,28,117,48,41,134,49,111,19,3,82" shuffle="mt19937ar,4282AF13,05CC35E4,5C108BBF,C2936E30,FD4FD7AA,4CA1C246,C77B8498,CF4E8ABD"/><U34/><E38/><V115/><F0/><W92/><G75/><T125/><D119/><U122/><E122/><V102/><F77/><W108/><G3/><T123/><D123/><U80/><E101/><V33/><F33/><W91/><G117/><T114/><D114/><U110/><E65/><V126/><F115/><W118/><G118/><T133/><D133/><U10/><E4/><V32/><F32/><W42/><G28/><T64/><D129/><U74/><E110/><N who="3" m="42026" /><G134/><T72/><D72/><U121/><E121/><V62/><F135/><W2/><G2/><T79/><D79/><U37/><E37/><V60/><F126/><N who="0" m="48138" /><D66/><U85/><E34/><V84/><F84/><W8/><G82/><T120/><D64/><U44/><E23/><N who="2" m="8747" /><F70/><W98/><G86/><N who="0" m="52567" /><D47/><U73/><E73/><V71/><F68/><W27/><G27/><T128/><D128/><U107/><E74/><V132/><F132/><W89/><G89/><T81/><D81/><U53/><E107/><V36/><F71/><W63/><G41/><T83/><D83/><AGARI ba="0,0" hai="1,6,10,24,25,44,50,53,76,80,83,85,87,88" machi="83" ten="30,5800,0" yaku="7,1,52,1,54,1" doraHai="5" who="1" fromWho="0" sc="250,-58,280,58,230,0,240,0" /><INIT seed="1,1,0,0,4,24" ten="192,338,230,240" oya="1" hai0="15,10,7,135,37,35,39,109,18,6,86,85,2" hai1="110,96,117,55,98,38,50,17,19,53,29,70,67" hai2="69,100,99,128,61,115,3,126,49,79,51,11,12" hai3="113,114,82,22,89,77,20,52,30,87,34,31,36" shuffle="mt19937ar,43B79422,78483308,7F9C9AAD,D652DF1C,183435AB,262BCC26,1E41C0B8,01CBB094"/><U45/><E117/><V125/><F3/><W23/><G36/><T27/><D109/><U28/><E38/><V74/><F128/><W93/><G34/><T92/><D135/><U132/><E67/><N who="2" m="41199" /><F79/><W127/><G127/><N who="2" m="48649" /><F74/><W1/><G1/><T131/><D131/><U107/><E107/><N who="2" m="63903" /><F115/><W83/><G113/><T13/><D13/><U33/><E70/><V59/><F59/><W94/><G114/><T120/><D120/><U95/><E33/><V16/><AGARI ba="1,0" hai="11,12,16,49,51" m="63903,48649,41199" machi="16" ten="30,2000,0" yaku="18,1,54,1" doraHai="24" who="2" fromWho="2" sc="192,-6,338,-11,230,23,240,-6" /><INIT seed="2,0,0,3,5,87" ten="186,327,253,234" oya="2" hai0="118,57,62,90,111,33,28,76,110,93,37,100,56" hai1="31,106,82,50,43,72,130,113,99,3,133,75,15" hai2="30,25,18,112,114,21,127,52,49,69,53,92,77" hai3="135,39,104,128,4,117,16,122,124,134,103,36,41" shuffle="mt19937ar,E877E269,5CD22FB3,3C309ED1,D5BE29EE,B1E7FE27,B53508A3,4E746776,46A7DD6E"/><V89/><F69/><W84/><G117/><T109/><D118/><U55/><E3/><V5/><F77/><W115/><G122/><T126/><D37/><U101/><E113/><V95/><F127/><W123/><G123/><T46/><D126/><U11/><E43/><V10/><F30/><W6/><G124/><T98/><D76/><U61/><E61/><V34/><F34/><W81/><G115/><T65/><D46/><U14/><E130/><V88/><F92/><W131/><G103/><T66/><D100/><U44/><E15/><V23/><F23/><W13/><G104/><T51/><D51/><U85/><E31/><V80/><F80/><W29/><G29/><T26/><REACH who="0" step="1"/><D66/><REACH who="0" step="2"/><U58/><E44/><V71/><F112/><W24/><G36/><T64/><D64/><U129/><E101/><V102/><F114/><W54/><G39/><T1/><D1/><U132/><E50/><V35/><F49/><W67/><G67/><T74/><D74/><U73/><E75/><V108/><F102/><W107/><G41/><T125/><D125/><U91/><E72/><V97/><F53/><W45/><G54/><T105/><D105/><U116/><E106/><V38/><F52/><W59/><G45/><T47/><D47/><U32/><E73/><V27/><F38/><W2/><G107/><T60/><D60/><U78/><E55/><V0/><F0/><W17/><G2/><T86/><D86/><U70/><E85/><V63/><F63/><W12/><G84/><T83/><D83/><U48/><E116/><V119/><F119/><W120/><G81/><RYUUKYOKU ba="0,1" sc="176,30,327,-10,253,-10,234,-10" hai0="26,28,33,56,57,62,65,90,93,98,109,110,111" /><INIT seed="3,1,1,1,3,46" ten="206,317,243,224" oya="3" hai0="70,115,7,135,118,15,97,71,116,60,126,112,87" hai1="3,27,59,20,89,106,33,75,95,133,26,62,53" hai2="72,88,64,73,42,41,21,65,4,128,40,0,132" hai3="18,134,105,10,11,8,107,96,32,103,86,6,29" shuffle="mt19937ar,BA16A935,A020BAE1,A680C56E,5C6CD5A4,B670B24C,9DBAB37E,22437AFE,3A8F78A6"/><W17/><G134/><T68/><D135/><U78/><E106/><V24/><F132/><W83/><G107/><T92/><D87/><U121/><E3/><V14/><F128/><W119/><G119/><T113/><D126/><U13/><E121/><V43/><F0/><W82/><G6/><T1/><D1/><U79/><E75/><V108/><F108/><W12/><G82/><T74/><D74/><U34/><E34/><V117/><F117/><N who="0" m="45162" /><D15/><U111/><E111/><V67/><N who="2" m="10240" /><DORA hai="38" /><V124/><F124/><W129/><G129/><T85/><D85/><U69/><E69/><V50/><F50/><W120/><G120/><T5/><D60/><U49/><E49/><V91/><F72/><W57/><G32/><T130/><D130/><U122/><E122/><V39/><F73/><W61/><G29/><T66/><D66/><U30/><E133/><V25/><F39/><W16/><G12/><T36/><D36/><U31/><E13/><V19/><F25/><W131/><G131/><T22/><D22/><U114/><E31/><N who="2" m="17807" /><F4/><W102/><G102/><AGARI ba="1,1" hai="5,7,68,70,71,92,97,102,112,113,115" m="45162" machi="102" ten="40,1300,0" yaku="11,1" doraHai="46,38" who="0" fromWho="3" sc="206,26,317,0,243,0,224,-16" owari="232,-12,317,32,243,-1,208,-19" /></mjloggm>