<mjloggm ver="2.3"><GO type="225"/><UN n0="%E9%9B%B2%E9%9B%80%E6%81%AD%E5%BC%A5" n1="%E3%81%BF%E3%81%A3%E3%81%A4%E3%81%83%EF%BD%9E" n2="%E9%95%B7%E5%B2%A1%E5%A4%A7%E6%98%8E%E7%A5%9E" n3="%EF%BC%A6%EF%BC%B8%E9%9B%80%E5%A3%AB" dan="17,17,16,16" rate="2198,2141,2051,2060" sx="M,F,F,M"/><TAIKYOKU oya="0"/><INIT seed="0,0,0,1,4,95" ten="250,250,250,250" oya="0" hai0="128,116,14,126,76,68,119,50,35,84,44,53,0" hai1="32,118,109,111,67,61,121,102,18,104,133,36,70" hai2="55,107,94,113,135,25,40,105,24,99,77,46,72" hai3="8,13,100,45,29,22,4,2,21,74,42,63,10" shuffle="mt19937ar,98DC7A01,17C9D236,2BFF2A11,DFFDCE91,2884AB25,AB63EA7E,319A32AC,3ECC3AD5"/><T58/><D0/><U19/><E118/><V124/><F113/><W108/><G74/><T134/><D35/><U7/><E121/><V71/><F71/><W47/><G63/><T37/><D126/><U66/><E36/><V16/><F124/><W86/><G108/><N who="1" m="41546" /><E7/><V1/><F1/><W52/><G29/><T57/><D128/><U3/><E3/><V114/><F114/><W120/><G120/><T31/><D31/><U89/><E67/><V127/><F127/><W30/><G30/><T65/><D134/><U20/><E32/><V125/><F125/><W83/><G100/><T87/><D14/><N who="1" m="9303" /><E133/><V38/><F135/><W117/><G117/><N who="0" m="45131" /><D76/><U43/><E43/><V91/><F55/><W64/><G64/><T73/><D73/><U132/><E132/><V79/><F72/><W51/><G2/><T34/><D34/><U97/><E89/><V78/><REACH who="2" step="1"/><F25/><REACH who="2" step="2"/><W17/><G42/><N who="0" m="22607" /><D58/><U98/><E19/><V122/><F122/><W11/><G45/><T115/><D115/><U23/><E23/><AGARI ba="0,1" hai="16,23,24,38,40,46,77,78,79,91,94,99,105,107" machi="23" ten="40,5200,0" yaku="1,1,52,1,54,1,53,0" doraHai="95" doraHaiUra="5" who="2" fromWho="1" sc="250,0,250,-52,240,62,250,0" /><INIT seed="1,0,0,3,3,35" ten="250,198,302,250" oya="1" hai0="47,100,19,53,118,62,128,99,18,22,89,23,54" hai1="119,44,76,64,117,109,80,72,36,116,125,2,96" hai2="43,135,88,120,31,40,32,60,7,133,81,10,0" hai3="21,124,84,66,15,3,110,82,74,106,27,38,39" shuffle="mt19937ar,BB18E4E6,DD8B813D,CA978C94,0A21FFD7,C4C87A5F,F7EDB9ED,9AED7CA3,17EEEC3C"/><U111/><E64/><V105/><F105/><W6/><G106/><T16/><D118/><U123/><E96/><V127/><F120/><W26/><G74/><T78/><D128/><U130/><E123/><V113/><F113/><W37/><G124/><T86/><D78/><U52/><E125/><V87/><F127/><W129/><G129/><T1/><D1/><U24/><E130/><V70/><F31/><W56/><G110/><N who="1" m="41994" /><E24/><V49/><F32/><W79/><G15/><T68/><D68/><U94/><E94/><V104/><F104/><W14/><G14/><T57/><D47/><U98/><E98/><V5/><F5/><W90/><G79/><T42/><D42/><N who="1" m="22599" /><E52/><V33/><F33/><W97/><G97/><T126/><D126/><U67/><E67/><N who="2" m="41319" /><F49/><W29/><G27/><T91/><D54/><U55/><E55/><V65/><F65/><W108/><G108/><T71/><D71/><U48/><E48/><V63/><F63/><W69/><G69/><T122/><D122/><U112/><E2/><V30/><F30/><W77/><G66/><T11/><D100/><U102/><E102/><V75/><F40/><W51/><G51/><T4/><D99/><U131/><E131/><V50/><F43/><W115/><G56/><T13/><REACH who="0" step="1"/><D91/><REACH who="0" step="2"/><U85/><E112/><V17/><F0/><W121/><G115/><T58/><D58/><U103/><E103/><V114/><F114/><W25/><G121/><T8/><D8/><U45/><E45/><V101/><F10/><W12/><G3/><T9/><D9/><U61/><E61/><V132/><F101/><RYUUKYOKU ba="0,1" sc="240,15,198,15,302,-15,250,-15" hai0="4,11,13,16,18,19,22,23,53,57,62,86,89" hai1="72,76,80,85,116,117,119" /><INIT seed="1,1,1,4,4,22" ten="255,213,287,235" oya="1" hai0="94,20,46,30,42,76,19,44,126,82,89,55,83" hai1="101,75,66,69,125,130,8,71,133,116,18,17,131" hai2="35,84,57,81,31,108,32,121,6,25,91,122,2" hai3="95,59,74,51,114,118,63,77,15,68,61,60,99" shuffle="mt19937ar,BD53C0B6,BBD8B21D,F9DEF343,76C0B8B8,E2A4FF43,EBCB9718,6C99F822,130B3AE1"/><U106/><E75/><V33/><F108/><W79/><G114/><T10/><D126/><U85/><E116/><V23/><F6/><W45/><G68/><N who="1" m="26186" /><E66/><V78/><F2/><W112/><G112/><T56/><D30/><U9/><E85/><V11/><F11/><N who="1" m="4169" /><E125/><V117/><F117/><W36/><G36/><T43/><D10/><U107/><E101/><V127/><F127/><W98/><G74/><T105/><D105/><N who="1" m="39947" /><E133/><V113/><F113/><W47/><G118/><T97/><D44/><U16/><AGARI ba="1,1" hai="16,17,18,130,131" m="39947,4169,26186" machi="16" ten="40,7800,0" yaku="28,2,54,1" doraHai="22" who="1" fromWho="1" sc="255,-27,213,91,287,-27,235,-27" /><INIT seed="1,2,0,0,3,59" ten="228,304,260,208" oya="1" hai0="42,128,46,51,61,1,81,105,79,94,58,5,108" hai1="124,23,38,125,123,87,50,21,70,83,86,129,30" hai2="29,84,2,115,107,103,133,99,0,41,76,24,72" hai3="63,95,106,6,117,69,75,96,71,130,52,134,43" shuffle="mt19937ar,3055C04F,0AA36BD6,1EF6DABF,C3307B43,8D80342B,8362CB0C,9D5A14A5,995102D7"/><U82/><E38/><V73/><F115/><W11/><G75/><T110/><D105/><U74/><E70/><V120/><F120/><W127/><G106/><T15/><D128/><U116/><E74/><V77/><F133/><W31/><G130/><T3/><D94/><U35/><E129/><V54/><F73/><W85/><G134/><T126/><D126/><N who="1" m="48747" /><E116/><V90/><F41/><W9/><G117/><T97/><D97/><U111/><E123/><V53/><F72/><W78/><G43/><T113/><D113/><U18/><E111/><N who="0" m="42537" /><D5/><U27/><E50/><V132/><F132/><W112/><G31/><T56/><D15/><U32/><E86/><V114/><F114/><W40/><G112/><T102/><D102/><U98/><E98/><V118/><F118/><W80/><G127/><T17/><D17/><U7/><E7/><V49/><F0/><N who="0" m="74" /><D61/><U67/><E67/><V37/><F2/><W68/><G6/><T89/><D79/><N who="1" m="46559" /><E83/><V135/><F37/><W91/><REACH who="3" step="1"/><G40/><REACH who="3" step="2"/><T48/><D42/><U20/><E32/><V19/><F135/><W4/><G4/><T55/><D51/><U119/><E119/><V34/><F49/><W13/><G13/><AGARI ba="2,1" hai="13,18,20,21,23,27,30,35" m="46559,48747" machi="13" ten="30,1500,0" yaku="18,1" doraHai="59" who="1" fromWho="3" sc="228,0,304,31,260,0,198,-21" /><INIT seed="1,3,0,1,3,69" ten="228,335,260,177" oya="1" hai0="11,36,90,28,108,5,128,6,105,31,117,94,7" hai1="20,135,126,13,54,111,50,66,120,74,124,125,88" hai2="58,109,24,110,29,52,70,9,100,4,104,63,122" hai3="119,95,49,92,37,77,130,85,34,39,133,106,98" shuffle="mt19937ar,6B636691,00BCEBF1,1EA885E7,1AC15B0E,186F5056,328445DF,9D764D0F,4E678200"/><U15/><E74/><V65/><F122/><W107/><G34/><T84/><D117/><U115/><E115/><V80/><F80/><W46/><G119/><T97/><D108/><N who="2" m="41578" /><F100/><W78/><G133/><T131/><D11/><U101/><E101/><V127/><F104/><W75/><G75/><T91/><D36/><U16/><E111/><V1/><F127/><W30/><G30/><T47/><D47/><N who="1" m="27999" /><E66/><V2/><F2/><W134/><G134/><T67/><D67/><U35/><E35/><N who="2" m="20903" /><F65/><W76/><G130/><N who="0" m="49707" /><D105/><U27/><E120/><V82/><F82/><AGARI ba="3,0" hai="5,6,7,28,31,82,84,90,91,94,97" m="49707" machi="82" ten="30,1000,0" yaku="19,1" doraHai="69" who="0" fromWho="2" sc="228,19,335,0,260,-19,177,0" /><INIT seed="2,0,0,2,4,7" ten="247,335,241,177" oya="2" hai0="21,42,76,79,83,53,60,114,6,45,128,57,124" hai1="30,44,71,101,81,125,87,39,37,8,105,133,16" hai2="96,103,106,26,90,80,97,117,38,111,5,64,109" hai3="99,43,24,112,116,23,93,12,63,134,119,11,19" shuffle="mt19937ar,2413AA6D,B200D32A,8871E1DE,4AF93141,4D05F3B0,E069874C,C690FA86,718A0C62"/><V0/><F38/><W91/><G134/><T92/><D114/><U100/><E71/><V74/><F26/><W13/><G112/><T32/><D32/><U115/><E115/><V52/><F64/><W31/><G43/><T55/><D124/><U59/><E125/><V65/><F65/><W70/><G70/><T88/><D128/><U132/><E30/><V69/><F69/><W104/><G63/><T85/><D6/><U98/><E101/><V62/><F117/><W129/><G104/><T3/><D3/><U86/><E59/><N who="2" m="35175" /><F96/><W66/><G66/><T108/><D108/><N who="2" m="41546" /><F90/><W4/><REACH who="3" step="1"/><G129/><REACH who="3" step="2"/><T135/><D135/><U89/><E133/><V131/><F131/><W36/><G36/><T50/><D42/><U41/><E39/><V77/><F5/><W34/><AGARI ba="0,1" hai="4,11,12,13,19,23,24,31,34,91,93,99,116,119" machi="34" ten="20,8000,1" yaku="1,1,0,1,7,1,52,1,53,1" doraHai="7" doraHaiUra="20" who="3" fromWho="3" sc="247,-20,335,-20,241,-40,167,90" /><INIT seed="3,0,0,5,1,12" ten="227,315,201,257" oya="3" hai0="43,14,135,124,18,80,115,96,65,72,16,105,122" hai1="7,113,132,120,54,8,73,93,90,76,30,118,56" hai2="128,27,86,70,42,39,98,3,22,60,79,66,26" hai3="58,51,134,116,117,62,35,46,100,107,11,33,2" shuffle="mt19937ar,9260CE43,7DA30758,03C23F40,2937CC0D,A6D81EAF,C6A55582,26857540,F6968785"/><W19/><G134/><T84/><D122/><U13/><E120/><V47/><F3/><W94/><G107/><T1/><D1/><U17/><E113/><V52/><F128/><W34/><G100/><T88/><D135/><U41/><E132/><V131/><F131/><W75/><G75/><T10/><D115/><U36/><E118/><V21/><F98/><W83/><G94/><N who="0" m="54535" /><D65/><U112/><E30/><V74/><F74/><W5/><G83/><T50/><D124/><U81/><E41/><V101/><F101/><W114/><G114/><T82/><D43/><U102/><E102/><V129/><F129/><W9/><G46/><T110/><D110/><U97/><E112/><V119/><F119/><W45/><G45/><T85/><D105/><U38/><E7/><V55/><F79/><W121/><G51/><AGARI ba="0,0" hai="8,13,17,36,38,51,54,56,73,76,81,90,93,97" machi="51" ten="30,2000,0" yaku="7,1,52,1" doraHai="12" who="1" fromWho="3" sc="227,0,315,20,201,0,257,-20" owari="227,-12,335,33,201,-20,237,-1" /></mjloggm>