<mjloggm ver="2.3"><GO type="185"/><UN n0="%E7%A5%9E%E9%80%9F%E2%98%85%2E%63%6F%6D" n1="%E6%84%9F%E8%AC%9D%E3%81%A7%E3%81%99" n2="%E5%8D%81%E5%85%AD%E5%A4%9C%E2%80%A0%E5%92%B2%E5%A4%9C" n3="" dan="17,17,16,0" rate="2175,2201,2193,1500" sx="M,M,F,C"/><TAIKYOKU oya="0"/><INIT seed="0,0,0,1,1,133" ten="350,350,350,0" oya="0" hai0="114,131,55,106,53,61,83,79,1,113,96,85,63" hai1="119,46,56,97,69,42,118,126,60,0,70,123,81" hai2="82,33,40,84,94,39,98,65,75,134,54,44,73" hai3="" shuffle="mt19937ar,B3F7FEB9,DDE34C1A,D7BFC7C2,43FAB50B,024C33BB,BA325A6A,D1BD9F8C,0C3847A2"/><T135/><D1/><U62/><N who="1" m="31520" /><U45/><E0/><V71/><F33/><T88/><D135/><U121/><N who="1" m="31008" /><U107/><E81/><V101/><F134/><T50/><D131/><U110/><E97/><V59/><F65/><T117/><D117/><U109/><E107/><V57/><F71/><T49/><D113/><U3/><E3/><V100/><F100/><T103/><D114/><U130/><E56/><V34/><F34/><T48/><D61/><U78/><E78/><V93/><F93/><T76/><D63/><U80/><E80/><V67/><F59/><T90/><D79/><U37/><E42/><V2/><F2/><T91/><AGARI ba="0,0" hai="48,49,50,53,55,76,83,85,88,90,91,96,103,106" machi="91" ten="30,2000,0" yaku="0,1,54,1" doraHai="133" who="0" fromWho="0" sc="350,20,350,-10,350,-10,0,0" /><INIT seed="0,1,0,1,1,124" ten="370,340,340,0" oya="0" hai0="115,69,130,87,38,66,58,123,72,98,97,1,125" hai1="62,88,74,103,83,117,3,134,85,84,42,36,54" hai2="78,35,46,122,119,90,80,52,118,40,64,43,82" hai3="" shuffle="mt19937ar,30B571CF,E1D5B593,36D6C37F,358E43B7,8F9EADED,638228F8,82C37C32,8D2808CB"/><T110/><RYUUKYOKU type="yao9" ba="1,0" sc="370,0,340,0,340,0,0,0" hai0="1,38,58,66,69,72,87,97,98,110,115,123,125,130" /><INIT seed="0,2,0,3,3,121" ten="370,340,340,0" oya="0" hai0="74,48,73,102,96,84,56,2,97,93,112,105,117" hai1="80,81,53,129,68,60,83,54,135,128,103,90,118" hai2="86,46,130,50,116,36,87,61,110,113,40,108,122" hai3="" shuffle="mt19937ar,F40FFDFD,D507A142,F0BFAA17,400319EE,B71748E6,7DFE4FFF,22D40D42,BF856179"/><T51/><D2/><U77/><E118/><V32/><N who="2" m="31264" /><V95/><F32/><T34/><D34/><U47/><E77/><V63/><F113/><T42/><D117/><U91/><E135/><V124/><F116/><T114/><D84/><U127/><E127/><V45/><F124/><T55/><D112/><U107/><E68/><V33/><F33/><T111/><D114/><U52/><E60/><N who="2" m="23115" /><F95/><T92/><D105/><U100/><E47/><V70/><F70/><T57/><D42/><U133/><E133/><V99/><F99/><T58/><D111/><N who="2" m="42538" /><F130/><N who="1" m="50281" /><E107/><V39/><F39/><T1/><D1/><U72/><E72/><V0/><F0/><T78/><D73/><U104/><E104/><V66/><F66/><T67/><D67/><U44/><E44/><V119/><F119/><T64/><D64/><U75/><E75/><V3/><F3/><T49/><D74/><U69/><E69/><V101/><F101/><AGARI ba="2,0" hai="52,53,54,80,81,83,90,91,100,101,103" m="50281" machi="101" ten="40,8000,1" yaku="28,2,19,1,54,1" doraHai="121" who="1" fromWho="2" sc="370,0,340,84,340,-84,0,0" /><INIT seed="1,0,0,4,0,112" ten="370,424,256,0" oya="1" hai0="85,37,61,47,41,83,38,68,129,110,130,125,86" hai1="94,90,54,82,105,62,108,72,56,39,104,123,134" hai2="79,73,33,111,63,132,44,45,60,128,46,3,2" hai3="" shuffle="mt19937ar,CB7876DA,CF30AAB5,D85E4E2F,F10D008C,18175B55,38122C1C,2F795DFD,FFF16CE3"/><U36/><N who="1" m="31520" /><U115/><E115/><V120/><N who="2" m="30752" /><V92/><F33/><T89/><D37/><U121/><N who="1" m="31008" /><U91/><E134/><V127/><F132/><T42/><D42/><U106/><E108/><V100/><F111/><T88/><D110/><U84/><REACH who="1" step="1"/><E72/><REACH who="1" step="2"/><V76/><F73/><T77/><D129/><U103/><E103/><V75/><F128/><T109/><D109/><U98/><AGARI ba="0,1" hai="36,39,54,56,62,82,84,90,91,94,98,104,105,106" m="31008,31520" machi="98" ten="30,7800,0" yaku="1,1,0,1,52,2,53,0" doraHai="112" doraHaiUra="34" who="1" fromWho="1" sc="370,-39,414,88,256,-39,0,0" /><INIT seed="1,1,0,4,3,68" ten="331,502,217,0" oya="1" hai0="121,103,132,73,62,3,92,77,135,84,75,88,95" hai1="58,123,98,134,117,106,118,67,40,42,125,36,112" hai2="61,34,113,53,71,74,90,55,110,105,114,66,78" hai3="" shuffle="mt19937ar,77CA99A2,126901B2,50A6A1C9,1DE1C2AB,59FCFE20,05F1E111,530BCA95,08A26A76"/><U86/><N who="1" m="31520" /><U97/><E112/><V87/><F34/><T44/><N who="0" m="31008" /><T111/><D3/><U94/><E134/><N who="0" m="51241" /><D62/><U38/><E86/><V116/><F105/><T93/><D44/><U32/><E32/><V83/><F116/><T102/><D111/><U35/><E35/><V81/><REACH who="2" step="1"/><F110/><REACH who="2" step="2"/><T91/><D77/><U51/><E125/><V54/><AGARI ba="1,1" hai="53,54,55,61,66,71,74,78,81,83,87,90,113,114" machi="54" ten="30,3000,0" yaku="1,1,2,1,0,1,53,0" doraHai="68" doraHaiUra="96" who="2" fromWho="2" sc="331,-11,502,-21,207,42,0,0" /><INIT seed="2,0,0,0,2,80" ten="320,481,249,0" oya="2" hai0="45,127,90,67,100,56,41,123,88,70,84,33,91" hai1="36,122,1,38,48,51,112,99,52,66,131,126,114" hai2="64,44,49,65,104,42,124,47,39,102,57,68,69" hai3="" shuffle="mt19937ar,A876F572,DB188C05,FB02589A,C5B59D88,0A4A7423,4C7F5044,D4CA9CC2,5C30D720"/><V53/><F102/><T106/><N who="0" m="31520" /><T101/><D33/><U82/><N who="1" m="31264" /><U119/><E1/><V83/><F104/><T34/><D34/><U72/><E131/><V94/><F94/><T60/><D127/><U98/><E126/><V78/><F78/><T46/><D70/><N who="2" m="27242" /><F124/><T59/><D59/><U40/><E66/><N who="2" m="25707" /><F83/><T105/><D46/><AGARI ba="0,0" hai="39,42,44,46,47,49,53,57" m="25707,27242" machi="46" ten="30,12000,1" yaku="35,5" doraHai="80" who="2" fromWho="0" sc="320,-120,481,0,249,120,0,0" /><INIT seed="2,1,0,2,2,128" ten="200,481,369,0" oya="2" hai0="83,55,53,84,90,121,131,103,69,127,38,66,93" hai1="97,34,88,122,56,74,49,89,107,43,80,134,78" hai2="57,45,101,113,41,40,98,63,87,130,1,111,108" hai3="" shuffle="mt19937ar,7AFE7EFB,6F18B791,DE93D1AE,F8E7183C,86DDC691,1A7EA928,59683B9B,2501B558"/><V39/><F1/><T62/><N who="0" m="31008" /><T35/><D35/><U102/><N who="1" m="31264" /><U60/><E34/><V77/><F113/><T54/><D131/><U133/><E43/><V96/><F130/><T0/><D0/><U33/><E49/><V71/><F71/><T44/><D127/><U68/><E68/><V61/><F40/><T67/><D67/><U116/><E116/><V50/><F39/><T115/><D115/><U123/><N who="1" m="31520" /><U119/><E119/><V85/><F98/><T104/><D104/><U37/><E37/><V2/><F2/><T75/><D38/><U3/><E33/><V64/><F63/><T132/><D132/><N who="1" m="50795" /><E3/><V58/><F58/><T126/><D126/><U59/><E59/><V99/><F99/><T70/><D70/><U46/><E46/><V86/><REACH who="2" step="1"/><F77/><REACH who="2" step="2"/><T79/><REACH who="0" step="1"/><D103/><REACH who="0" step="2"/><U94/><E107/><AGARI ba="1,2" hai="41,45,50,57,61,64,85,86,87,96,101,107,108,111" machi="107" ten="40,3900,0" yaku="1,1,2,1,53,0" doraHai="128" doraHaiUra="65" who="2" fromWho="1" sc="190,0,481,-41,359,61,0,0" /><INIT seed="2,2,0,3,1,54" ten="190,440,420,0" oya="2" hai0="119,81,78,33,74,34,66,36,1,127,122,47,39" hai1="61,60,112,51,52,109,110,100,76,55,40,56,80" hai2="118,120,103,70,105,79,63,46,85,71,108,128,58" hai3="" shuffle="mt19937ar,261B695A,2667F530,81FDDEE2,C709AAC0,877B7589,2E063528,0E9BCDDE,F6B464CA"/><V2/><N who="2" m="30752" /><V45/><F2/><T106/><D66/><U32/><E32/><V75/><F118/><T134/><D47/><U130/><E112/><V77/><F75/><T121/><N who="0" m="31008" /><T42/><D42/><U94/><E130/><V72/><F72/><T53/><D53/><U114/><E114/><V133/><F128/><T91/><D91/><U95/><E40/><V48/><F48/><T89/><D89/><U67/><E100/><V93/><F103/><T84/><D84/><U97/><E97/><V96/><F85/><T57/><D57/><U104/><E104/><V117/><F105/><T116/><N who="0" m="31264" /><T41/><D106/><U44/><E110/><V115/><F108/><T35/><D1/><U69/><E109/><V98/><F46/><T107/><D107/><U83/><E83/><V64/><F45/><T87/><D87/><AGARI ba="2,0" hai="44,51,52,55,56,60,61,67,69,76,80,87,94,95" machi="87" ten="30,3900,0" yaku="7,1,52,1,54,1" doraHai="54" who="1" fromWho="0" sc="190,-43,440,43,420,0,0,0" /><INIT seed="4,0,0,0,1,133" ten="147,483,420,0" oya="0" hai0="114,91,95,1,99,107,75,122,125,115,36,78,67" hai1="120,93,116,39,123,118,66,49,42,97,71,77,102" hai2="86,74,88,113,55,63,80,54,119,103,50,101,52" hai3="" shuffle="mt19937ar,4C0C3325,146042B8,F77EFF38,75CAC270,2AF60ECD,411E950A,AB7649F0,C0185FC0"/><T61/><N who="0" m="31264" /><T76/><D1/><U85/><N who="1" m="30752" /><U40/><N who="1" m="31520" /><U82/><E39/><V51/><F74/><T126/><D36/><U56/><E71/><V110/><F110/><T0/><D0/><U92/><E92/><V44/><F113/><N who="0" m="43018" /><D107/><U135/><E135/><V60/><F119/><T89/><D89/><U33/><E33/><V41/><REACH who="2" step="1"/><F51/><REACH who="2" step="2"/><T90/><D90/><U73/><E118/><V104/><F104/><T68/><D75/><U117/><E116/><V32/><F32/><T128/><D128/><U87/><E117/><V130/><F130/><T100/><D91/><U81/><E73/><V58/><F58/><T34/><D34/><U37/><E56/><V121/><N who="2" m="31008" /><V94/><F94/><T124/><AGARI ba="0,1" hai="61,67,68,76,78,95,99,100,124,125,126" m="43018,31264" machi="124" ten="40,12000,2" yaku="18,1,15,1,52,4" doraHai="133" who="0" fromWho="0" sc="147,130,483,-60,410,-60,0,0" /><INIT seed="4,1,0,3,1,86" ten="277,423,350,0" oya="0" hai0="111,52,80,107,131,59,94,128,42,129,105,57,45" hai1="55,66,122,125,134,98,135,0,41,115,100,68,56" hai2="49,106,36,40,103,95,123,63,97,83,91,77,33" hai3="" shuffle="mt19937ar,ECD87CAD,D21444CF,F2DF1678,EC3CF19A,EA2534DD,333213C9,AFC0D334,B9E65494"/><T102/><D111/><U67/><N who="1" m="31264" /><U119/><E0/><V47/><N who="2" m="31520" /><V75/><F33/><T74/><D94/><U65/><E119/><V101/><F63/><T69/><D69/><U132/><E125/><V92/><F92/><T50/><D102/><U43/><E115/><V37/><REACH who="2" step="1"/><F103/><REACH who="2" step="2"/><T127/><D127/><U114/><E68/><V124/><F124/><T54/><D80/><U32/><E114/><V133/><F133/><T108/><D108/><U117/><E32/><V79/><F79/><T109/><D109/><U51/><E117/><V38/><F38/><T1/><D1/><U44/><E100/><V112/><F112/><T90/><D90/><U71/><E71/><V104/><F104/><T87/><D87/><AGARI ba="1,1" hai="36,37,40,47,49,75,77,83,87,91,95,97,101,106" m="31520" machi="87" ten="30,12000,2" yaku="1,1,7,1,24,2,52,2,53,0" doraHai="86" doraHaiUra="35" who="2" fromWho="0" sc="277,-122,423,0,340,132,0,0" /><INIT seed="5,0,0,1,4,120" ten="155,423,472,0" oya="1" hai0="54,133,126,87,34,67,96,111,103,32,43,78,64" hai1="46,112,71,130,98,105,131,104,47,57,39,132,65" hai2="128,82,75,3,97,121,37,79,83,81,50,76,55" hai3="" shuffle="mt19937ar,AA513079,AFDA4D89,4A7422B9,79349B3E,AD642BD7,183A7A74,ADB940CB,EA89D945"/><U53/><E132/><V125/><N who="2" m="31008" /><V89/><F3/><T44/><D133/><U99/><E112/><V113/><F37/><T80/><D126/><U107/><E71/><V61/><F125/><T108/><D54/><U51/><E65/><V122/><N who="2" m="31264" /><V93/><F128/><N who="1" m="49193" /><E47/><V135/><F135/><T119/><D119/><U95/><E95/><V62/><F113/><T63/><D64/><U60/><E39/><V90/><F90/><T84/><D32/><U70/><E70/><V66/><F66/><T72/><D34/><U92/><E92/><V86/><REACH who="2" step="1"/><F83/><REACH who="2" step="2"/><T100/><D100/><U35/><E35/><V59/><AGARI ba="0,1" hai="50,55,59,61,62,75,76,79,81,82,86,89,93,97" m="31264,31008" machi="59" ten="20,12000,3" yaku="1,1,2,1,0,1,7,1,52,2,53,2" doraHai="120" doraHaiUra="74" who="2" fromWho="2" sc="155,-40,423,-80,462,130,0,0" /><INIT seed="6,0,0,5,1,76" ten="115,343,592,0" oya="2" hai0="93,65,92,109,56,63,78,98,94,83,125,104,60" hai1="85,61,133,95,120,97,74,84,32,72,90,88,54" hai2="34,117,58,38,44,108,119,57,47,115,127,80,132" hai3="" shuffle="mt19937ar,8314312A,633ADB90,CE9EF619,FD2E3B46,17A0F480,BA529CDC,873C4E59,2248102C"/><V70/><F58/><T89/><D109/><U91/><N who="1" m="30752" /><U49/><E32/><V51/><F57/><T102/><D125/><U45/><E133/><V112/><F80/><T50/><D50/><U68/><E68/><V96/><F51/><T118/><D118/><U73/><REACH who="1" step="1"/><E61/><REACH who="1" step="2"/><V123/><F70/><T135/><D135/><U99/><E99/><V46/><F34/><T103/><D63/><U33/><E33/><V105/><F96/><T55/><D65/><U36/><E36/><V71/><F38/><T43/><D43/><U1/><E1/><V116/><F71/><T69/><D69/><U81/><E81/><V129/><F132/><T0/><D0/><U106/><E106/><V126/><F105/><T53/><D53/><U107/><E107/><V130/><F117/><T48/><D60/><U3/><E3/><V2/><F119/><T35/><D35/><U66/><E66/><V40/><F2/><T41/><D41/><U100/><AGARI ba="0,1" hai="45,49,54,72,73,74,84,85,88,90,91,95,97,100" m="30752" machi="100" ten="40,6000,1" yaku="1,1,0,1,52,1,54,1,53,0" doraHai="76" doraHaiUra="111" who="1" fromWho="1" sc="115,-20,333,70,592,-40,0,0" owari="95,-50,403,0,552,50,0,0" /></mjloggm>