<mjloggm ver="2.3"><GO type="225"/><UN n0="%E3%83%81%E3%83%A3%E3%82%AA%E3%83%AA" n1="%E9%9B%AA%E5%9B%BD%E8%82%B2%E3%81%A1" n2="%E7%AE%A1%E5%AF%9D" n3="%E3%81%BF%E3%81%A3%E3%81%A4%E3%81%83%EF%BD%9E" dan="17,17,16,17" rate="2119,2099,2048,2171" sx="M,M,M,F"/><TAIKYOKU oya="0"/><INIT seed="0,0,0,3,0,110" ten="250,250,250,250" oya="0" hai0="21,104,54,42,127,85,114,19,45,69,75,70,99" hai1="18,25,50,26,134,0,129,78,122,91,119,125,44" hai2="73,60,90,84,116,1,7,51,102,118,4,12,105" hai3="56,66,106,63,43,77,24,88,131,52,107,58,95" shuffle="mt19937ar,72660167,A22C8400,F2B176E6,E1398E9D,87F7E90D,44F60F76,224E6667,AEE27E81"/><T2/><D75/><U40/><E122/><V59/><F73/><W61/><G131/><T68/><D2/><U97/><E119/><N who="2" m="45611" /><F1/><W74/><G43/><T130/><D130/><U39/><E0/><V126/><F126/><W29/><G77/><T133/><D127/><U10/><E125/><V31/><F31/><W27/><G74/><T37/><D133/><U13/><E129/><V62/><F102/><W96/><REACH who="3" step="1"/><G27/><REACH who="3" step="2"/><T72/><D72/><U33/><E134/><V86/><F86/><W22/><AGARI ba="0,1" hai="22,24,29,52,56,58,61,63,66,88,95,96,106,107" machi="22" ten="20,12000,2" yaku="1,1,2,1,0,1,7,1,54,2,53,1" doraHai="110" doraHaiUra="49" who="3" fromWho="3" sc="250,-60,250,-30,250,-30,240,130" /><INIT seed="1,0,0,4,3,4" ten="190,220,220,370" oya="1" hai0="43,122,2,109,15,66,56,110,33,104,17,69,73" hai1="119,60,11,81,31,106,70,135,53,58,35,62,39" hai2="76,75,1,0,95,55,99,115,100,64,89,49,87" hai3="126,120,18,50,10,98,112,90,65,26,16,103,42" shuffle="mt19937ar,CE7B4AC2,0E9D9744,4BD84272,1249B247,9081E5F6,73FA59C3,B41EB3E0,2A4BFB38"/><U111/><E119/><V116/><F116/><W114/><G120/><T7/><D33/><U46/><E135/><V125/><F125/><W101/><G65/><T124/><D69/><U80/><E106/><V84/><F84/><W94/><G126/><T36/><D104/><U107/><E107/><N who="2" m="63903" /><F64/><W8/><G114/><T123/><D73/><U19/><E111/><N who="0" m="42505" /><D124/><U14/><E70/><V67/><F67/><W61/><G61/><N who="0" m="38183" /><D7/><U38/><E62/><V92/><F92/><W85/><G112/><T21/><D2/><U117/><E117/><V86/><F86/><W88/><G103/><T48/><D36/><U79/><E46/><AGARI ba="0,0" hai="15,17,21,43,46,48,122,123" m="38183,42505" machi="46" ten="30,1000,0" yaku="14,1" doraHai="4" who="0" fromWho="1" sc="190,10,220,-10,220,0,370,0" /><INIT seed="2,0,0,3,1,93" ten="200,210,220,370" oya="2" hai0="100,24,17,107,48,129,67,2,65,135,110,74,86" hai1="50,125,83,63,8,120,92,116,91,49,36,51,40" hai2="44,56,82,112,35,99,14,111,4,13,61,124,75" hai3="60,57,1,132,133,128,72,87,43,31,64,25,45" shuffle="mt19937ar,C9B3C520,9CC7818C,6E946CF1,02AF1545,E2736462,BC0BD562,22B3812A,039C7CBE"/><V79/><F112/><W76/><G72/><T97/><D74/><U5/><E120/><V131/><F131/><W77/><G1/><T118/><D2/><U27/><E116/><V0/><F35/><W90/><G128/><T108/><D129/><U7/><E125/><V102/><F124/><W117/><G117/><T70/><D118/><U16/><E83/><V11/><F44/><W81/><G133/><T96/><D135/><U22/><E63/><V127/><F111/><N who="0" m="42538" /><D70/><U55/><E55/><V78/><F78/><W6/><G6/><N who="1" m="2058" /><E36/><V28/><F28/><W54/><G64/><T80/><D48/><U9/><E40/><V41/><F41/><W19/><G19/><T33/><D97/><AGARI ba="0,0" hai="8,9,16,22,27,49,50,51,91,92,97" m="2058" machi="97" ten="30,3900,0" yaku="8,1,52,1,54,1" doraHai="93" who="1" fromWho="0" sc="200,-39,210,39,220,0,370,0" /><INIT seed="3,0,0,3,0,101" ten="161,249,220,370" oya="3" hai0="45,110,93,35,42,134,122,99,84,24,49,61,23" hai1="59,57,33,27,48,3,105,64,79,114,56,78,29" hai2="125,38,97,7,100,88,117,25,68,94,28,69,118" hai3="10,126,128,36,103,111,71,9,92,30,8,89,21" shuffle="mt19937ar,29EC19AA,E5D9A9F2,CA5AD1AC,F7CD7C38,7F0D6342,816E032C,93800D26,7F1046DE"/><W60/><G36/><T132/><D35/><U119/><E114/><V67/><F38/><W44/><G111/><T83/><D110/><U2/><E119/><V17/><F7/><W18/><G128/><T120/><D61/><U13/><E105/><V51/><F125/><W70/><G70/><T87/><D122/><U62/><E13/><V11/><F51/><W73/><G73/><T72/><D120/><U121/><E121/><V15/><F100/><W76/><G71/><T130/><D130/><U85/><E85/><V86/><F68/><W39/><G39/><T104/><D104/><U41/><E57/><V5/><F5/><W12/><G103/><T34/><D34/><U46/><REACH who="1" step="1"/><E59/><REACH who="1" step="2"/><V32/><F86/><N who="3" m="52279" /><G12/><T50/><D50/><U74/><E74/><V102/><F69/><W106/><G106/><T82/><D72/><U95/><E95/><N who="2" m="58687" /><F117/><W14/><G14/><T43/><D43/><U19/><E19/><V123/><F123/><W1/><G18/><T40/><D40/><U54/><E54/><V129/><F129/><W22/><G1/><AGARI ba="0,1" hai="1,2,3,27,29,33,41,46,48,56,62,64,78,79" machi="1" ten="40,1300,0" yaku="1,1,53,0" doraHai="101" doraHaiUra="115" who="1" fromWho="3" sc="161,0,239,23,220,0,370,-13" owari="161,-24,262,1,220,-13,357,36" /></mjloggm>