<mjloggm ver="2.3"><GO type="225"/><UN n0="%E9%95%B7%E5%B2%A1%E5%A4%A7%E6%98%8E%E7%A5%9E" n1="%E7%AB%9C%E9%A9%A4%E9%BA%9F%E6%8C%AF" n2="%E5%85%AD%E5%88%86%E5%84%80" n3="%62%61%6B%61%73%65" dan="16,17,18,16" rate="2047,2020,2151,2016" sx="F,M,F,F"/><TAIKYOKU oya="0"/><INIT seed="0,0,0,2,4,57" ten="250,250,250,250" oya="0" hai0="124,68,63,11,3,128,108,116,29,47,60,65,86" hai1="119,10,23,122,58,46,125,99,126,92,94,44,101" hai2="50,1,127,80,20,38,43,66,18,84,113,104,16" hai3="53,26,103,107,40,6,4,70,71,93,39,49,115" shuffle="mt19937ar,EAFDE211,0780BEE0,66C9B9F7,812E143F,D2596AF6,05EAB6D8,9A2A12F4,4B95F6AB"/><T114/><D116/><U64/><E122/><V106/><F113/><W35/><G107/><T42/><D114/><U22/><E119/><V36/><F1/><W132/><G115/><T62/><D29/><U90/><E10/><V61/><F127/><N who="1" m="48649" /><E64/><V48/><F106/><W32/><G40/><T97/><D124/><U67/><E67/><V15/><F104/><W109/><G39/><T28/><D28/><U55/><E46/><V9/><F38/><W7/><G109/><T123/><D123/><U129/><E44/><V30/><F30/><W19/><G132/><T118/><D118/><U51/><E129/><V77/><F43/><W117/><G117/><T75/><D75/><U31/><E31/><V52/><F36/><W121/><G121/><T14/><D128/><U78/><E78/><V87/><F87/><AGARI ba="0,0" hai="22,23,51,55,58,87,90,92,94,99,101" m="48649" machi="87" ten="30,1000,0" yaku="18,1" doraHai="57" who="1" fromWho="2" sc="250,0,250,10,250,-10,250,0" /><INIT seed="1,0,0,4,0,98" ten="250,260,240,250" oya="1" hai0="91,124,23,36,80,48,62,22,17,15,52,65,132" hai1="59,95,128,64,51,94,11,35,56,49,93,107,78" hai2="8,74,110,104,75,14,31,45,96,130,19,32,115" hai3="38,44,30,120,67,26,58,113,25,40,5,112,99" shuffle="mt19937ar,FC11A6F2,4A3223B3,0DBE0F11,78D08A43,745C0BC3,538C1457,AE3A8471,C5C107E4"/><U18/><E35/><V119/><F119/><W87/><G120/><T108/><D36/><U101/><E128/><V37/><F130/><W72/><G72/><T21/><D132/><U3/><E3/><V90/><F110/><W43/><G43/><T103/><D108/><U123/><E123/><V33/><F115/><W63/><G5/><T81/><D124/><U66/><E78/><V100/><F90/><W76/><G26/><T4/><D4/><U83/><E83/><N who="0" m="31817" /><D91/><U73/><E73/><V129/><F129/><W97/><G87/><T46/><D103/><U92/><E107/><V55/><F33/><W68/><G76/><T114/><D114/><U60/><E11/><V126/><F126/><W70/><G113/><T1/><D1/><U127/><E18/><V6/><F31/><W24/><G24/><T71/><D71/><U134/><E134/><V135/><F32/><W53/><G70/><T85/><D85/><U0/><E0/><V117/><F135/><W79/><G79/><T131/><D131/><U2/><E2/><V9/><F117/><W61/><G112/><T109/><D109/><U12/><E12/><V54/><F37/><W10/><G10/><T20/><D65/><U121/><E121/><V39/><F9/><W82/><G82/><T88/><D88/><U13/><E13/><V47/><F6/><W50/><G38/><T105/><D105/><U84/><E127/><V125/><F125/><W57/><G68/><T69/><D69/><U122/><E122/><V34/><F39/><W16/><G30/><T29/><D29/><U116/><E116/><RYUUKYOKU ba="0,0" sc="250,15,260,-15,240,-15,250,15" hai0="15,17,20,21,22,23,46,48,52,62" hai3="16,25,40,44,50,53,57,58,61,63,67,97,99" /><INIT seed="2,1,0,5,2,22" ten="265,245,225,265" oya="2" hai0="130,96,120,34,92,97,60,1,30,76,4,40,129" hai1="18,115,83,81,43,88,65,74,7,8,80,112,118" hai2="121,17,51,46,131,99,39,29,77,2,132,98,75" hai3="101,36,54,24,79,49,94,31,64,59,58,105,41" shuffle="mt19937ar,C1DE9F56,D56A2FAD,329DE2EA,AEA068AB,E7076AB7,D49521B6,EC702E7B,4406F8CC"/><V50/><F121/><W28/><G105/><T91/><D120/><U11/><E118/><V10/><F131/><N who="0" m="50186" /><D76/><U38/><E74/><V95/><F132/><W70/><G79/><T12/><D1/><U111/><E65/><V127/><F127/><W87/><G70/><T67/><D40/><U35/><E35/><V134/><F134/><W84/><G36/><T117/><D117/><U133/><E133/><V9/><F29/><W21/><G31/><T57/><D4/><U44/><E111/><V61/><F61/><N who="3" m="37951" /><G41/><T82/><D82/><U104/><E104/><V103/><F39/><W72/><G72/><T73/><D73/><U107/><E107/><V55/><F75/><W52/><G54/><T71/><D12/><U110/><E110/><V78/><F99/><AGARI ba="1,0" hai="21,24,28,49,52,58,84,87,94,99,101" m="37951" machi="99" ten="30,7700,0" yaku="25,1,8,1,52,1,54,1" doraHai="22" who="3" fromWho="2" sc="265,0,245,0,225,-80,265,80" /><INIT seed="3,0,0,0,1,92" ten="265,245,145,345" oya="3" hai0="43,134,37,70,125,12,49,133,42,98,54,109,23" hai1="65,114,39,28,89,113,101,123,10,6,0,61,62" hai2="124,46,9,78,80,60,31,106,53,95,15,22,129" hai3="14,75,67,35,51,8,131,102,66,79,45,11,69" shuffle="mt19937ar,63DB7AFC,D8EDB62E,0F074F92,9DA0A955,E03607DB,E4508E45,8604A48E,36C9AD56"/><W32/><G131/><T121/><D121/><U111/><E123/><V57/><F106/><W85/><G75/><T64/><BYE who="1" /><D109/><U116/><E116/><V48/><F129/><W19/><G102/><T93/><D125/><U90/><E90/><V41/><F124/><W52/><G69/><T126/><D126/><U96/><E96/><V40/><F95/><W130/><G130/><T7/><D37/><U55/><E55/><V115/><F115/><W1/><G35/><T77/><D77/><U110/><E110/><V82/><F41/><W34/><G34/><T94/><D94/><U107/><E107/><V13/><F78/><W103/><G103/><T71/><D42/><U17/><E17/><V3/><F3/><W2/><G32/><T72/><D43/><U97/><E97/><V132/><F132/><W118/><G118/><T5/><D72/><U84/><E84/><V76/><F76/><W74/><G74/><T44/><D7/><U36/><E36/><V25/><REACH who="2" step="1"/><F15/><REACH who="2" step="2"/><N who="3" m="7655" /><G2/><T27/><D134/><U81/><E81/><V33/><F33/><W117/><G1/><T29/><D133/><U24/><E24/><V26/><F26/><W100/><G79/><T99/><D93/><U104/><E104/><V135/><F135/><W91/><G14/><T20/><D12/><U127/><E127/><V108/><F108/><W105/><G105/><T87/><D27/><U88/><E88/><V38/><F38/><W112/><G91/><T21/><D29/><U119/><E119/><V56/><F56/><W16/><G117/><T63/><D71/><U59/><E59/><RYUUKYOKU ba="0,1" sc="265,-10,245,-10,135,30,345,-10" hai2="9,13,22,25,31,40,46,48,53,57,60,80,82" owari="255,1,235,-11,165,-23,345,33" /></mjloggm>