<mjloggm ver="2.3"><GO type="185"/><UN n0="%E7%B1%B3%E5%85%89%E5%80%B6%E6%A5%BD%E9%83%A8" n1="%E5%8D%81%E5%85%AD%E5%A4%9C%E2%80%A0%E5%92%B2%E5%A4%9C" n2="%E3%81%B0%E3%81%8F%E3%81%92%E3%81%A3%E3%81%8D" n3="" dan="16,16,16,0" rate="2170,2165,2220,1500" sx="F,F,M,C"/><TAIKYOKU oya="0"/><INIT seed="0,0,0,2,5,100" ten="350,350,350,0" oya="0" hai0="83,51,89,84,103,119,50,114,91,110,66,33,64" hai1="87,81,71,97,82,122,78,34,117,94,38,3,69" hai2="80,59,133,72,77,74,0,32,92,126,113,96,131" hai3="" shuffle="mt19937ar,6F02B2CA,783223CB,9C138A9B,7BA72D81,9767A517,47E25D44,010D51D0,7409EC36"/><T70/><D33/><U108/><N who="1" m="31264" /><U52/><E34/><V76/><F32/><T41/><D119/><U135/><E3/><V124/><F0/><T128/><D114/><U39/><E117/><V49/><F59/><T101/><D70/><U55/><E108/><V98/><F49/><N who="0" m="18442" /><D110/><U120/><N who="1" m="30752" /><U112/><E112/><V107/><F113/><T37/><D37/><U62/><E135/><V116/><F116/><T44/><D41/><U90/><E39/><V102/><F133/><T57/><D44/><U93/><E38/><V118/><F118/><T129/><D89/><U127/><E127/><N who="2" m="48683" /><F131/><N who="0" m="50250" /><D57/><U60/><E71/><V109/><F109/><T54/><D54/><U67/><E69/><V42/><F42/><T56/><D56/><U99/><E55/><V63/><F63/><T58/><D58/><U1/><E52/><V43/><F43/><T75/><D75/><N who="2" m="28714" /><F80/><T35/><D35/><U2/><E82/><V121/><N who="2" m="31008" /><V73/><N who="2" m="28722" /><V123/><N who="2" m="31520" /><DORA hai="95" /><V106/><F106/><T48/><N who="0" m="18450" /><T85/><DORA hai="132" /><D64/><U104/><E104/><V130/><F130/><T47/><D66/><U40/><E40/><V115/><F115/><T46/><D47/><U134/><E67/><V61/><F61/><RYUUKYOKU ba="0,0" sc="350,-10,350,-10,350,20,0,0" hai2="76,77,92,96,98,102,107" /><INIT seed="1,1,0,4,0,130" ten="340,340,370,0" oya="1" hai0="104,124,55,128,77,40,103,108,46,37,73,101,57" hai1="52,0,61,81,33,65,125,98,80,32,75,56,60" hai2="47,86,70,74,113,90,121,110,78,131,87,66,79" hai3="" shuffle="mt19937ar,1180AC58,00E487A7,39041CD8,59A1C817,6B3C5444,A01E3311,3661317D,13BBDCB9"/><U1/><E125/><V58/><N who="2" m="31008" /><V123/><N who="2" m="31520" /><V119/><F119/><T48/><D124/><U69/><E98/><V120/><N who="2" m="30752" /><V102/><F70/><T85/><D128/><U3/><REACH who="1" step="1"/><E75/><REACH who="1" step="2"/><V41/><F131/><T83/><D104/><U71/><E71/><V42/><F74/><T50/><D108/><U109/><E109/><V122/><N who="2" m="31264" /><V114/><F110/><T44/><REACH who="0" step="1"/><D73/><REACH who="0" step="2"/><U49/><E49/><V35/><F35/><AGARI ba="1,2" hai="0,1,3,32,33,35,52,56,60,61,65,69,80,81" machi="35" ten="50,4800,0" yaku="1,1,54,1,53,0" doraHai="130" doraHaiUra="39" who="1" fromWho="2" sc="330,0,330,70,370,-50,0,0" /><INIT seed="1,2,0,4,1,2" ten="330,400,320,0" oya="1" hai0="106,96,1,107,72,58,128,60,45,86,119,120,91" hai1="43,47,117,0,63,118,101,112,35,90,46,88,132" hai2="71,68,61,124,125,111,79,32,50,49,127,76,97" hai3="" shuffle="mt19937ar,F713DAF5,86CB65D6,88ABF203,AC89645E,1AE93F88,9AE9C02D,110B8EB4,86DF4C1E"/><U135/><E0/><V41/><F97/><T87/><N who="0" m="30752" /><T115/><D1/><U70/><E101/><V74/><F32/><T3/><D3/><U34/><E112/><V104/><F104/><T65/><D119/><U75/><E75/><V85/><F85/><T82/><D115/><U93/><E70/><V83/><F111/><T62/><D45/><U130/><E63/><V103/><F103/><T67/><D128/><U108/><E93/><V100/><F100/><T110/><D72/><U131/><REACH who="1" step="1"/><E43/><REACH who="1" step="2"/><V66/><F71/><T99/><D106/><U52/><E52/><V109/><F41/><T116/><D107/><U92/><E92/><V134/><F109/><AGARI ba="2,1" hai="34,35,46,47,88,90,108,109,117,118,130,131,132,135" machi="109" ten="25,18000,2" yaku="1,1,22,2,52,2,54,1,53,0" doraHai="2" doraHaiUra="39" who="1" fromWho="2" sc="330,0,390,194,320,-184,0,0" /><INIT seed="1,3,0,0,1,43" ten="330,584,136,0" oya="1" hai0="91,78,84,57,104,132,50,134,108,122,110,66,46" hai1="115,119,114,51,61,87,33,32,92,121,74,71,83" hai2="35,96,118,131,65,103,135,90,102,42,127,1,106" hai3="" shuffle="mt19937ar,956F1E7B,5FFB9EF9,7D7DC3B4,B74EE6BF,AFA3B51D,FFB70D0B,C4A08038,D668E3A3"/><U2/><N who="1" m="31008" /><U77/><E2/><V130/><F1/><T113/><N who="0" m="31264" /><T0/><D104/><U88/><E119/><V49/><F35/><T60/><D0/><U58/><E71/><V124/><F118/><T79/><D113/><U48/><E33/><V54/><F65/><T89/><D91/><U47/><E32/><V34/><F34/><T99/><D99/><U69/><E69/><V64/><F64/><T85/><D85/><U101/><E101/><V45/><F90/><T112/><D112/><U111/><E111/><N who="0" m="42537" /><D79/><U86/><E87/><V59/><F103/><T56/><D78/><U68/><E68/><V128/><REACH who="2" step="1"/><F135/><REACH who="2" step="2"/><T120/><N who="0" m="30752" /><T76/><D76/><U40/><REACH who="1" step="1"/><E51/><AGARI ba="3,1" hai="42,45,49,51,54,59,96,102,106,124,127,128,130,131" machi="51" ten="40,8000,1" yaku="1,1,19,1,52,1,53,2" doraHai="43" doraHaiUra="44" who="2" fromWho="1" sc="330,0,584,-86,126,96,0,0" /><INIT seed="2,0,0,5,5,48" ten="330,498,222,0" oya="2" hai0="66,92,120,127,94,36,103,61,106,102,65,89,96" hai1="81,109,64,74,82,71,67,129,78,107,57,37,110" hai2="73,47,113,49,53,56,59,2,77,68,70,43,86" hai3="" shuffle="mt19937ar,E3D7833B,E983D250,3EA78486,84AE386D,AD92D58E,CAF66975,4F47B970,42A90738"/><V72/><F2/><T69/><N who="0" m="30752" /><T117/><D36/><U105/><E37/><V85/><F113/><T0/><D0/><U80/><E71/><V101/><F59/><T133/><D117/><U121/><N who="1" m="31008" /><U91/><E129/><V118/><F118/><T38/><D38/><U60/><E67/><V98/><F70/><T46/><D46/><U84/><REACH who="1" step="1"/><E82/><REACH who="1" step="2"/><V88/><F68/><T51/><D66/><U55/><E55/><V130/><F130/><T114/><D114/><U79/><E79/><V39/><F73/><T44/><D133/><U95/><E95/><V33/><F33/><T1/><D1/><U104/><AGARI ba="0,1" hai="57,60,64,74,78,80,81,84,91,104,105,107,109,110" m="31008" machi="104" ten="40,3900,0" yaku="1,1,0,1,52,1,53,0" doraHai="48" doraHaiUra="97" who="1" fromWho="1" sc="330,-13,488,49,222,-26,0,0" /><INIT seed="4,0,0,2,3,95" ten="317,537,196,0" oya="0" hai0="34,92,110,121,112,107,39,35,117,37,88,89,68" hai1="81,52,83,47,94,36,66,129,127,132,109,75,98" hai2="3,61,65,57,101,64,74,100,72,49,99,0,60" hai3="" shuffle="mt19937ar,F50667E4,C49911CC,7211BDE2,E88C8918,6ABA27D7,CDE69B04,9486E7AB,12993BDA"/><T77/><D77/><U104/><E109/><V44/><F101/><T119/><D92/><U40/><E104/><V38/><F38/><T63/><D63/><U91/><E132/><V56/><F3/><T130/><D88/><U96/><E129/><V69/><F69/><T51/><D89/><U111/><E127/><V73/><F0/><T133/><D51/><U93/><E111/><V103/><F103/><T32/><D32/><U123/><N who="1" m="31520" /><U115/><E115/><V105/><REACH who="2" step="1"/><F73/><REACH who="2" step="2"/><T45/><D34/><U41/><E75/><V102/><F102/><T84/><D39/><U85/><E36/><V118/><F118/><T67/><D117/><U54/><E66/><V87/><F87/><T114/><D67/><U78/><E85/><V43/><AGARI ba="0,1" hai="43,44,49,56,57,60,61,64,65,72,74,99,100,105" machi="43" ten="20,9000,2" yaku="1,1,0,1,7,1,9,1,52,1,53,2" doraHai="95" doraHaiUra="106" who="2" fromWho="2" sc="317,-60,537,-30,186,100,0,0" /><INIT seed="5,0,0,3,0,133" ten="257,507,286,0" oya="1" hai0="117,32,46,37,86,73,74,121,69,134,101,67,106" hai1="84,42,83,64,0,115,93,52,107,103,111,45,118" hai2="110,50,59,53,122,100,33,90,71,55,87,57,105" hai3="" shuffle="mt19937ar,FD020B5A,81066541,F0DA45CA,44047419,6664015A,2629E328,F2721DDB,2CD99AD4"/><U78/><E0/><V56/><N who="2" m="31264" /><V34/><F110/><T38/><D86/><U109/><E118/><V51/><F71/><T98/><N who="0" m="31008" /><T60/><D117/><U89/><E115/><V132/><F132/><T68/><D69/><U128/><E128/><V125/><F100/><T116/><D116/><U77/><E64/><V102/><F102/><T2/><D2/><U72/><E78/><V70/><F70/><T120/><N who="0" m="30752" /><T91/><D134/><U126/><E126/><V135/><F135/><T113/><D91/><U65/><E65/><V58/><F105/><T94/><D94/><U66/><E66/><V61/><F125/><T112/><D32/><U131/><E131/><V130/><F130/><T41/><D37/><U81/><E81/><V54/><REACH who="2" step="1"/><F59/><REACH who="2" step="2"/><T76/><D76/><U63/><E111/><V47/><F47/><T40/><REACH who="0" step="1"/><D41/><REACH who="0" step="2"/><U124/><E42/><V95/><AGARI ba="0,2" hai="33,34,50,51,53,54,55,56,57,58,61,87,90,95" m="31264" machi="95" ten="20,6000,1" yaku="1,1,0,1,7,1,9,1,52,1,53,0" doraHai="133" doraHaiUra="43" who="2" fromWho="2" sc="247,-20,507,-40,276,80,0,0" /><INIT seed="6,0,0,3,3,50" ten="227,467,356,0" oya="2" hai0="59,100,2,63,126,73,48,81,38,108,101,93,89" hai1="116,118,96,128,76,34,0,66,121,117,115,67,52" hai2="95,56,71,3,40,57,122,36,64,77,134,75,91" hai3="" shuffle="mt19937ar,F658003C,61F6506A,D65E2166,4F23478A,DD493EF2,AD44C37A,B19B07DD,CF59BC04"/><V133/><N who="2" m="31264" /><V106/><F3/><T87/><D38/><U114/><N who="1" m="31008" /><U111/><E0/><V46/><F106/><T78/><D2/><U135/><E34/><V43/><F43/><T35/><D35/><U49/><E111/><V54/><F77/><T112/><D108/><U61/><E135/><N who="2" m="51723" /><F75/><T104/><D126/><U68/><E128/><V39/><F39/><T125/><D125/><U132/><E132/><V131/><F131/><T127/><D48/><U55/><E67/><V98/><F54/><N who="1" m="20521" /><E76/><V102/><F102/><T44/><D127/><U69/><E69/><V110/><F110/><T80/><D104/><U83/><E83/><V105/><F105/><T84/><D81/><U120/><N who="1" m="30752" /><U99/><E49/><V92/><F95/><T32/><D93/><U88/><E88/><V53/><F53/><T119/><D89/><U45/><E45/><V65/><F65/><T74/><D44/><U103/><E103/><V1/><F1/><T86/><D101/><U129/><E129/><V47/><F47/><T124/><D100/><U97/><AGARI ba="0,0" hai="61,66,68,96,97,99,114,115,116,117,118" m="30752,20521,31008" machi="97" ten="40,9000,2" yaku="12,1,52,5,54,1" doraHai="50" who="1" fromWho="1" sc="227,-30,467,90,356,-60,0,0" owari="197,-40,557,50,296,-10,0,0" /></mjloggm>