<mjloggm ver="2.3"><GO type="185"/><UN n0="%E5%8D%81%E5%85%AD%E5%A4%9C%E2%80%A0%E5%92%B2%E5%A4%9C" n1="%E3%81%9F%E3%82%80%E3%81%A8%E3%83%BC" n2="%E4%BF%8A%E3%81%93%E3%82%8D" n3="" dan="16,16,16,0" rate="2190,2121,2080,1500" sx="F,M,M,C"/><TAIKYOKU oya="0"/><INIT seed="0,0,0,3,4,68" ten="350,350,350,0" oya="0" hai0="93,61,72,102,86,106,52,80,127,71,82,99,135" hai1="130,92,43,66,95,128,108,64,78,133,88,42,45" hai2="85,36,73,0,126,134,124,2,70,113,76,91,94" hai3="" shuffle="mt19937ar,0711B439,23326877,9C674CF0,8F42CE87,7074E180,C1FF043C,43C8D08E,50026FEA"/><T81/><D127/><N who="2" m="48682" /><F113/><T38/><D135/><U54/><E133/><V62/><F134/><T125/><D125/><U112/><E108/><V50/><F50/><T57/><D71/><U1/><E1/><V90/><F36/><T41/><D72/><U49/><E112/><V129/><F129/><N who="1" m="49769" /><E78/><V48/><F48/><T110/><D110/><U117/><E117/><V87/><F76/><T59/><D59/><U40/><E95/><V53/><F73/><T100/><D100/><U33/><E33/><V96/><F96/><AGARI ba="0,0" hai="40,42,43,45,49,54,64,66,88,92,96" m="49769" machi="96" ten="30,2000,0" yaku="19,1,54,1" doraHai="68" who="1" fromWho="2" sc="350,0,350,20,350,-20,0,0" /><INIT seed="1,0,0,4,4,0" ten="350,370,330,0" oya="1" hai0="135,46,84,36,112,65,58,64,110,38,56,126,85" hai1="102,123,48,133,91,97,41,50,94,83,101,76,35" hai2="116,96,43,127,121,68,80,128,105,115,82,90,51" hai3="" shuffle="mt19937ar,142A772A,423AB30C,67A69EAD,3A6ED24E,C684AD4B,BAB5DB70,B0004B8E,161B5D79"/><U74/><E35/><V81/><N who="2" m="31008" /><V47/><F116/><T119/><D112/><U75/><N who="1" m="31520" /><U134/><E41/><V79/><F115/><T103/><D103/><N who="1" m="39435" /><E48/><V44/><F105/><T1/><D1/><U120/><N who="1" m="30752" /><U40/><E40/><V129/><F68/><T108/><D119/><U52/><E52/><V88/><F127/><T61/><D126/><U55/><E55/><V131/><F96/><T73/><D73/><N who="1" m="27659" /><E50/><V2/><F2/><T34/><D34/><U111/><E111/><V114/><F114/><T42/><D38/><U62/><E62/><V37/><REACH who="2" step="1"/><F79/><REACH who="2" step="2"/><T109/><D109/><U95/><E95/><V93/><F93/><T59/><D110/><U130/><E130/><V54/><AGARI ba="0,1" hai="37,43,44,47,51,54,80,81,82,88,90,128,129,131" m="31008" machi="54" ten="40,6000,1" yaku="1,1,0,1,19,1,52,1,54,1,53,0" doraHai="0" doraHaiUra="113" who="2" fromWho="2" sc="350,-20,370,-40,320,70,0,0" /><INIT seed="2,0,0,3,4,0" ten="330,330,390,0" oya="2" hai0="53,92,56,86,110,90,1,116,72,40,93,102,44" hai1="135,107,109,46,96,49,33,132,68,119,103,131,2" hai2="115,39,124,66,64,113,125,114,36,123,95,43,83" hai3="" shuffle="mt19937ar,C72DD7DF,E7C36813,2B5C4C6A,FFA2FAEC,078784F6,A42283EB,C7B9B228,71D36E9E"/><V42/><N who="2" m="31520" /><V60/><F83/><T112/><D1/><U127/><E49/><V105/><F95/><T57/><D72/><U65/><E65/><V126/><F105/><T133/><D116/><U69/><E46/><V121/><N who="2" m="31008" /><V134/><F134/><T87/><D133/><U104/><E69/><V34/><F34/><T117/><D117/><U111/><E96/><V128/><F128/><T91/><D110/><U81/><E81/><V84/><F84/><T35/><D112/><U106/><E103/><V62/><F66/><T120/><N who="0" m="30752" /><T41/><D102/><U75/><E106/><V100/><F100/><T98/><D98/><U108/><E107/><V63/><F64/><T51/><REACH who="0" step="1"/><D35/><REACH who="0" step="2"/><U118/><E132/><V78/><REACH who="2" step="1"/><F78/><REACH who="2" step="2"/><T130/><D130/><U45/><E111/><V73/><F73/><T71/><D71/><U122/><E109/><V74/><F74/><T77/><D77/><U85/><E85/><V38/><AGARI ba="0,2" hai="36,38,39,42,43,60,62,63,113,114,115,124,125,126" m="31008,31520" machi="38" ten="50,32000,5" yakuman="40" doraHai="0" doraHaiUra="88" who="2" fromWho="2" sc="320,-160,330,-160,380,340,0,0" /><INIT seed="2,1,0,2,0,101" ten="160,170,720,0" oya="2" hai0="75,120,37,76,45,108,127,91,88,51,34,133,112" hai1="87,95,92,85,70,61,41,46,57,36,89,81,96" hai2="93,39,52,74,123,42,2,66,113,80,32,102,67" hai3="" shuffle="mt19937ar,A8CB4F34,0C43D7AC,0DB13F28,13FD4364,BEFEAD26,71090580,64FEF138,1F21D41D"/><V114/><N who="2" m="31520" /><V48/><F2/><T78/><N who="0" m="30752" /><T106/><D34/><U53/><E70/><V40/><F32/><T134/><D37/><U43/><E43/><V125/><F125/><T47/><D127/><U132/><E132/><V105/><F105/><T107/><D108/><U44/><E44/><V98/><F113/><T60/><D60/><U124/><E124/><V86/><F114/><T82/><D112/><U103/><REACH who="1" step="1"/><E87/><REACH who="1" step="2"/><V129/><F86/><T73/><D82/><AGARI ba="1,1" hai="36,41,46,53,57,61,81,82,85,89,92,95,96,103" machi="82" ten="40,2600,0" yaku="1,1,2,1,53,0" doraHai="101" doraHaiUra="117" who="1" fromWho="0" sc="160,-28,160,38,720,0,0,0" /><INIT seed="4,0,0,1,2,121" ten="132,198,720,0" oya="0" hai0="71,54,86,74,83,92,88,73,102,2,45,1,75" hai1="3,129,132,120,85,89,52,133,96,72,57,106,64" hai2="81,123,127,116,42,43,58,108,97,110,78,118,44" hai3="" shuffle="mt19937ar,B38BB6F6,C4269395,626275DE,2470D394,5A4033D7,AA7E5780,19C7CB08,9DDFA342"/><T50/><REACH who="0" step="1"/><D71/><REACH who="0" step="2"/><U112/><E120/><V56/><N who="2" m="31520" /><V90/><F118/><T76/><D76/><U69/><E69/><V41/><F116/><T111/><D111/><U99/><E132/><V34/><F110/><T103/><D103/><U33/><E133/><V87/><F108/><T122/><N who="0" m="31264" /><T126/><D126/><U48/><E3/><V77/><F127/><T51/><D51/><U61/><E48/><V60/><F34/><T113/><D113/><U53/><E33/><V38/><F56/><T49/><D49/><U68/><E57/><V134/><F134/><T124/><D124/><U95/><E68/><V80/><F97/><AGARI ba="0,1" hai="1,2,45,50,54,73,74,75,83,86,88,92,97,102" m="31264" machi="97" ten="40,12000,1" yaku="21,2,52,1,54,1,53,0" doraHai="121" doraHaiUra="37" who="0" fromWho="2" sc="122,130,198,0,720,-120,0,0" /><INIT seed="4,1,0,1,0,91" ten="252,198,600,0" oya="0" hai0="68,121,38,107,42,96,70,131,52,123,69,58,94" hai1="50,63,105,83,51,53,43,41,34,85,115,134,125" hai2="101,66,61,71,62,98,45,57,72,67,60,93,75" hai3="" shuffle="mt19937ar,70DC2C90,1F88DC60,D605537B,24FD1A78,BAD00B1F,C25B42B6,20CC2A64,4C929497"/><T129/><N who="0" m="31008" /><T132/><N who="0" m="31520" /><T88/><D107/><U133/><E34/><V112/><F112/><T95/><D132/><N who="1" m="50795" /><E105/><V33/><F33/><T103/><D42/><U84/><E115/><V106/><F61/><T74/><D74/><U3/><E3/><V48/><F106/><T87/><REACH who="0" step="1"/><D38/><REACH who="0" step="2"/><U81/><E41/><AGARI ba="1,1" hai="41,45,48,57,60,62,66,67,71,72,75,93,98,101" machi="41" ten="30,2000,0" yaku="7,1,52,1" doraHai="91" who="2" fromWho="1" sc="242,0,198,-22,600,32,0,0" /><INIT seed="5,0,0,4,5,109" ten="242,176,632,0" oya="1" hai0="102,94,93,135,90,121,62,74,92,49,81,131,45" hai1="96,36,43,108,107,110,35,32,133,116,82,98,46" hai2="58,39,115,80,47,114,72,129,57,91,113,64,128" hai3="" shuffle="mt19937ar,36074979,D32B57DA,F11322B9,BFEE3BE5,9918931E,CE62ECC5,FB75D032,109E7525"/><U118/><E133/><V33/><F33/><N who="1" m="12873" /><E82/><V67/><F47/><T123/><N who="0" m="31008" /><T112/><N who="0" m="31520" /><T71/><D131/><N who="2" m="50250" /><F39/><T70/><D112/><U60/><E60/><V85/><F72/><T66/><D135/><U56/><E56/><AGARI ba="0,0" hai="56,57,58,64,67,80,85,91,113,114,115" m="50250" machi="56" ten="40,12000,2" yaku="15,1,11,1,19,1,52,3" doraHai="109" who="2" fromWho="1" sc="242,0,176,-120,632,120,0,0" /><INIT seed="6,0,0,1,5,58" ten="242,56,752,0" oya="2" hai0="63,95,134,94,112,75,53,36,113,106,55,108,38" hai1="87,131,122,103,121,116,32,60,96,70,114,85,82" hai2="74,46,123,104,133,88,100,81,47,111,34,105,91" hai3="" shuffle="mt19937ar,EEBFFB7A,7C854D89,8D15F76E,D8A6FB20,49247F37,1590B0D6,CBF480BA,AC71DBF7"/><V33/><N who="2" m="31520" /><V84/><F111/><T118/><D106/><U132/><N who="1" m="31008" /><U101/><E32/><V66/><F133/><T0/><D75/><U115/><E70/><V67/><F74/><T135/><D0/><U48/><E60/><V107/><F100/><T90/><D63/><U54/><E54/><V97/><F97/><T77/><D90/><U41/><E48/><V120/><N who="2" m="30752" /><V49/><F49/><T51/><D51/><U57/><E57/><V119/><F104/><T109/><D77/><U128/><N who="1" m="31264" /><U76/><E41/><V129/><F129/><T80/><D80/><U127/><E132/><V93/><F93/><T71/><D71/><U45/><E45/><V56/><F56/><T1/><D1/><U89/><E127/><V35/><F35/><T102/><D102/><U69/><E69/><V62/><F62/><T50/><D50/><U61/><E61/><V125/><F125/><T92/><D92/><U52/><E52/><V3/><F3/><T124/><D124/><U98/><E89/><V117/><F81/><T37/><D37/><U110/><E82/><V59/><F59/><T40/><D40/><U86/><E86/><AGARI ba="0,0" hai="33,34,46,47,66,67,84,86,88,91,105,107,117,119" m="30752,31520" machi="86" ten="25,12000,1" yaku="22,2,52,2,54,1" doraHai="58" who="2" fromWho="1" sc="242,0,56,-120,752,120,0,0" owari="242,-16,-64,-66,872,82,0,0" /></mjloggm>