<mjloggm ver="2.3"><GO type="225"/><UN n0="%52%65%64%4D%61%67%69%63" n1="%E2%98%85%E3%83%A6%E3%83%94%E3%83%86%E3%83%AB%E2%98%85" n2="%E9%9B%81%E7%BA%8F" n3="%E6%A1%9C%E8%8A%B1%E9%96%83%E3%80%85" dan="16,17,16,16" rate="2040,2080,2060,2028" sx="M,M,M,M"/><TAIKYOKU oya="0"/><INIT seed="0,0,0,2,4,105" ten="250,250,250,250" oya="0" hai0="107,112,122,4,11,16,60,132,81,116,85,48,118" hai1="69,29,86,47,127,119,21,5,59,66,111,91,97" hai2="89,121,133,50,42,41,61,37,20,95,62,90,124" hai3="36,108,63,77,28,6,76,53,100,8,73,12,106" shuffle="mt19937ar,8419809C,13D5C8D2,F442E106,C2EB4B16,1A9B429F,3753E3B4,1A9AF6E9,49DEFF0F"/><T49/><D112/><U24/><E119/><V80/><F121/><W87/><G36/><T74/><D122/><U7/><E111/><V72/><F37/><W10/><G108/><T14/><D107/><U54/><E127/><V19/><F133/><W27/><G87/><T45/><D132/><U99/><E69/><V43/><F124/><W51/><G63/><N who="2" m="24073" /><F72/><W15/><G73/><T101/><D101/><U34/><E66/><V109/><F109/><W79/><G106/><T38/><D74/><U115/><E47/><N who="2" m="25967" /><F80/><W55/><G100/><T104/><D104/><U103/><E115/><V1/><F1/><W92/><G92/><T44/><D60/><N who="1" m="35959" /><E34/><V18/><F90/><W33/><REACH who="3" step="1"/><G51/><REACH who="3" step="2"/><T78/><D38/><U84/><E84/><V135/><F135/><W23/><G23/><T70/><D118/><U125/><E125/><V75/><F75/><W129/><G129/><T22/><D116/><U93/><E103/><V67/><F20/><W123/><G123/><T13/><D70/><U110/><E110/><V120/><F120/><W58/><G58/><T56/><D49/><U25/><E25/><V114/><F114/><W68/><G68/><T113/><D113/><U96/><AGARI ba="0,1" hai="5,7,21,24,29,86,91,93,96,97,99" m="35959" machi="96" ten="30,1100,0" yaku="8,1" doraHai="105" who="1" fromWho="1" sc="250,-5,250,21,250,-3,240,-3" /><INIT seed="1,0,0,0,3,38" ten="245,271,247,237" oya="1" hai0="67,15,106,62,43,3,17,119,95,68,22,125,6" hai1="127,30,36,133,71,83,66,41,116,123,28,100,61" hai2="99,53,124,65,77,121,18,52,14,35,42,131,132" hai3="60,64,50,129,58,128,21,51,5,101,111,90,102" shuffle="mt19937ar,565D4656,9763EF21,8840239F,AF65DFAA,724D339B,CECE4603,57655941,CD1FBCEB"/><U118/><E123/><V4/><F121/><W130/><G111/><T104/><D119/><U39/><E127/><V0/><F35/><W49/><G5/><T88/><D125/><U44/><E133/><V97/><F124/><W87/><REACH who="3" step="1"/><G21/><REACH who="3" step="2"/><T112/><D112/><U47/><E116/><V79/><F4/><W75/><G75/><T85/><D6/><U8/><E118/><V69/><F132/><W70/><G70/><T54/><D3/><U122/><E122/><V37/><F0/><W55/><G55/><T114/><D54/><U27/><E71/><V81/><F52/><W10/><G10/><T107/><REACH who="0" step="1"/><D114/><REACH who="0" step="2"/><U89/><E66/><V120/><F53/><W72/><G72/><T23/><D23/><U16/><E8/><V19/><F65/><W105/><G105/><T1/><D1/><U33/><E33/><V94/><F120/><W86/><G86/><T92/><D92/><AGARI ba="0,2" hai="49,50,51,58,60,64,87,90,92,101,102,128,129,130" machi="92" ten="50,3200,0" yaku="1,1,19,1,53,0" doraHai="38" doraHaiUra="26" who="3" fromWho="0" sc="235,-32,271,0,247,0,227,52" /><INIT seed="2,0,0,4,5,99" ten="203,271,247,279" oya="2" hai0="97,64,116,57,132,21,7,86,76,27,6,103,50" hai1="121,102,12,130,125,133,40,101,31,16,127,129,120" hai2="95,109,131,22,93,45,18,23,15,44,79,14,126" hai3="104,85,94,49,19,35,73,118,56,67,58,55,46" shuffle="mt19937ar,67C7081D,7ECF243F,4A302E97,DE51269D,4003347C,2E732733,8455BBFB,2326BC7B"/><V134/><F134/><W96/><G118/><T135/><D116/><U87/><E40/><V92/><F131/><N who="1" m="50185" /><E31/><V71/><F71/><W122/><G122/><N who="1" m="47210" /><E87/><V91/><F126/><N who="1" m="48137" /><E133/><V28/><F109/><W77/><G85/><T83/><D132/><U114/><E114/><V111/><F111/><W54/><G73/><T82/><D135/><U10/><AGARI ba="0,0" hai="10,12,16,101,102" m="48137,47210,50185" machi="10" ten="40,12000,2" yaku="19,1,13,1,18,1,52,2,54,1" doraHai="99" who="1" fromWho="1" sc="203,-30,271,120,247,-60,279,-30" /><INIT seed="3,0,0,5,0,41" ten="173,391,187,249" oya="3" hai0="120,98,129,123,51,122,28,69,36,25,85,127,10" hai1="24,70,118,9,7,35,60,17,134,3,135,44,15" hai2="16,92,78,103,63,86,65,56,39,133,61,73,30" hai3="128,121,20,130,64,76,37,62,5,22,83,58,79" shuffle="mt19937ar,BFBD43C1,D6756FFD,1199EB39,0020CC1D,04A873D8,F9C42607,5ECB6D98,0687288D"/><W91/><G121/><T31/><D69/><U80/><E80/><V117/><F117/><W55/><G37/><T18/><D36/><U88/><E88/><N who="2" m="53271" /><F39/><W82/><G5/><T66/><D66/><N who="1" m="41287" /><E44/><V101/><F73/><W90/><G64/><T49/><D129/><N who="3" m="49769" /><G83/><T94/><D127/><U45/><E45/><V81/><F133/><N who="1" m="50697" /><E118/><V47/><F30/><W29/><G79/><T89/><D98/><U119/><E119/><V112/><F112/><W107/><G107/><T125/><D125/><U40/><E40/><V33/><F81/><W131/><G131/><T48/><REACH who="0" step="1"/><D25/><REACH who="0" step="2"/><U74/><E24/><V71/><F71/><W116/><G116/><T124/><D124/><U113/><E113/><V23/><F65/><W87/><G29/><T97/><D97/><U114/><E114/><V84/><F101/><W32/><G32/><T59/><D59/><U43/><E35/><V93/><F33/><W96/><G96/><T13/><AGARI ba="0,1" hai="10,13,18,28,31,48,49,51,85,89,94,120,122,123" machi="13" ten="40,2700,0" yaku="1,1,0,1,53,0" doraHai="41" doraHaiUra="132" who="0" fromWho="0" sc="163,37,391,-7,187,-7,249,-13" owari="200,-15,384,38,180,-22,236,-1" /></mjloggm>