<mjloggm ver="2.3"><GO type="225"/><UN n0="%E3%83%80%E3%83%A0%E3%83%9E%E3%83%8B%E3%82%A2" n1="%E3%83%9C%E3%83%84" n2="%4E%6F%2E%32" n3="%E9%AC%BC%E5%93%AD" dan="16,16,16,17" rate="2128,2039,2105,2042" sx="M,M,M,M"/><TAIKYOKU oya="0"/><INIT seed="0,0,0,0,3,133" ten="250,250,250,250" oya="0" hai0="124,127,36,84,31,26,19,42,16,73,40,24,120" hai1="92,51,129,63,135,4,94,34,48,110,93,15,29" hai2="55,112,45,95,66,130,25,33,105,13,68,12,3" hai3="17,100,7,76,122,107,83,99,44,58,72,134,75" shuffle="mt19937ar,F8FCCF78,CBDFA28C,4A108D2B,DBC2690F,8E27A0DF,4724D2D5,A74CE386,BEBB6130"/><T79/><D73/><U11/><E135/><V23/><F105/><W126/><G134/><T65/><D65/><U1/><E110/><V81/><F3/><W57/><G7/><T53/><D120/><U111/><E111/><V98/><F112/><W41/><G75/><T104/><D104/><U64/><E129/><V114/><F114/><W8/><G122/><T28/><D53/><U82/><E82/><V52/><F81/><W0/><G126/><N who="0" m="48171" /><D84/><U2/><E29/><N who="0" m="11337" /><D79/><U49/><E34/><V90/><F66/><W61/><G61/><T10/><D36/><U128/><E128/><V121/><F130/><W80/><G80/><T96/><D96/><U43/><E43/><N who="0" m="16425" /><D10/><U91/><E91/><V78/><F121/><W71/><G71/><T77/><D77/><U27/><E11/><V5/><F78/><W86/><G72/><T117/><D117/><U116/><E116/><V9/><F68/><W60/><G99/><T125/><N who="0" m="48179" /><T69/><DORA hai="47" /><D69/><U62/><E93/><V102/><F90/><W18/><G107/><T37/><D37/><U22/><E94/><V103/><F95/><W106/><G106/><T85/><D85/><U67/><E92/><V50/><F98/><W119/><G86/><T46/><D46/><U14/><E67/><V118/><F45/><W70/><G44/><T59/><D59/><U6/><E64/><V87/><F118/><W32/><G57/><T113/><D113/><U35/><E62/><V88/><F87/><W115/><G115/><T132/><D132/><U21/><E63/><V74/><F55/><W39/><G60/><RYUUKYOKU ba="0,0" sc="250,30,250,-10,250,-10,250,-10" hai0="16,19,24,26" /><INIT seed="0,1,0,0,2,100" ten="280,240,240,240" oya="0" hai0="57,90,117,55,15,112,134,11,73,20,102,0,123" hai1="40,56,7,76,53,28,30,78,31,2,64,16,65" hai2="49,24,107,114,135,21,37,122,18,1,92,115,88" hai3="10,86,84,116,45,29,96,127,82,118,17,83,79" shuffle="mt19937ar,499E07D5,68741F7F,76303251,24EEE703,32338206,0E5F0CE4,BA1CAF8F,6021BFB4"/><T104/><D73/><U71/><E40/><V48/><F122/><W68/><G68/><T85/><D123/><U105/><E105/><V25/><F37/><W59/><G29/><T111/><D117/><U8/><E71/><V47/><F107/><W133/><G45/><T99/><D0/><U106/><E106/><V119/><F1/><W121/><G121/><T41/><D41/><U33/><E33/><V63/><F135/><W34/><G34/><T44/><D134/><U26/><E64/><V70/><F119/><W54/><G133/><T51/><D20/><U42/><E65/><V113/><F25/><W132/><G132/><T129/><D112/><U61/><REACH who="1" step="1"/><E42/><REACH who="1" step="2"/><V35/><F35/><W87/><G118/><T89/><D129/><U43/><E43/><V77/><F70/><W27/><G116/><T13/><D111/><U74/><E74/><V125/><F125/><W110/><G127/><T23/><D104/><U12/><E12/><V93/><F114/><W120/><G110/><T109/><D15/><U80/><E80/><V124/><F124/><W81/><G81/><T22/><D13/><U97/><E97/><V50/><F115/><W131/><G83/><T32/><D99/><U130/><E130/><V101/><F113/><W95/><G96/><T4/><D32/><U62/><E62/><V66/><F63/><W5/><G82/><T108/><D108/><U3/><E3/><V6/><F66/><W91/><G131/><T52/><D109/><U72/><E72/><V126/><F126/><W128/><G128/><T46/><D85/><N who="3" m="32873" /><G120/><T75/><D75/><RYUUKYOKU ba="1,1" sc="280,-10,230,30,240,-10,240,-10" hai1="2,7,8,16,26,28,30,31,53,56,61,76,78" /><INIT seed="1,2,1,0,5,77" ten="270,260,230,230" oya="1" hai0="20,66,27,94,67,74,128,51,127,42,8,30,59" hai1="25,97,123,44,34,57,19,31,9,40,4,108,70" hai2="133,68,17,3,23,22,119,112,88,105,37,131,132" hai3="81,60,49,48,32,106,118,107,76,15,21,135,5" shuffle="mt19937ar,7FB383D6,FEE32BB5,214F38AD,8D450B8B,575FCA70,FA4198A5,95DBA9B3,11578AA2"/><U13/><E123/><V53/><F68/><W83/><G32/><T82/><D128/><U0/><E70/><V121/><F119/><W116/><G135/><N who="2" m="51785" /><F121/><W71/><G5/><T24/><D127/><U134/><E134/><V56/><F37/><W126/><G126/><T61/><D8/><U45/><E108/><V35/><F105/><N who="3" m="39947" /><G76/><T110/><D110/><U80/><E97/><V33/><F3/><W130/><G130/><T65/><D27/><U10/><E57/><V11/><F112/><W104/><G104/><T111/><D111/><U89/><REACH who="1" step="1"/><E40/><REACH who="1" step="2"/><V115/><F115/><W99/><G99/><T41/><D41/><U86/><AGARI ba="2,2" hai="0,4,9,10,13,19,25,31,34,44,45,80,86,89" machi="86" ten="30,18000,2" yaku="1,1,2,1,0,1,52,1,53,2" doraHai="77" doraHaiUra="7" who="1" fromWho="1" sc="270,-62,250,206,230,-62,230,-62" /><INIT seed="1,3,0,4,1,47" ten="208,456,168,168" oya="1" hai0="62,22,132,105,129,46,108,19,134,10,104,88,83" hai1="128,130,102,26,127,24,49,33,70,31,42,95,86" hai2="27,110,52,13,131,126,97,41,16,12,18,117,118" hai3="1,69,37,135,14,23,98,5,89,54,100,122,20" shuffle="mt19937ar,C4B11F37,15CDA965,458C8E17,66876DC4,A415DFFD,3A7780CA,A141E1B8,D823BB63"/><U120/><E120/><V111/><F41/><W71/><G122/><T93/><D83/><U85/><E70/><V59/><F126/><W121/><G37/><T87/><D10/><U7/><E7/><V119/><F131/><N who="1" m="50217" /><E26/><V112/><F97/><W68/><G121/><T96/><D129/><U109/><E127/><V28/><F112/><W115/><G115/><T114/><D114/><U44/><E109/><N who="2" m="41483" /><F59/><W43/><G43/><T82/><D108/><U39/><E39/><V92/><F92/><W72/><G72/><T11/><D11/><U60/><E60/><V45/><F45/><W34/><G69/><T38/><D62/><U133/><E133/><N who="0" m="51305" /><D46/><U21/><E33/><N who="2" m="20639" /><F52/><W67/><G54/><T51/><D38/><U65/><E65/><V0/><F0/><W53/><G67/><T61/><D61/><U73/><E73/><V25/><F25/><W30/><G1/><T76/><D51/><U9/><E102/><V123/><F123/><W94/><G100/><T3/><D3/><U107/><E107/><V15/><AGARI ba="3,0" hai="12,13,15,16,18,117,118,119" m="20639,41483" machi="15" ten="40,8000,1" yaku="14,1,34,2,54,1" doraHai="47" who="2" fromWho="2" sc="208,-23,456,-43,168,89,168,-23" /><INIT seed="2,0,0,2,5,66" ten="185,413,257,145" oya="2" hai0="76,60,46,47,61,0,45,15,73,51,133,98,36" hai1="35,105,43,30,79,111,115,88,112,56,10,52,39" hai2="75,125,85,128,84,113,44,82,26,19,135,58,92" hai3="132,11,65,122,33,31,2,130,90,124,12,6,86" shuffle="mt19937ar,D92116AB,D6B8F665,93824B62,A153AB96,D103ABB5,A958B4A2,33EBD099,338C3950"/><V23/><F113/><W55/><G122/><T27/><D0/><U110/><E105/><V129/><F135/><W49/><G132/><T20/><D15/><U1/><E79/><N who="2" m="44415" /><F125/><W4/><G124/><T123/><D123/><U50/><E30/><V16/><F58/><W100/><G130/><N who="2" m="50281" /><F44/><W108/><G108/><T119/><D119/><U114/><E35/><V106/><F106/><W104/><G65/><T81/><D36/><U48/><E39/><V72/><F72/><W93/><G31/><T42/><D133/><U83/><E1/><V37/><F37/><W32/><G2/><T87/><D73/><U64/><E10/><V80/><F92/><W67/><G67/><T101/><D46/><N who="1" m="25695" /><E64/><V28/><F84/><W78/><G4/><T13/><D47/><U29/><E114/><V116/><F116/><W131/><G131/><T69/><D69/><U18/><E115/><V96/><F96/><W7/><G7/><T8/><D98/><U109/><E112/><V89/><AGARI ba="0,0" hai="16,19,23,26,28,80,85,89" m="50281,44415" machi="89" ten="30,3000,0" yaku="19,1,54,1" doraHai="66" who="2" fromWho="2" sc="185,-10,413,-10,257,30,145,-10" /><INIT seed="2,1,0,0,1,90" ten="175,403,287,135" oya="2" hai0="15,99,34,20,19,54,130,48,70,111,115,12,27" hai1="50,71,106,85,26,40,76,46,65,60,123,14,124" hai2="117,107,32,58,36,78,108,119,69,92,35,16,24" hai3="7,94,112,128,41,13,118,11,17,82,84,79,51" shuffle="mt19937ar,A5CA87F2,5A5A0C12,A2B59EE2,BF39D596,6C701324,23122FAF,09561781,8BC6EEE0"/><V88/><F107/><W132/><G118/><T91/><D70/><U42/><E106/><V129/><F69/><W63/><G132/><T31/><D115/><U97/><E124/><V55/><F36/><W5/><G112/><T105/><D130/><U121/><E97/><N who="2" m="57479" /><F78/><W22/><G128/><T122/><D122/><U43/><E14/><V83/><F83/><W113/><G113/><T127/><D127/><U75/><E75/><V77/><F77/><W95/><G63/><T33/><D111/><U59/><E26/><V103/><F103/><W25/><G5/><T49/><D49/><U44/><E85/><V89/><F89/><W134/><G134/><T2/><D2/><U64/><E76/><V96/><F96/><W61/><G61/><T45/><D105/><U6/><E6/><V23/><F129/><W1/><G1/><T38/><D38/><U126/><E126/><V28/><F108/><W53/><G41/><N who="1" m="15978" /><E46/><AGARI ba="1,0" hai="7,11,13,17,22,25,46,51,53,79,82,84,94,95" machi="46" ten="30,7700,0" yaku="7,1,8,1,52,2" doraHai="90" who="3" fromWho="1" sc="175,0,403,-80,287,0,135,80" /><INIT seed="3,0,0,1,5,4" ten="175,323,287,215" oya="3" hai0="31,27,56,86,115,2,116,106,78,135,88,130,75" hai1="131,77,26,72,125,91,117,28,10,92,22,129,100" hai2="30,36,124,52,119,94,49,50,109,8,25,85,128" hai3="48,6,0,82,61,133,51,103,24,29,11,79,42" shuffle="mt19937ar,681C8001,40FDD569,B2685065,66BA7D22,7548E050,8E561D73,885373AF,1A0A6ACC"/><W122/><G122/><T89/><D106/><U111/><E111/><V13/><F36/><W71/><G133/><T107/><D2/><U134/><E134/><V41/><F109/><W15/><G103/><T59/><D107/><U87/><E125/><V112/><F128/><N who="1" m="49225" /><E117/><V99/><F119/><W126/><G126/><T81/><D130/><U1/><E100/><N who="2" m="60535" /><F112/><W33/><G42/><T62/><D116/><U16/><E77/><V90/><F124/><W47/><G47/><T73/><D115/><U45/><E45/><N who="2" m="27727" /><F49/><W39/><G39/><T127/><D135/><U95/><E72/><V38/><F38/><W14/><G51/><T80/><D127/><U57/><E57/><V67/><F67/><W17/><G48/><T35/><D59/><U32/><E10/><V18/><F41/><W118/><G118/><T34/><D34/><U105/><E1/><V93/><F25/><W12/><G71/><T58/><D58/><U5/><E5/><V123/><F123/><W43/><G43/><T19/><D19/><U23/><E105/><V108/><F108/><W84/><REACH who="3" step="1"/><G61/><REACH who="3" step="2"/><T83/><D75/><U98/><E16/><AGARI ba="0,1" hai="0,6,11,12,14,15,16,17,24,29,33,79,82,84" machi="16" ten="40,12000,1" yaku="1,1,2,1,52,1,54,1,53,0" doraHai="4" doraHaiUra="40" who="3" fromWho="1" sc="175,0,323,-120,287,0,205,130" owari="175,-22,203,-15,287,4,335,33" /></mjloggm>