<mjloggm ver="2.3"><GO type="225"/><UN n0="%E5%A4%9A%E9%9D%A2%E4%BD%93" n1="%E3%81%BF%E3%81%A3%E3%81%A4%E3%81%83%EF%BD%9E" n2="%4E%6F%2E%32" n3="%E3%83%A1%E3%82%BF%E3%83%95%E3%82%A1%E3%83%BC" dan="16,17,16,16" rate="2018,2152,2084,2058" sx="M,F,M,M"/><TAIKYOKU oya="0"/><INIT seed="0,0,0,4,0,59" ten="250,250,250,250" oya="0" hai0="6,14,73,121,117,49,78,82,57,123,12,75,41" hai1="1,94,17,29,22,45,112,96,43,119,111,128,66" hai2="130,11,72,101,42,23,61,129,122,87,80,2,115" hai3="18,131,53,50,35,7,56,68,30,133,64,33,65" shuffle="mt19937ar,7EDD6E53,08CBD7DE,070BF245,CAA44EF2,96B30AD1,524D36F2,CD41DBCD,7E14F6C2"/><T19/><D117/><U89/><E1/><V26/><F122/><W3/><G133/><T126/><D126/><U120/><E119/><V105/><F115/><W51/><G131/><N who="2" m="50185" /><F42/><W52/><G68/><T16/><D6/><U60/><E120/><V24/><F72/><W38/><G38/><T32/><D32/><U55/><E29/><V109/><F109/><W103/><G103/><T21/><D73/><U116/><E111/><V47/><F47/><W108/><G108/><T125/><D125/><U20/><E128/><V79/><F101/><W99/><G99/><T81/><D82/><U58/><E112/><V114/><F105/><W5/><G18/><T71/><D71/><U63/><E17/><V97/><F97/><W98/><G98/><T37/><D37/><U40/><E116/><V0/><F11/><W107/><G107/><T134/><D134/><U69/><REACH who="1" step="1"/><E43/><REACH who="1" step="2"/><V85/><F114/><W28/><G3/><T10/><REACH who="0" step="1"/><D41/><REACH who="0" step="2"/><U93/><E93/><V74/><F2/><W70/><G5/><T135/><D135/><U48/><AGARI ba="0,2" hai="20,22,40,45,48,55,58,60,63,66,69,89,94,96" machi="48" ten="20,8000,1" yaku="1,1,0,1,7,1,52,2,53,0" doraHai="59" doraHaiUra="102" who="1" fromWho="1" sc="240,-40,240,100,250,-20,250,-20" /><INIT seed="1,0,0,0,1,114" ten="200,340,230,230" oya="1" hai0="31,81,131,10,133,71,13,109,51,80,76,132,122" hai1="115,34,62,126,36,64,78,57,8,63,59,21,46" hai2="129,120,32,29,54,127,107,74,123,60,113,33,19" hai3="38,110,75,16,93,124,98,92,135,61,35,84,12" shuffle="mt19937ar,51234CED,FBC15033,1EB78A7D,77DC53E7,E66C0628,F4E92412,8B4F574D,EAFBD377"/><U24/><E34/><V23/><F107/><W117/><G75/><T22/><D71/><U96/><E115/><V111/><F74/><W56/><G38/><T99/><D122/><U49/><E36/><V5/><F113/><W83/><G35/><T125/><D99/><U97/><E78/><V39/><F5/><W53/><G110/><T68/><D109/><U40/><E8/><V121/><F39/><W30/><G135/><T43/><D68/><U14/><E14/><V116/><F129/><W37/><G124/><T58/><D125/><U119/><E126/><V70/><F127/><W102/><G30/><T1/><D1/><U48/><E48/><V17/><F111/><W100/><G117/><T9/><D80/><U65/><REACH who="1" step="1"/><E119/><REACH who="1" step="2"/><V69/><F116/><W112/><G37/><T3/><D3/><U41/><E41/><V42/><F42/><W50/><G112/><T18/><D132/><U95/><E95/><V85/><F32/><W25/><G50/><T72/><D133/><U52/><E52/><V90/><F33/><W118/><G118/><T28/><D131/><U20/><E20/><V0/><F121/><W82/><G12/><T77/><D77/><U105/><E105/><V103/><F120/><W101/><G92/><T89/><D9/><U94/><E94/><V128/><F123/><W106/><G106/><T108/><D108/><U44/><E44/><V73/><F128/><W26/><G83/><N who="0" m="45447" /><D10/><U67/><E67/><V7/><F0/><W6/><G82/><T88/><D81/><U2/><E2/><V130/><F130/><W27/><G93/><RYUUKYOKU ba="0,1" sc="200,-10,330,30,230,-10,230,-10" hai1="21,24,40,46,49,57,59,62,63,64,65,96,97" /><INIT seed="1,1,1,5,1,38" ten="190,360,220,220" oya="1" hai0="42,60,40,85,65,62,100,95,50,46,11,90,129" hai1="133,15,125,23,77,6,28,102,5,135,63,55,26" hai2="89,37,92,76,96,51,12,111,88,120,67,21,123" hai3="66,106,74,57,34,97,69,105,56,52,86,72,61" shuffle="mt19937ar,1C0E81FF,03CA337F,EB3E040B,F10B1D3D,F27DD6B8,60C0086E,EBDA5901,FB03C70D"/><U22/><E77/><V7/><F37/><W109/><G34/><T113/><D113/><U107/><E107/><V110/><F76/><W134/><G109/><N who="2" m="41481" /><F67/><W130/><G134/><N who="1" m="51210" /><E102/><N who="2" m="60679" /><F51/><W47/><G130/><T91/><D129/><U116/><E116/><V48/><F48/><W124/><G124/><T78/><D100/><U112/><E125/><V16/><F7/><W18/><G47/><T32/><D32/><U10/><E112/><V117/><F117/><W103/><G106/><T9/><D78/><U114/><E114/><V45/><F45/><W53/><G69/><T128/><D128/><U44/><E44/><V36/><F36/><W59/><G66/><T1/><D1/><U2/><E55/><V87/><F89/><W8/><G53/><N who="0" m="29911" /><D91/><U79/><E79/><V98/><F98/><W83/><G72/><T13/><D9/><N who="1" m="4535" /><E63/><N who="0" m="24105" /><D65/><U75/><E75/><V33/><F33/><AGARI ba="1,1" hai="2,5,10,22,23,26,28,33" m="4535,51210" machi="33" ten="30,5800,0" yaku="20,1,34,2" doraHai="38" who="1" fromWho="2" sc="190,0,360,71,220,-61,220,0" /><INIT seed="1,2,0,4,5,34" ten="190,431,159,220" oya="1" hai0="67,13,31,119,56,71,103,123,26,93,113,85,52" hai1="69,39,53,125,36,127,86,79,101,88,77,126,120" hai2="78,62,42,134,89,12,87,135,108,65,107,32,35" hai3="63,94,117,47,45,33,75,16,61,29,64,3,55" shuffle="mt19937ar,C30D77E7,8B0D0A3C,F7050495,06DACB9A,5E8602C3,AC8F1F4F,586A8872,01B9DBE4"/><U49/><E69/><V130/><F130/><W118/><G75/><T9/><D113/><U14/><E101/><V84/><F107/><W24/><G3/><T66/><D119/><N who="3" m="45577" /><G94/><T60/><D123/><U11/><E79/><V51/><F108/><W10/><G55/><T116/><D116/><U46/><E77/><V129/><F129/><W110/><G110/><T115/><D115/><U48/><E48/><V111/><F111/><W20/><G10/><T0/><D0/><U106/><E106/><V68/><F32/><W73/><G73/><T90/><D103/><U57/><E57/><V80/><F35/><W122/><G122/><T43/><D43/><U21/><E21/><V104/><F104/><W37/><G37/><T41/><D41/><U28/><E28/><V19/><F42/><W83/><G63/><T121/><D121/><U95/><REACH who="1" step="1"/><E120/><REACH who="1" step="2"/><V1/><F51/><W27/><G83/><T15/><D71/><AGARI ba="2,1" hai="16,20,24,27,29,33,45,47,61,64,71" m="45577" machi="71" ten="30,2000,0" yaku="12,1,54,1" doraHai="34" who="3" fromWho="0" sc="190,-26,421,0,159,0,220,36" /><INIT seed="2,0,0,1,0,43" ten="164,421,159,256" oya="2" hai0="1,58,11,80,119,85,0,10,106,8,2,74,24" hai1="124,42,100,12,34,128,133,69,127,62,70,72,121" hai2="18,36,123,67,25,57,113,117,132,125,93,75,81" hai3="96,65,68,13,87,56,21,115,103,77,33,27,101" shuffle="mt19937ar,899F60D5,9E7099C2,DD1F9274,09FCDF91,CCDF6057,BAFE1C29,1FFA4725,2D3216B1"/><V60/><F123/><W32/><G115/><T19/><D74/><U104/><E34/><V86/><F117/><W51/><G68/><T88/><D106/><U135/><E72/><V107/><F113/><W5/><G101/><T48/><D119/><U90/><E121/><V94/><F107/><W116/><G116/><T26/><D19/><U61/><E90/><V37/><F132/><N who="1" m="50761" /><E128/><V53/><F125/><N who="1" m="48201" /><E42/><V131/><F131/><W82/><G13/><T55/><AGARI ba="0,0" hai="0,1,2,8,10,11,24,26,48,55,58,80,85,88" machi="55" ten="40,2700,0" yaku="0,1,54,1" doraHai="43" who="0" fromWho="0" sc="164,27,421,-7,159,-13,256,-7" /><INIT seed="3,0,0,1,5,25" ten="191,414,146,249" oya="3" hai0="27,62,11,89,58,133,124,7,39,50,52,135,88" hai1="55,14,85,46,59,66,63,61,93,80,60,57,74" hai2="130,67,48,72,105,109,84,112,12,126,32,0,110" hai3="65,1,75,103,116,90,113,64,134,2,37,106,82" shuffle="mt19937ar,94AAA0EF,83D0ECEE,9CEA4240,F21227C9,35F41A67,1F3E0534,6F5C86A6,E4BA176C"/><W28/><G116/><T26/><D39/><U9/><E74/><V47/><F105/><W114/><G37/><T6/><D124/><U16/><E93/><V118/><F72/><W127/><G127/><T53/><D133/><U128/><E128/><V120/><F0/><W33/><G134/><T87/><D89/><N who="1" m="51367" /><E46/><V5/><F112/><N who="3" m="43115" /><G65/><T77/><D77/><U19/><E61/><V51/><F12/><W100/><G103/><T13/><D6/><AGARI ba="0,0" hai="6,9,14,16,19,55,57,59,60,63,66" m="51367" machi="6" ten="30,2000,0" yaku="8,1,54,1" doraHai="25" who="1" fromWho="0" sc="191,-20,414,20,146,0,249,0" owari="171,-18,434,43,146,-25,249,0" /></mjloggm>