<mjloggm ver="2.3"><GO type="185"/><UN n0="%E3%80%93%E3%81%84%E3%81%A1%E3%81%AF%E3%82%89%E3%80%93" n1="%E6%84%9F%E8%AC%9D%E3%81%A7%E3%81%99" n2="%E5%8D%81%E5%85%AD%E5%A4%9C%E2%80%A0%E5%92%B2%E5%A4%9C" n3="" dan="18,17,16,0" rate="2252,2201,2211,1500" sx="M,M,F,C"/><TAIKYOKU oya="0"/><INIT seed="0,0,0,3,2,61" ten="350,350,350,0" oya="0" hai0="117,120,1,89,123,73,96,83,54,99,107,103,43" hai1="108,121,127,68,110,35,47,132,2,135,119,125,33" hai2="60,87,70,59,92,98,75,79,113,46,84,49,106" hai3="" shuffle="mt19937ar,262CAE23,6A6ACFAA,4843D4B9,24B24C6D,EBB2815C,FE2A21EE,1A704F36,2DCFD87F"/><T109/><N who="0" m="30752" /><T57/><N who="0" m="31520" /><T74/><D1/><U41/><N who="1" m="31008" /><U48/><E2/><V93/><F70/><T97/><D117/><U66/><E119/><V50/><F106/><T36/><D109/><N who="1" m="42091" /><E68/><V100/><F113/><T131/><D131/><U76/><E76/><V44/><F75/><T65/><D65/><U32/><E66/><V116/><F116/><T81/><D43/><U69/><E69/><V94/><F79/><T102/><D36/><U64/><E64/><V63/><F98/><N who="0" m="37994" /><D57/><U114/><E114/><V0/><F0/><T134/><D54/><U88/><E88/><V86/><F100/><N who="0" m="38442" /><D134/><AGARI ba="0,0" hai="32,33,35,41,47,48,125,127,132,134,135" m="42091,31008" machi="134" ten="40,5200,0" yaku="20,1,14,1,52,1" doraHai="61" who="1" fromWho="0" sc="350,-52,350,52,350,0,0,0" /><INIT seed="1,0,0,0,4,78" ten="298,402,350,0" oya="1" hai0="41,113,119,63,50,53,60,94,54,38,87,93,37" hai1="76,95,108,123,98,110,52,104,118,62,129,82,79" hai2="124,1,48,72,91,69,70,77,57,102,132,101,81" hai3="" shuffle="mt19937ar,1A7F5127,DDC4EC48,3CF01123,AECF853B,98070B98,54AEFDA9,9CD03AF5,FA9F0003"/><U49/><N who="1" m="31520" /><U58/><E118/><V109/><F1/><T34/><D34/><U99/><E104/><V83/><F109/><N who="1" m="42089" /><E129/><V61/><F132/><T100/><D113/><U114/><E114/><V89/><F124/><T67/><D119/><U133/><E133/><V112/><F48/><T36/><D100/><U35/><E35/><V3/><F3/><T2/><D2/><U47/><E82/><V121/><N who="2" m="31008" /><V68/><F112/><T126/><D87/><U131/><E131/><V111/><F111/><T92/><D126/><U43/><E99/><V46/><F83/><T107/><D107/><U59/><E58/><V122/><N who="2" m="31264" /><V88/><REACH who="2" step="1"/><F46/><REACH who="2" step="2"/><T106/><D50/><U105/><E105/><V65/><AGARI ba="0,1" hai="57,61,65,68,69,70,72,77,81,88,89,91,101,102" m="31264,31008" machi="65" ten="40,9000,2" yaku="1,1,2,1,0,1,52,3,54,1,53,0" doraHai="78" doraHaiUra="42" who="2" fromWho="2" sc="298,-30,402,-60,340,100,0,0" /><INIT seed="2,0,0,2,3,70" ten="268,342,440,0" oya="2" hai0="131,48,130,58,1,54,103,94,63,83,79,111,119" hai1="68,121,66,38,123,117,102,120,91,72,3,109,77" hai2="55,100,96,107,78,2,62,114,41,33,65,135,97" hai3="" shuffle="mt19937ar,F4F4EDCD,38926601,A435FD56,7C7170AE,60922FB2,0C363405,11D80C69,6F6BDA74"/><V106/><F2/><T44/><D1/><U88/><N who="1" m="30752" /><U118/><N who="1" m="31008" /><U67/><N who="1" m="31520" /><U115/><E3/><V129/><F33/><T87/><D111/><U113/><E109/><V76/><F114/><N who="1" m="43529" /><E102/><V92/><F55/><T89/><D119/><N who="1" m="45579" /><E38/><V45/><F100/><T40/><REACH who="0" step="1"/><D103/><REACH who="0" step="2"/><U85/><E68/><V47/><F106/><T61/><D61/><U95/><E91/><V126/><F107/><T84/><AGARI ba="0,1" hai="40,44,48,54,58,63,79,83,84,87,89,94,130,131" machi="84" ten="30,5900,0" yaku="1,1,0,1,53,2" doraHai="70" doraHaiUra="81" who="0" fromWho="0" sc="258,69,342,-20,440,-39,0,0" /><INIT seed="4,0,0,3,5,112" ten="327,322,401,0" oya="0" hai0="2,68,52,129,79,104,73,32,76,119,34,43,40" hai1="33,74,69,90,103,53,59,132,122,123,94,113,51" hai2="65,111,98,128,38,126,91,100,85,78,107,72,133" hai3="" shuffle="mt19937ar,720BC0F5,7D7EA2A6,C0530E22,D9118EAD,A42E8BC4,9BC609D5,D390D178,D3FEF196"/><T48/><D2/><U86/><N who="1" m="31264" /><U89/><N who="1" m="31520" /><U0/><E33/><V101/><F38/><T47/><D104/><U61/><E74/><V82/><F65/><T41/><D68/><U36/><E36/><V95/><F111/><T63/><D129/><U121/><N who="1" m="31008" /><U57/><E0/><V58/><F58/><T97/><D119/><U106/><E69/><V37/><F37/><T77/><D73/><U39/><E39/><V118/><F128/><T134/><D134/><U117/><E132/><V80/><F133/><T84/><D97/><U125/><E125/><V92/><F126/><T49/><D63/><U67/><E113/><V87/><F118/><T1/><D1/><U44/><E117/><V70/><F70/><T66/><D66/><U114/><E114/><V71/><F71/><T116/><D116/><U110/><E110/><V46/><F46/><T35/><REACH who="0" step="1"/><D84/><REACH who="0" step="2"/><U88/><REACH who="1" step="1"/><E57/><AGARI ba="0,1" hai="32,34,35,40,41,43,47,48,49,52,57,76,77,79" machi="57" ten="50,9600,0" yaku="1,1,2,1,54,1,53,0" doraHai="112" doraHaiUra="56" who="0" fromWho="1" sc="317,106,322,-96,401,0,0,0" /><INIT seed="4,1,0,1,0,61" ten="423,226,401,0" oya="0" hai0="64,63,83,128,127,68,72,2,45,0,130,67,32" hai1="123,133,91,118,100,78,114,3,132,71,40,87,104" hai2="113,109,90,97,110,129,75,124,115,117,51,119,134" hai3="" shuffle="mt19937ar,5BAC736A,5434459D,0E7E2789,8EB3B606,0F6959FE,CC7ACA99,98FE5F7D,050E4A7F"/><T43/><D32/><U86/><N who="1" m="31520" /><U80/><E3/><V121/><F75/><T74/><D127/><U57/><E71/><V33/><F33/><T52/><D52/><U59/><E40/><V49/><F124/><T93/><D93/><U126/><E126/><V125/><F125/><T101/><D101/><U111/><E111/><N who="2" m="42507" /><F134/><T60/><D83/><U70/><E70/><V35/><F35/><T46/><D68/><U120/><N who="1" m="30752" /><U53/><E59/><V102/><F90/><T41/><AGARI ba="1,0" hai="0,2,41,43,45,46,60,63,64,67,72,74,128,130" machi="41" ten="25,8000,1" yaku="0,1,22,2,52,2" doraHai="61" who="0" fromWho="0" sc="423,82,226,-41,401,-41,0,0" /><INIT seed="4,2,0,4,0,3" ten="505,185,360,0" oya="0" hai0="62,64,81,83,135,40,34,59,89,66,33,63,99" hai1="122,65,38,32,86,0,67,87,68,56,93,111,50" hai2="123,113,112,108,41,42,115,47,79,100,116,96,98" hai3="" shuffle="mt19937ar,4013F29A,72A7F3F1,50C7EA05,50D51000,058697B6,34BD8C29,6C532CEB,82440E9A"/><T120/><N who="0" m="30752" /><T80/><D135/><U60/><N who="1" m="31264" /><U78/><E0/><V84/><N who="2" m="31520" /><V124/><F108/><T91/><D40/><U53/><E38/><V90/><F124/><T106/><D106/><U130/><E111/><V88/><F116/><T82/><N who="0" m="20480" /><DORA hai="45" /><T77/><D77/><U101/><E78/><V118/><F118/><T102/><D102/><U74/><E74/><V55/><F79/><T104/><D104/><U117/><E117/><V52/><F98/><T49/><D49/><U71/><E32/><V109/><F109/><T127/><D127/><U121/><N who="1" m="31008" /><U54/><E130/><V129/><F129/><T131/><D131/><U134/><E134/><V125/><F125/><T39/><D39/><U95/><E54/><V37/><F42/><T92/><REACH who="0" step="1"/><D91/><REACH who="0" step="2"/><N who="2" m="34858" /><F84/><T114/><D114/><U70/><E101/><V35/><F35/><T97/><D97/><U43/><E43/><V128/><F128/><T48/><D48/><U1/><E1/><V119/><F119/><T2/><D2/><U72/><E72/><V105/><AGARI ba="2,1" hai="37,41,47,52,55,96,100,105,112,113,115" m="34858,31520" machi="105" ten="40,6000,1" yaku="15,1,52,1,54,2" doraHai="3,45" who="2" fromWho="2" sc="495,-42,185,-22,360,74,0,0" /><INIT seed="5,0,0,1,2,46" ten="453,163,434,0" oya="1" hai0="50,33,127,32,71,128,47,117,105,48,114,69,61" hai1="107,121,96,76,38,123,70,60,73,102,132,94,64" hai2="133,51,106,103,82,131,2,98,84,100,83,124,134" hai3="" shuffle="mt19937ar,301BD2CB,9BF0CAC6,FBABA02B,A8CA1252,7766083D,119FD8E1,C5BB881E,BF6F806F"/><U80/><N who="1" m="31008" /><U52/><N who="1" m="31520" /><U90/><E38/><V122/><N who="2" m="31264" /><V36/><F2/><T85/><D105/><U66/><E132/><V92/><F36/><T37/><D117/><U126/><E126/><V56/><F56/><T87/><D127/><U39/><E39/><V68/><F68/><T135/><D37/><U130/><E130/><V109/><F124/><T65/><D128/><U95/><E95/><V63/><F63/><T118/><D118/><U40/><E40/><V89/><F131/><T67/><D61/><U99/><REACH who="1" step="1"/><E70/><REACH who="1" step="2"/><V58/><F134/><T101/><D135/><U108/><E108/><V45/><F109/><T79/><D71/><U125/><E125/><V110/><F133/><T97/><D69/><U88/><E88/><V3/><F110/><T111/><D111/><U120/><N who="1" m="30752" /><U112/><E112/><V43/><F89/><T53/><D114/><U59/><AGARI ba="0,1" hai="52,59,60,64,66,73,76,80,90,94,96,99,102,107" m="30752,31520,31008" machi="59" ten="30,12000,2" yaku="1,1,0,1,52,3,54,1,53,1" doraHai="46" doraHaiUra="86" who="1" fromWho="1" sc="453,-60,153,130,434,-60,0,0" /><INIT seed="5,1,0,2,0,51" ten="393,283,374,0" oya="1" hai0="131,102,84,50,112,0,72,106,47,99,95,61,65" hai1="101,60,57,124,46,123,91,122,96,83,44,114,49" hai2="117,80,81,43,89,119,1,66,68,110,87,3,34" hai3="" shuffle="mt19937ar,A9D8461B,81CED168,0B141016,1772E82E,6C01924B,64C6E558,8B8E3E30,AC1AE331"/><U105/><N who="1" m="31264" /><U90/><N who="1" m="31520" /><U85/><E124/><V40/><F34/><T116/><D112/><U39/><E114/><V54/><F110/><T2/><D72/><U132/><E132/><V92/><F54/><T130/><D116/><U71/><E71/><V38/><F66/><T108/><D108/><U86/><E39/><V74/><F68/><T63/><D63/><U41/><E46/><V88/><F74/><T77/><D77/><U64/><REACH who="1" step="1"/><E86/><REACH who="1" step="2"/><V126/><F126/><T62/><D84/><U134/><E134/><V104/><F87/><T59/><D2/><U75/><E75/><V135/><F38/><T53/><D0/><U42/><E42/><V97/><F135/><T94/><D131/><U78/><AGARI ba="1,1" hai="41,44,49,57,60,64,78,83,85,90,91,96,101,105" m="31520,31264" machi="78" ten="20,12000,2" yaku="1,1,0,1,7,1,52,2,53,1" doraHai="51" doraHaiUra="45" who="1" fromWho="1" sc="393,-61,273,132,374,-61,0,0" /><INIT seed="5,2,0,2,5,73" ten="332,405,313,0" oya="1" hai0="35,124,77,127,118,74,88,63,104,83,120,125,126" hai1="41,46,102,42,53,98,1,119,90,71,86,36,95" hai2="43,64,87,116,84,2,76,133,130,38,85,37,48" hai3="" shuffle="mt19937ar,27C76638,BF2525C5,7DA6F814,D15A7884,74980F32,7274B141,62ED45F3,20269BA5"/><U106/><E1/><V45/><F2/><T55/><N who="0" m="30752" /><T100/><D35/><U92/><E119/><V52/><F116/><T121/><N who="0" m="31008" /><T70/><N who="0" m="31744" /><DORA hai="72" /><T3/><D3/><U110/><E71/><V32/><F32/><T111/><D118/><U123/><N who="1" m="31520" /><U0/><E0/><V135/><F130/><T60/><D111/><U112/><E112/><V68/><F76/><T69/><D88/><U128/><E128/><V51/><F51/><T67/><D55/><U61/><E110/><V108/><F108/><T96/><D63/><U34/><E34/><V59/><REACH who="2" step="1"/><F38/><REACH who="2" step="2"/><T89/><REACH who="0" step="1"/><D89/><REACH who="0" step="2"/><U81/><E36/><V97/><F97/><T57/><AGARI ba="2,2" hai="57,60,67,69,70,74,77,83,96,100,104" m="31744,31008,30752" machi="57" ten="60,24000,5" yaku="1,1,2,1,0,1,18,1,52,4,53,5" doraHai="73,72" doraHaiUra="54,132" who="0" fromWho="0" sc="322,264,405,-162,303,-82,0,0" /><INIT seed="6,0,0,0,1,92" ten="586,243,221,0" oya="2" hai0="84,93,106,67,38,71,34,66,103,123,46,107,104" hai1="70,45,88,131,86,129,43,119,54,40,111,53,48" hai2="79,61,41,125,94,105,128,132,91,100,2,116,99" hai3="" shuffle="mt19937ar,86872B60,6BE76BAB,3E212A48,9CCDE6B2,0695F284,2F3F71E7,54A88CC5,DF203A69"/><V52/><F2/><T127/><N who="0" m="31520" /><T85/><D34/><U114/><E70/><V32/><F32/><T87/><D127/><U101/><E119/><V97/><F116/><T36/><D71/><U77/><E111/><V130/><F125/><T33/><D33/><U47/><E114/><V56/><F132/><T134/><D134/><U73/><E101/><V118/><F118/><T59/><D59/><U113/><E113/><V39/><REACH who="2" step="1"/><F79/><REACH who="2" step="2"/><T109/><D109/><U49/><E77/><V83/><F83/><T82/><D82/><U1/><E1/><V110/><F110/><T121/><D121/><U35/><E35/><V63/><F63/><T58/><D66/><U55/><E73/><V37/><F37/><T90/><D67/><U0/><E0/><V72/><F72/><T95/><D38/><U68/><E68/><V124/><F124/><T62/><D36/><U112/><E112/><V64/><F64/><T50/><D62/><U75/><E75/><V76/><F76/><T117/><D117/><U51/><E51/><V98/><F98/><T42/><D50/><U3/><E3/><V81/><F81/><AGARI ba="0,1" hai="40,43,45,47,48,49,53,54,55,81,86,88,129,131" machi="81" ten="40,2600,0" yaku="9,1,54,1" doraHai="92" who="1" fromWho="2" sc="586,0,243,36,211,-26,0,0" owari="586,53,279,-12,185,-41,0,0" /></mjloggm>