<mjloggm ver="2.3"><GO type="167"/><UN n0="%E9%95%B7%E6%9D%91%E3%83%93%E3%83%83%E3%82%B0" n1="%52%65%64%4D%61%67%69%63" n2="%E5%85%8B%E5%88%A9%E5%A5%A5%E4%BD%A9%E7%89%B9%E5%89%8C%CE%B6" n3="%E5%BB%89%E5%A4%AA%E9%83%8E" dan="16,16,16,16" rate="2082,2042,2176,2014" sx="M,M,F,M"/><TAIKYOKU oya="0"/><INIT seed="0,0,0,0,3,66" ten="250,250,250,250" oya="0" hai0="45,4,73,55,91,121,18,57,78,11,100,115,22" hai1="87,124,101,84,96,13,112,70,29,3,103,61,79" hai2="125,135,58,48,82,98,94,127,119,33,31,51,16" hai3="1,9,56,49,109,111,130,36,113,59,53,17,105" shuffle="mt19937ar,393D49B9,0D7067B1,2A3AD929,DBB99C71,C13C02BE,81DBCCB9,75672917,D20D3C42"/><T54/><D115/><U44/><E3/><V126/><F119/><W118/><G113/><T116/><D116/><U30/><E124/><V50/><F135/><W81/><G105/><T6/><D121/><U85/><E112/><V134/><F134/><W90/><G36/><T8/><D100/><U68/><E79/><V19/><F82/><W0/><G118/><T23/><D91/><U67/><E44/><V80/><F80/><W75/><G130/><T12/><D78/><U77/><E77/><V114/><F58/><W32/><G32/><T46/><D73/><U83/><E83/><V69/><F69/><W20/><G75/><T117/><D117/><U24/><E13/><V133/><F133/><W92/><G81/><T64/><D64/><U76/><E76/><V40/><F40/><W86/><G59/><T72/><D72/><U132/><E132/><V34/><F114/><W106/><G106/><T107/><D107/><U131/><E131/><V39/><F39/><W28/><G28/><T25/><D23/><U62/><E24/><N who="2" m="18663" /><F34/><W52/><G52/><T128/><D128/><U123/><E123/><V97/><F97/><W10/><G1/><T95/><D95/><U5/><E5/><V35/><F35/><W122/><G122/><T26/><D26/><U7/><E7/><V38/><F38/><W71/><G71/><T63/><REACH who="0" step="1"/><D54/><REACH who="0" step="2"/><U129/><E129/><V110/><F94/><W37/><G92/><T60/><D60/><U74/><E74/><V27/><F27/><N who="3" m="14735" /><G90/><T88/><D88/><U93/><E101/><V89/><F89/><W102/><G102/><RYUUKYOKU ba="0,1" sc="240,15,250,15,250,-15,250,-15" hai0="4,6,8,11,12,18,22,25,45,46,55,57,63" hai1="29,30,61,62,67,68,70,84,85,87,93,96,103" /><INIT seed="0,1,1,3,2,128" ten="255,265,235,235" oya="0" hai0="27,3,121,76,1,89,28,107,79,93,32,80,135" hai1="21,71,125,111,86,63,90,84,17,51,97,43,124" hai2="69,114,120,59,113,103,99,133,42,7,95,6,101" hai3="94,13,22,73,10,106,53,98,83,5,100,12,49" shuffle="mt19937ar,A9F20202,303BEB14,C5F8B33C,CD0CA12C,7420D042,BA98C567,E99AD75D,1054E344"/><T31/><D121/><U110/><E97/><V118/><F69/><W2/><G106/><T72/><D107/><U67/><E51/><V105/><F120/><W57/><REACH who="3" step="1"/><G22/><REACH who="3" step="2"/><T115/><D115/><U4/><E21/><V48/><F105/><W75/><G75/><T0/><D31/><U55/><E124/><V74/><F74/><W16/><G16/><T130/><D130/><U41/><E125/><V26/><F113/><W81/><G81/><T109/><D109/><U77/><E17/><V46/><F114/><W104/><G104/><T117/><D117/><U132/><E111/><V19/><F118/><W126/><G126/><T34/><D34/><U38/><E110/><V92/><F19/><W18/><G18/><T127/><D127/><U61/><E4/><V62/><F26/><W45/><G45/><T82/><D82/><U33/><E33/><V123/><F123/><W39/><G39/><T35/><D35/><U88/><E38/><V68/><F7/><W78/><AGARI ba="1,2" hai="2,5,10,12,13,49,53,57,73,78,83,94,98,100" machi="78" ten="30,4000,0" yaku="1,1,0,1,53,1" doraHai="128" doraHaiUra="50" who="3" fromWho="3" sc="255,-21,265,-11,235,-11,225,63" /><INIT seed="1,0,0,0,0,16" ten="234,254,224,288" oya="1" hai0="106,64,58,50,127,115,24,132,113,17,27,5,28" hai1="134,103,126,18,70,53,44,3,23,128,6,2,55" hai2="8,52,82,31,42,100,68,67,101,71,105,108,46" hai3="112,109,48,130,135,29,133,93,12,35,72,10,87" shuffle="mt19937ar,682B0E0E,A3DBED33,F23BC4FB,3FF4624F,782D6CDF,657D2882,50AE3817,F9EF4F4B"/><U98/><E70/><V40/><F108/><W90/><G112/><T32/><D106/><U111/><E111/><V33/><F8/><W73/><G109/><T120/><D5/><U85/><E134/><N who="3" m="51210" /><G130/><T114/><D132/><U34/><E34/><V59/><F82/><W65/><G65/><T76/><D76/><U107/><E128/><V39/><F42/><W78/><G78/><T99/><D99/><U62/><E126/><V95/><F105/><W96/><G48/><T26/><D127/><U51/><E85/><V69/><F67/><W45/><G45/><T88/><D88/><U131/><E6/><V43/><F40/><W9/><G96/><T84/><D84/><U91/><E91/><V36/><F39/><W75/><G12/><T86/><D86/><U102/><E102/><V117/><F95/><W116/><G116/><T47/><D120/><U19/><E19/><V56/><F117/><W63/><G63/><T110/><D110/><U60/><E131/><V1/><F1/><W0/><G0/><T49/><D17/><U13/><REACH who="1" step="1"/><E62/><REACH who="1" step="2"/><V124/><F124/><W30/><G35/><N who="0" m="20871" /><D114/><U38/><E38/><V89/><F89/><W129/><G129/><T92/><D32/><U104/><E104/><V66/><F33/><W79/><G79/><T94/><D115/><U25/><E25/><V122/><F122/><W80/><G30/><T4/><D113/><U125/><E125/><V74/><F31/><W54/><G29/><T77/><D26/><U15/><E15/><V20/><F36/><W21/><G87/><T81/><D27/><U83/><E83/><RYUUKYOKU ba="0,1" sc="234,-10,244,30,224,-10,288,-10" hai1="2,3,13,18,23,44,51,53,55,60,98,103,107" /><INIT seed="1,1,1,4,1,104" ten="224,274,214,278" oya="1" hai0="50,130,100,66,63,3,128,37,46,68,12,108,91" hai1="109,133,83,64,117,115,41,21,121,90,97,135,95" hai2="53,78,113,17,8,14,75,81,70,103,47,38,129" hai3="7,52,9,92,77,79,54,65,69,13,28,124,122" shuffle="mt19937ar,06FD70D0,B04FB2B6,CC487835,2DCC9528,EEBA5C4A,2E675D6A,1355511F,05EBBABA"/><U89/><E117/><V107/><F129/><N who="0" m="49770" /><D3/><U30/><E121/><V120/><F120/><W16/><G124/><T6/><D100/><U119/><E119/><V134/><F134/><N who="1" m="51209" /><E115/><V74/><F70/><W44/><G28/><T43/><D91/><U99/><E64/><V114/><F103/><W15/><G69/><T58/><D12/><U57/><E41/><N who="2" m="22967" /><F53/><W23/><G65/><T24/><D24/><N who="1" m="16655" /><E57/><V93/><F93/><W29/><G122/><T73/><D6/><U105/><E109/><V98/><F98/><W35/><G44/><T4/><D4/><U67/><E67/><V59/><F59/><W32/><G54/><N who="0" m="32087" /><D73/><U11/><E11/><V56/><F56/><W94/><G52/><T49/><D108/><U20/><E105/><V61/><F107/><W102/><G9/><T10/><D10/><U2/><E2/><V131/><F131/><W85/><G7/><T86/><D86/><N who="1" m="50399" /><E97/><V34/><F75/><W39/><G85/><T48/><AGARI ba="1,1" hai="37,43,46,48,49,63,66,68" m="32087,49770" machi="48" ten="30,7900,0" yaku="24,1,19,1,34,2" doraHai="104" who="0" fromWho="0" sc="224,92,274,-40,214,-21,278,-21" /><INIT seed="2,0,0,5,4,46" ten="316,234,193,257" oya="2" hai0="135,73,122,15,117,50,19,37,23,54,49,31,123" hai1="101,91,3,61,65,40,28,109,79,133,22,80,95" hai2="58,62,13,126,16,110,44,2,52,103,108,0,85" hai3="88,129,64,67,32,93,10,57,35,94,20,72,112" shuffle="mt19937ar,2074AF2B,6B574C82,EC9E4B61,3826439C,66B42D12,40866451,5BB11F62,3763ACBF"/><V34/><F34/><W134/><G72/><T83/><D37/><U86/><E3/><V41/><F103/><W118/><G118/><T102/><D102/><U74/><E133/><V89/><F126/><W132/><G20/><T104/><D104/><U43/><E109/><N who="2" m="42091" /><F89/><W90/><G57/><T33/><D135/><N who="3" m="51753" /><G10/><T111/><D111/><U105/><E22/><N who="2" m="11535" /><F85/><N who="3" m="52367" /><G129/><T98/><D98/><N who="1" m="61623" /><E28/><V51/><AGARI ba="0,0" hai="0,2,41,44,51,52,58,62" m="11535,42091" machi="51" ten="30,6000,0" yaku="14,1,10,1,52,1" doraHai="46" who="2" fromWho="2" sc="316,-20,234,-20,193,60,257,-20" /><INIT seed="2,1,0,2,5,12" ten="296,214,253,237" oya="2" hai0="101,114,117,42,92,8,14,111,52,124,43,87,49" hai1="59,125,132,133,69,13,39,41,17,25,100,84,94" hai2="3,37,51,31,35,28,63,19,91,80,30,27,7" hai3="98,79,129,34,23,109,103,62,121,38,78,71,86" shuffle="mt19937ar,A49EB6E3,585561E2,A269BDC4,D0DB012F,C4053806,A420823E,FD9086F4,B6A4B227"/><V21/><F37/><W130/><G34/><T118/><D114/><U113/><E69/><V65/><F51/><W61/><G38/><T126/><D111/><U108/><E113/><V55/><F55/><W75/><G109/><T120/><D120/><U54/><E108/><V74/><F7/><W68/><G121/><T115/><D115/><U10/><E25/><V22/><F3/><W123/><G123/><T70/><D70/><U60/><E125/><N who="0" m="48233" /><D87/><U110/><E110/><V112/><F112/><W16/><G75/><T127/><D92/><U99/><REACH who="1" step="1"/><E84/><REACH who="1" step="2"/><N who="2" m="50567" /><F74/><W46/><G86/><T26/><D127/><U90/><E90/><V53/><F35/><W76/><G71/><T131/><D26/><U97/><E97/><V48/><F31/><W50/><G68/><T96/><D96/><U134/><E134/><V107/><F30/><W6/><G98/><T45/><D101/><U105/><E105/><V58/><F107/><W128/><G103/><T1/><D117/><U102/><E102/><V15/><F28/><W64/><G64/><T2/><D118/><U36/><E36/><V24/><F24/><N who="3" m="14439" /><G6/><N who="0" m="3351" /><D131/><U20/><E20/><N who="2" m="11391" /><F27/><W122/><G122/><T88/><D88/><U72/><E72/><V119/><F119/><W0/><G0/><AGARI ba="1,1" hai="0,1,2,42,43,45,49,52" m="3351,48233" machi="0" ten="30,1000,0" yaku="18,1" doraHai="12" who="0" fromWho="3" sc="296,23,204,0,253,0,237,-13" /><INIT seed="3,0,0,1,2,106" ten="319,204,253,224" oya="3" hai0="30,91,51,103,38,39,110,94,27,83,58,33,60" hai1="29,40,0,120,131,97,101,18,15,46,117,43,35" hai2="95,119,34,127,17,12,48,54,14,128,132,1,8" hai3="32,21,123,98,65,22,23,99,36,96,13,129,90" shuffle="mt19937ar,A9D79068,DE7677E2,DCC5040B,FDA0CFD0,82E121D2,A8D5243A,F371CE63,02135E8F"/><W107/><G32/><T133/><D110/><U104/><E120/><V7/><F119/><W19/><G123/><T4/><D4/><U79/><E117/><V86/><F34/><W16/><G107/><T70/><D70/><U135/><E0/><V55/><F127/><W68/><G36/><T134/><D51/><U61/><E135/><N who="0" m="51721" /><D83/><U116/><E116/><V111/><F111/><W78/><G78/><T59/><D103/><U64/><E131/><V89/><F128/><W92/><G129/><T93/><D93/><U47/><E79/><V115/><F132/><W62/><REACH who="3" step="1"/><G21/><REACH who="3" step="2"/><T81/><D39/><U37/><E35/><V63/><F115/><W42/><G42/><T6/><D38/><U121/><E121/><V71/><F1/><W26/><AGARI ba="0,1" hai="13,16,19,22,23,26,62,65,68,90,92,96,98,99" machi="26" ten="20,3900,0" yaku="1,1,0,1,7,1,53,0" doraHai="106" doraHaiUra="2" who="3" fromWho="3" sc="319,-13,204,-13,253,-13,214,49" /><INIT seed="3,1,0,3,4,59" ten="306,191,240,263" oya="3" hai0="113,103,107,89,6,111,87,84,33,108,4,34,121" hai1="73,58,97,27,20,35,63,81,65,3,39,10,47" hai2="83,90,78,30,52,8,71,2,67,101,125,106,99" hai3="118,41,15,96,91,38,104,129,16,43,66,5,117" shuffle="mt19937ar,EE284529,BB4A1CB1,5939D35C,E74C302A,6A33D80E,3BFA7118,14E1D164,78AD8EED"/><W69/><G129/><T123/><D113/><U12/><E35/><N who="0" m="13321" /><D103/><U9/><E3/><V132/><F30/><W115/><G5/><N who="0" m="2155" /><D107/><U31/><E12/><V26/><F8/><W102/><G115/><T11/><D11/><U134/><E134/><V116/><F26/><W82/><G38/><T17/><D17/><U120/><E120/><N who="0" m="46153" /><D89/><U24/><E24/><V110/><F2/><W64/><G16/><T51/><D51/><U98/><E39/><V14/><F90/><W61/><G15/><T68/><D68/><U40/><E40/><V18/><F14/><W13/><G13/><T57/><D57/><U21/><E47/><V76/><F18/><W131/><G43/><T95/><D95/><U85/><E73/><V7/><F7/><W19/><G19/><T45/><D45/><U88/><REACH who="1" step="1"/><E21/><REACH who="1" step="2"/><V93/><F132/><W127/><G41/><T48/><D48/><U55/><E55/><V54/><F52/><W105/><G131/><T124/><D124/><U92/><E92/><V25/><F54/><W46/><G127/><T109/><AGARI ba="1,1" hai="84,87,108,109,111" m="46153,2155,13321" machi="109" ten="40,5200,0" yaku="28,2,14,1" doraHai="59" who="0" fromWho="0" sc="306,65,181,-14,240,-14,263,-27" owari="371,36,167,-23,226,-12,236,-1" /></mjloggm>