<mjloggm ver="2.3"><GO type="225"/><UN n0="%E3%81%BE%E3%81%AB%E3%82%83%E3%82%80%E3%82%93" n1="%E3%83%9B%E3%83%A2%E3%83%8F%E3%83%A0" n2="%E3%81%BF%E3%81%A3%E3%81%A4%E3%81%83%EF%BD%9E" n3="%E9%9B%B2%E9%9B%80%E6%81%AD%E5%BC%A5" dan="16,16,17,17" rate="2009,2076,2163,2198" sx="M,M,F,M"/><TAIKYOKU oya="0"/><INIT seed="0,0,0,3,3,96" ten="250,250,250,250" oya="0" hai0="69,64,14,20,74,89,61,112,72,134,63,48,80" hai1="44,91,88,85,131,16,94,33,5,41,50,37,78" hai2="127,132,83,55,18,105,56,79,120,133,117,107,42" hai3="102,25,4,2,12,47,31,135,39,128,49,110,121" shuffle="mt19937ar,F8E3EEF3,71A58DE7,2103339D,FC0D76D6,AF189C2B,90DFE885,CB5A4215,7EF5F847"/><T90/><D112/><U126/><E33/><V19/><F120/><W32/><G110/><T108/><D134/><N who="2" m="51818" /><F42/><W70/><G135/><T10/><D108/><U101/><E131/><V8/><F117/><W93/><G128/><T82/><D20/><U81/><E126/><V111/><F127/><W3/><G39/><T77/><D48/><U119/><E5/><V9/><F111/><W27/><G70/><T59/><D80/><U21/><E37/><V118/><F9/><W38/><G38/><T125/><D74/><U122/><E122/><V130/><F130/><W124/><G124/><T53/><REACH who="0" step="1"/><D125/><REACH who="0" step="2"/><U103/><E119/><V114/><F118/><W97/><G121/><T11/><D11/><U15/><REACH who="1" step="1"/><E91/><REACH who="1" step="2"/><V62/><F114/><W84/><G49/><T99/><D99/><AGARI ba="0,2" hai="15,16,21,41,44,50,78,81,85,88,94,99,101,103" machi="99" ten="30,16000,3" yaku="1,1,2,1,7,1,8,1,52,2,54,2,53,0" doraHai="96" doraHaiUra="65" who="1" fromWho="0" sc="240,-160,240,180,250,0,250,0" /><INIT seed="1,0,0,3,0,96" ten="80,420,250,250" oya="1" hai0="57,1,61,60,84,127,19,106,101,130,122,13,22" hai1="4,107,45,93,115,98,58,121,39,118,95,99,77" hai2="46,37,7,11,125,18,56,71,112,82,16,79,23" hai3="33,9,59,64,92,30,105,6,3,108,26,117,83" shuffle="mt19937ar,F6AFB238,1C6B339F,727ED1BA,F864321E,CAED2520,81EE83F6,13BF4B6B,354A04D9"/><U128/><E118/><V27/><F71/><W133/><G105/><T88/><D1/><U116/><E115/><V52/><F112/><W62/><G117/><T65/><D130/><U120/><E116/><V49/><F125/><W75/><G133/><T8/><D127/><U29/><E128/><V72/><F18/><W94/><G108/><T32/><D32/><U86/><E4/><V111/><F111/><W55/><G75/><T40/><D40/><U47/><E29/><V42/><F11/><W53/><G83/><T129/><D129/><U114/><E114/><V104/><F104/><W68/><REACH who="3" step="1"/><G55/><REACH who="3" step="2"/><T12/><D122/><U70/><E121/><V126/><F126/><W41/><G41/><T36/><D36/><U63/><E107/><V24/><REACH who="2" step="1"/><F7/><REACH who="2" step="2"/><W76/><G76/><T5/><D106/><U103/><E77/><V15/><AGARI ba="0,2" hai="15,16,23,24,27,37,42,46,49,52,56,72,79,82" machi="15" ten="20,16000,3" yaku="1,1,2,1,0,1,7,1,54,2,53,2" doraHai="96" doraHaiUra="21" who="2" fromWho="2" sc="80,-40,420,-80,240,180,240,-40" /><INIT seed="2,0,0,2,5,1" ten="40,340,420,200" oya="2" hai0="112,129,8,50,4,81,88,128,124,28,14,72,82" hai1="54,34,52,92,113,62,65,19,69,78,20,119,103" hai2="25,104,22,122,94,24,102,97,31,12,108,9,121" hai3="111,73,29,110,3,76,6,38,27,59,118,23,13" shuffle="mt19937ar,D9FB5727,3D811263,B0C1062F,892CE1BF,68E374A9,8CC0A0FA,2C5A2A8B,ED17F367"/><V93/><F108/><N who="3" m="41515" /><G118/><T48/><D112/><U32/><E113/><V134/><F134/><W75/><G38/><T86/><D124/><U106/><E119/><V84/><F25/><W49/><G76/><T55/><D28/><U11/><E78/><V51/><F51/><W43/><G3/><T5/><D72/><U117/><E106/><V83/><F94/><W130/><G130/><T66/><D66/><U7/><E117/><V85/><F85/><W58/><G43/><T95/><D48/><U100/><E32/><V35/><F104/><W91/><G91/><T15/><D129/><U123/><E34/><V99/><F99/><W105/><G105/><T125/><D128/><U17/><E123/><V36/><F35/><W131/><G131/><T57/><REACH who="0" step="1"/><D125/><REACH who="0" step="2"/><U10/><E65/><V87/><F36/><W53/><G75/><T26/><D26/><U21/><E62/><V89/><REACH who="2" step="1"/><F87/><REACH who="2" step="2"/><W30/><G73/><T18/><D18/><AGARI ba="0,2" hai="9,12,18,22,24,31,83,84,89,93,97,102,121,122" machi="18" ten="30,5800,0" yaku="1,1,2,1,7,1,53,0" doraHai="1" doraHaiUra="56" who="2" fromWho="0" sc="30,-58,340,0,410,78,200,0" owari="-28,-43,340,9,488,49,200,-15" /></mjloggm>