<mjloggm ver="2.3"><GO type="185"/><UN n0="%E3%81%B5%E3%81%8F%EF%BC%A3%EF%BD%88%EF%BD%81%EF%BD%8E%E2%99%AA" n1="%E3%81%9F%E3%82%80%E3%81%A8%E3%83%BC" n2="%E3%80%93%E3%81%84%E3%81%A1%E3%81%AF%E3%82%89%E3%80%93" n3="" dan="16,16,18,0" rate="2176,2137,2267,1500" sx="F,M,M,C"/><TAIKYOKU oya="0"/><INIT seed="0,0,0,1,3,106" ten="350,350,350,0" oya="0" hai0="86,100,33,96,120,83,72,65,55,115,56,73,99" hai1="37,95,132,126,70,44,71,129,77,35,118,81,1" hai2="60,112,53,104,50,102,101,69,90,57,2,40,105" hai3="" shuffle="mt19937ar,C1C9D304,D97D33B4,D090ADA6,61298EC0,E6D96FD7,40FB61E9,8A977BF6,A314C81B"/><T122/><N who="0" m="30752" /><T103/><N who="0" m="31264" /><T93/><D33/><U84/><E35/><V38/><F2/><T59/><D65/><U67/><E1/><V3/><F3/><T36/><D36/><U109/><E118/><V63/><F112/><T111/><D115/><U74/><E129/><V34/><F34/><T82/><D111/><U89/><E109/><V61/><F69/><T113/><D113/><U121/><N who="1" m="31008" /><U62/><E132/><V133/><F133/><T116/><D116/><U92/><E126/><V108/><F108/><T58/><D55/><U91/><E70/><V125/><F125/><T87/><D58/><U79/><E79/><V32/><F32/><T43/><REACH who="0" step="1"/><D93/><REACH who="0" step="2"/><U130/><E130/><V48/><F38/><T110/><D110/><U117/><E117/><V98/><F105/><T75/><D75/><U97/><E37/><V68/><F104/><T52/><D52/><U49/><E92/><V42/><F68/><T94/><D94/><U41/><E74/><V131/><F53/><T119/><D119/><U123/><E123/><V135/><F57/><T76/><D76/><U114/><E114/><V80/><F42/><AGARI ba="0,1" hai="42,43,56,59,72,73,82,83,86,87,96,99,100,103" m="31264,30752" machi="42" ten="25,18000,2" yaku="1,1,22,2,52,4,53,0" doraHai="106" doraHaiUra="128" who="0" fromWho="2" sc="340,190,350,0,350,-180,0,0" /><INIT seed="0,1,0,3,3,52" ten="530,350,170,0" oya="0" hai0="102,34,54,53,58,50,35,132,106,112,56,114,61" hai1="68,134,62,39,84,85,97,124,57,92,41,36,3" hai2="79,110,55,101,38,80,47,43,69,73,131,90,72" hai3="" shuffle="mt19937ar,B03783EA,B0873F8A,1D8A9C2C,90753D0F,6AB95FF6,A3EEFAE2,DBF53750,53C23788"/><T2/><D132/><U37/><E3/><V83/><F110/><T45/><D2/><U70/><E134/><V109/><F109/><T121/><N who="0" m="31008" /><T77/><D77/><U42/><E85/><V111/><F111/><T123/><N who="0" m="31520" /><T46/><D106/><U91/><E124/><V88/><F131/><T49/><D102/><U133/><E133/><V89/><F69/><T1/><D1/><U105/><E68/><V67/><F67/><T78/><D78/><U32/><E70/><V65/><F65/><T129/><D61/><U135/><E135/><V117/><F117/><T122/><N who="0" m="31264" /><T116/><D116/><U51/><E32/><V108/><F108/><T0/><D0/><U59/><E105/><V120/><N who="2" m="30752" /><V64/><F64/><T71/><D71/><U119/><E119/><V130/><F101/><T76/><D76/><U104/><E104/><V40/><F73/><T82/><D82/><U118/><E118/><V93/><F80/><T99/><D99/><U33/><E33/><V95/><F72/><T63/><D63/><U127/><E62/><V94/><F83/><T107/><D107/><U87/><E87/><V125/><F79/><T74/><D129/><U86/><E86/><V113/><F130/><RYUUKYOKU ba="1,0" sc="530,20,350,-10,170,-10,0,0" hai0="34,35,45,46,49,50,53,54,56,58,74,112,114" /><INIT seed="0,2,0,2,5,57" ten="550,340,160,0" oya="0" hai0="39,50,76,47,38,63,100,128,46,3,118,43,114" hai1="34,111,85,113,74,45,134,83,80,91,79,125,48" hai2="103,123,129,96,66,59,41,54,122,107,32,70,126" hai3="" shuffle="mt19937ar,9C5C24AB,F01B6337,932F010C,E8DFDC28,DC0941B9,980BC048,689E8711,1529CA30"/><T108/><D3/><U87/><E34/><V94/><N who="2" m="31264" /><V2/><N who="2" m="31520" /><V72/><F32/><T112/><D100/><U71/><E71/><V124/><F2/><T60/><D76/><U61/><E111/><V68/><F72/><T69/><D108/><U104/><E104/><V49/><F129/><T81/><D81/><U115/><E134/><V110/><F110/><T121/><N who="0" m="31008" /><T78/><D78/><U92/><E125/><N who="2" m="48235" /><F41/><T51/><D128/><U35/><E35/><V82/><F66/><T88/><D88/><U93/><E61/><V132/><F132/><T52/><D118/><U97/><E92/><V56/><F56/><T55/><D43/><U135/><E135/><V65/><F82/><T40/><D40/><U36/><E36/><V86/><F86/><T89/><D89/><U0/><E0/><V95/><F95/><T42/><D42/><U75/><E75/><V77/><F77/><T105/><D105/><U127/><E127/><V120/><N who="2" m="30752" /><V84/><F84/><N who="1" m="32329" /><E83/><V106/><F106/><T33/><D33/><U1/><E1/><V98/><F107/><T44/><D44/><U131/><E131/><V99/><F94/><T67/><D69/><N who="2" m="26730" /><F103/><T58/><D67/><U64/><E64/><RYUUKYOKU ba="2,0" sc="550,0,340,0,160,0,0,0" hai0="38,39,46,47,50,51,52,55,58,60,63,112,114" hai1="45,48,74,79,80,91,93,97,113,115" hai2="49,54,59,65,96,98,99" /><INIT seed="0,3,0,2,0,54" ten="550,340,160,0" oya="0" hai0="121,122,113,85,95,80,0,78,124,55,81,117,97" hai1="133,71,39,58,74,79,42,73,126,1,36,40,82" hai2="109,86,120,35,102,103,72,135,116,105,77,90,51" hai3="" shuffle="mt19937ar,8EFA07E6,218F75BC,757C8D4C,66238171,BD615BB1,EE142B49,F3C1FF12,0966725D"/><T34/><N who="0" m="31008" /><T91/><N who="0" m="31264" /><T125/><D55/><U104/><E1/><V67/><N who="2" m="30752" /><V75/><F35/><T127/><D34/><U106/><E71/><V47/><F109/><T50/><D50/><U100/><E133/><V65/><F135/><T41/><D41/><U89/><E126/><V33/><F33/><T45/><D45/><U131/><E131/><V53/><F116/><T62/><D62/><U129/><E129/><V2/><F2/><T57/><D57/><U61/><E89/><V130/><F130/><T88/><D0/><U123/><N who="1" m="31520" /><U84/><E40/><V60/><F77/><T66/><D66/><U93/><E42/><V92/><F65/><T46/><D46/><U128/><E128/><V112/><F112/><T49/><D49/><U44/><E44/><V43/><F43/><T107/><D107/><U38/><E104/><V119/><F119/><T56/><D56/><U48/><E106/><V64/><F64/><T68/><D68/><U32/><E32/><V69/><REACH who="2" step="1"/><F105/><REACH who="2" step="2"/><T118/><D113/><U115/><E115/><V37/><F37/><T114/><D114/><U87/><E39/><V98/><F98/><T52/><D52/><U111/><E36/><V132/><F132/><RYUUKYOKU ba="3,1" sc="550,10,340,-20,150,10,0,0" hai0="78,80,81,85,88,91,95,97,117,118,124,125,127" hai2="47,51,53,60,67,69,72,75,86,90,92,102,103" /><INIT seed="0,4,1,2,1,88" ten="560,320,160,0" oya="0" hai0="77,56,118,35,69,89,99,114,66,101,85,107,74" hai1="121,55,71,51,42,45,0,113,83,46,1,131,63" hai2="120,128,100,78,49,122,47,68,40,130,48,73,102" hai3="" shuffle="mt19937ar,0F75490E,FA0BA8E6,761A462C,5547F133,BDCCCB4D,7CDC8E07,3A6F69E8,93F12DD5"/><T62/><D118/><U104/><N who="1" m="31008" /><U97/><E131/><N who="2" m="50219" /><F68/><T38/><D38/><U105/><E113/><V43/><N who="2" m="30752" /><V87/><N who="2" m="31264" /><V44/><F73/><T98/><D114/><U91/><E0/><V37/><F37/><T96/><D35/><U84/><E1/><V109/><F109/><T86/><D86/><U134/><E134/><V53/><F40/><T126/><D126/><U119/><E119/><V81/><AGARI ba="4,1" hai="43,44,47,48,49,53,78,81,87,100,102" m="31264,30752,50219" machi="81" ten="30,3000,0" yaku="19,1,52,2" doraHai="88" who="2" fromWho="2" sc="560,-24,320,-14,160,48,0,0" /><INIT seed="1,0,0,1,4,114" ten="536,306,208,0" oya="1" hai0="1,127,106,49,2,63,87,134,65,109,86,130,92" hai1="135,68,131,79,119,78,118,122,58,107,73,72,98" hai2="74,38,85,62,93,113,44,53,46,102,70,33,60" hai3="" shuffle="mt19937ar,6C97A116,E1AE6070,202C05A4,D1E0963F,8D5CFB48,BE6F7573,0A1BA3A3,8985C43B"/><U128/><E68/><V110/><F74/><N who="1" m="28777" /><E58/><V121/><F110/><T97/><D109/><U69/><N who="1" m="31264" /><U90/><E69/><V76/><N who="2" m="31008" /><V57/><F113/><T59/><D2/><U0/><E0/><V103/><F33/><T39/><D39/><U111/><E111/><V41/><F46/><T80/><D86/><U82/><E135/><V100/><F76/><N who="1" m="29225" /><E82/><V91/><REACH who="2" step="1"/><F70/><REACH who="2" step="2"/><T94/><D1/><U81/><E81/><V120/><N who="2" m="30752" /><V67/><F67/><T34/><D80/><U88/><E107/><V50/><AGARI ba="0,1" hai="38,41,44,50,53,57,60,62,85,91,93,100,102,103" m="30752,31008" machi="50" ten="30,6000,1" yaku="1,1,0,1,52,2,53,1" doraHai="114" doraHaiUra="83" who="2" fromWho="2" sc="536,-20,306,-40,198,70,0,0" /><INIT seed="2,0,0,0,3,107" ten="516,266,268,0" oya="2" hai0="34,91,66,72,70,71,92,113,55,109,86,99,101" hai1="68,42,73,132,104,115,98,112,81,110,128,2,133" hai2="87,135,47,53,116,123,51,131,94,54,102,120,1" hai3="" shuffle="mt19937ar,DBFB0DED,9E96796E,BF85C213,29D6E9CD,DF23EFC4,57804118,81A2B014,9468738A"/><V127/><N who="2" m="30752" /><V48/><N who="2" m="31520" /><V32/><F1/><T57/><D109/><U62/><E2/><V124/><F32/><T88/><D34/><U64/><E110/><V85/><F116/><T134/><D134/><N who="1" m="51819" /><E42/><V126/><F131/><T40/><D72/><U122/><N who="1" m="31264" /><U0/><E0/><V117/><F117/><T38/><D66/><U95/><E128/><V50/><F135/><T93/><D113/><U108/><E108/><V82/><F82/><T74/><D74/><U45/><E45/><V59/><F51/><T46/><D101/><U63/><E63/><AGARI ba="0,0" hai="38,40,46,55,57,63,70,71,86,88,91,92,93,99" machi="63" ten="30,2000,0" yaku="7,1,54,1" doraHai="107" who="0" fromWho="1" sc="516,20,266,-20,268,0,0,0" /><INIT seed="4,0,0,3,2,51" ten="536,246,268,0" oya="0" hai0="43,89,83,102,105,44,60,121,87,61,45,86,56" hai1="132,68,112,122,120,37,88,42,116,93,40,103,133" hai2="82,101,66,119,75,117,104,106,63,128,35,53,85" hai3="" shuffle="mt19937ar,E4870908,DCFAA9ED,DA02D6B5,76B809AB,1913DDD6,7E9F97E1,E2BA9FF5,8D7717FB"/><T59/><N who="0" m="31008" /><T135/><D135/><N who="1" m="51787" /><E116/><V109/><F35/><T77/><D105/><U1/><N who="1" m="30752" /><U92/><N who="1" m="31264" /><U97/><E1/><V48/><F75/><T41/><D102/><U3/><E3/><V47/><F109/><T98/><D98/><U80/><E68/><V57/><F128/><T131/><D131/><U110/><E110/><V78/><REACH who="2" step="1"/><F101/><REACH who="2" step="2"/><T72/><D72/><U95/><E112/><V114/><F114/><T69/><D69/><U38/><E80/><V124/><F124/><T134/><D134/><U100/><E100/><V74/><F74/><T91/><D77/><U118/><E118/><AGARI ba="0,1" hai="47,48,53,57,63,66,78,82,85,104,106,117,118,119" machi="118" ten="40,5200,0" yaku="1,1,12,1,52,1,53,0" doraHai="51" doraHaiUra="39" who="2" fromWho="1" sc="536,0,246,-52,258,62,0,0" /><INIT seed="5,0,0,1,3,120" ten="536,194,320,0" oya="1" hai0="76,133,108,45,127,38,132,123,32,93,98,37,118" hai1="60,134,101,43,95,62,65,77,72,106,70,2,42" hai2="74,54,130,117,131,64,48,97,135,49,104,53,63" hai3="" shuffle="mt19937ar,E4CEE177,0B9C050A,9E948D1A,6F44E037,6E953CA4,ACE8C3A5,600D2509,9F900A50"/><U50/><E2/><V110/><F74/><T75/><N who="0" m="31520" /><T71/><D71/><U122/><N who="1" m="31264" /><U61/><E106/><V57/><F104/><T68/><D68/><U109/><E134/><V3/><F3/><T126/><D32/><U103/><E70/><V1/><F1/><T80/><D118/><U69/><E69/><V96/><F135/><N who="0" m="51786" /><D108/><U55/><E65/><V88/><F110/><T111/><D111/><U58/><E109/><V128/><F117/><T107/><D107/><U52/><E95/><V84/><F64/><T114/><D114/><U119/><E119/><V36/><F36/><N who="0" m="13930" /><D45/><U99/><E99/><V73/><F73/><T90/><AGARI ba="0,0" hai="75,76,80,90,93,98,126,127" m="13930,51786,31520" machi="90" ten="40,2000,0" yaku="20,1,52,1" doraHai="120" who="0" fromWho="0" sc="536,20,194,-13,320,-7,0,0" /><INIT seed="6,0,0,4,4,53" ten="556,181,313,0" oya="2" hai0="71,133,98,101,89,91,132,116,121,125,96,119,62" hai1="108,32,103,112,36,73,58,76,33,46,45,42,83" hai2="115,77,95,50,40,3,0,38,124,1,66,67,52" hai3="" shuffle="mt19937ar,0C5A806D,A12FD99D,682F0B05,7DD96999,2C4455FC,5CCBD40D,AC250EB2,041F5FE9"/><V131/><F115/><T134/><N who="0" m="31008" /><T80/><D125/><U48/><E108/><V104/><F124/><T88/><D96/><U60/><E112/><V37/><F104/><T109/><D109/><U59/><E103/><V90/><F131/><T129/><D129/><U57/><REACH who="1" step="1"/><E60/><REACH who="1" step="2"/><V55/><F3/><T126/><D126/><U117/><E117/><N who="0" m="45129" /><D62/><U64/><E64/><V130/><F66/><T39/><D71/><U41/><AGARI ba="0,1" hai="32,33,36,41,42,45,46,48,57,58,59,73,76,83" machi="41" ten="30,9000,2" yaku="1,1,0,1,52,3,53,2" doraHai="53" doraHaiUra="2" who="1" fromWho="1" sc="556,-30,171,100,313,-60,0,0" owari="526,48,271,-13,253,-35,0,0" /></mjloggm>