<mjloggm ver="2.3"><GO type="225"/><UN n0="%E3%82%88%E3%81%A3%E3%81%A1" n1="%23%37%34%E5%A4%A7%E6%B2%BB%E9%83%8E" n2="%E9%9B%AA%E5%9B%BD%E8%82%B2%E3%81%A1" n3="%EF%BC%88%EF%BC%8A%EF%BC%9E%EF%BC%9C%EF%BC%89" dan="16,16,17,17" rate="2039,2074,2134,2192" sx="M,M,M,F"/><TAIKYOKU oya="0"/><INIT seed="0,0,0,3,3,76" ten="250,250,250,250" oya="0" hai0="24,42,6,47,18,0,54,120,99,20,80,61,116" hai1="9,82,30,108,97,114,33,1,64,65,21,17,96" hai2="121,75,86,113,102,49,129,115,7,93,128,85,77" hai3="55,81,53,57,5,56,126,110,78,44,48,83,106" shuffle="mt19937ar,2A283CA6,62A02298,B2059BB3,95113888,A00B6030,F733B0C8,35109292,0AE1DF2E"/><T4/><D120/><U91/><E114/><N who="2" m="43531" /><F7/><W39/><G106/><T94/><D116/><U37/><E37/><V62/><F49/><W100/><G100/><T14/><D0/><U32/><E108/><V87/><F62/><W84/><G110/><T36/><D80/><U13/><E33/><V11/><F11/><W63/><G126/><T125/><D125/><U51/><E51/><V105/><F105/><W89/><G5/><T119/><D119/><U88/><E64/><V40/><F40/><W15/><G15/><T130/><D130/><N who="2" m="50282" /><F121/><W95/><REACH who="3" step="1"/><G78/><REACH who="3" step="2"/><T109/><D109/><U73/><E1/><V25/><F25/><W28/><G28/><T90/><REACH who="0" step="1"/><D14/><REACH who="0" step="2"/><U12/><E12/><V123/><F123/><W58/><G58/><AGARI ba="0,2" hai="4,6,18,20,24,36,42,47,54,58,61,90,94,99" machi="58" ten="40,12000,1" yaku="1,1,2,1,25,2,53,0" doraHai="76" doraHaiUra="101" who="0" fromWho="3" sc="240,140,250,0,250,0,240,-120" /><INIT seed="0,1,0,3,1,64" ten="380,250,250,120" oya="0" hai0="93,58,120,104,118,46,53,27,95,79,49,113,7" hai1="45,63,4,107,84,94,87,11,61,78,55,15,44" hai2="125,82,74,131,37,68,3,69,81,9,66,28,21" hai3="50,40,88,57,97,20,127,62,33,13,65,36,47" shuffle="mt19937ar,E0264B04,D1957B5A,6A073FE6,F1B28EE4,129B2C32,4C24373E,4DC5F9BE,99E3435E"/><T60/><D104/><U22/><E107/><V51/><F37/><W2/><G33/><T135/><D120/><U72/><E72/><V91/><F125/><W1/><G127/><T86/><D118/><U128/><E128/><V12/><F131/><W34/><G34/><T105/><D113/><U85/><E78/><V56/><F3/><W106/><G106/><T75/><D105/><U77/><E77/><V54/><F66/><W108/><G108/><T38/><D75/><U73/><E73/><V90/><F74/><W67/><G67/><T132/><D38/><U130/><E130/><V18/><F82/><W10/><G20/><T35/><D35/><U116/><E116/><V80/><F80/><W122/><G122/><T109/><D27/><U83/><E83/><V96/><F90/><W23/><G23/><T126/><D126/><U112/><E112/><V48/><F48/><W114/><G114/><T30/><D30/><U99/><E22/><V39/><F39/><W98/><G98/><T117/><D79/><U111/><E111/><V71/><F81/><W129/><G129/><T101/><D117/><U110/><E110/><V5/><F28/><W24/><G24/><T42/><D7/><U41/><E41/><V17/><REACH who="2" step="1"/><F21/><REACH who="2" step="2"/><W76/><G36/><T8/><D109/><U16/><E63/><V115/><F115/><W25/><G76/><T119/><D119/><U19/><E61/><V0/><F0/><W31/><G1/><T70/><D60/><U26/><E45/><V100/><F100/><W134/><G62/><T102/><D101/><N who="1" m="60663" /><E26/><V124/><F124/><RYUUKYOKU ba="1,1" sc="380,-15,250,15,240,15,120,-15" hai1="4,11,15,16,19,44,55,84,85,87" hai2="5,9,12,17,18,51,54,56,68,69,71,91,96" /><INIT seed="1,2,1,4,5,65" ten="365,265,255,105" oya="1" hai0="5,42,40,77,37,15,54,80,87,131,100,130,19" hai1="96,11,123,111,0,13,115,1,85,14,31,112,29" hai2="59,97,18,20,32,17,4,57,34,121,49,23,95" hai3="12,51,88,125,28,58,63,72,101,38,133,30,64" shuffle="mt19937ar,F6DDF087,E341E128,35685EEF,D6EC1C7D,06C4094B,7D2C4497,6E8ABA82,8A84022F"/><U92/><E123/><V86/><F121/><W93/><G72/><T35/><D35/><U107/><E107/><V83/><F4/><W129/><G38/><T106/><D5/><U7/><E85/><V2/><F2/><N who="1" m="1129" /><E92/><V68/><F68/><W109/><G101/><T24/><D24/><U116/><E96/><V114/><F114/><N who="1" m="43561" /><E116/><V84/><F49/><W127/><G51/><T104/><D37/><U50/><E50/><V25/><F32/><W103/><G103/><T99/><D54/><U36/><E36/><V10/><F34/><W134/><G12/><T55/><D55/><U71/><E71/><V124/><F10/><W98/><G28/><N who="1" m="10826" /><E13/><V117/><F95/><W46/><G46/><T33/><D33/><U47/><E47/><V110/><F97/><W67/><G67/><T91/><D106/><U81/><E81/><V9/><F83/><W79/><G79/><T53/><D53/><U105/><E105/><V135/><F117/><W90/><G90/><T89/><D89/><U22/><E22/><V119/><F23/><W118/><G118/><T120/><D120/><U70/><E70/><V102/><F20/><W73/><G73/><T45/><D91/><U94/><E94/><V39/><F39/><W75/><G75/><T66/><D66/><U108/><AGARI ba="2,1" hai="7,11,14,108,111" m="10826,43561,1129" machi="108" ten="40,3900,0" yaku="34,2" doraHai="65" who="1" fromWho="1" sc="365,-15,265,55,255,-15,105,-15" /><INIT seed="1,3,0,1,5,101" ten="350,320,240,90" oya="1" hai0="0,123,13,134,68,92,60,25,100,69,105,135,83" hai1="111,34,72,119,63,59,1,67,99,110,27,12,127" hai2="37,48,118,104,64,50,112,84,132,98,94,79,21" hai3="18,40,33,62,7,26,29,31,57,32,131,61,125" shuffle="mt19937ar,692F5A2E,941E1C96,4DF11C0C,E8B04F3C,DC6145F8,1DE12FBA,23451C34,6E246327"/><U102/><E1/><V87/><F118/><W8/><G40/><T66/><D0/><U49/><E119/><V17/><F37/><W70/><G125/><T23/><D123/><U54/><E127/><V22/><F132/><N who="0" m="50730" /><D13/><U89/><E72/><V14/><F112/><W65/><G131/><T11/><D11/><U126/><E126/><V108/><F108/><N who="1" m="41513" /><E89/><V41/><F64/><W114/><G114/><T113/><D92/><U28/><E12/><V116/><F116/><W19/><G31/><N who="0" m="17855" /><D83/><U56/><E102/><V80/><F87/><W90/><G33/><T93/><D93/><U96/><AGARI ba="3,0" hai="27,28,34,49,54,56,59,63,67,96,99" m="41513" machi="96" ten="30,3000,0" yaku="14,1,10,1" doraHai="101" who="1" fromWho="1" sc="350,-13,320,39,240,-13,90,-13" /><INIT seed="1,4,0,3,3,34" ten="337,359,227,77" oya="1" hai0="57,72,110,2,77,129,44,83,100,90,29,116,104" hai1="60,121,16,10,22,45,79,17,58,52,56,37,92" hai2="70,123,33,67,122,132,23,4,11,66,6,39,86" hai3="55,19,126,53,97,88,38,94,74,101,20,119,64" shuffle="mt19937ar,71674B8F,97C1366A,F9CAD472,0F8D0E55,B03A197C,60B40813,70B637AF,4F8B7E07"/><U108/><E121/><V103/><F33/><W9/><G74/><T21/><D57/><U107/><E107/><V68/><F39/><W35/><G38/><T51/><D44/><U3/><E79/><V40/><F40/><W25/><G119/><T47/><D51/><N who="1" m="28783" /><E37/><V15/><F132/><W128/><G128/><T76/><D47/><U24/><E3/><V113/><F103/><W1/><G126/><T75/><D2/><U120/><E120/><V43/><F43/><W115/><G115/><T105/><D29/><N who="1" m="17559" /><E108/><V91/><F113/><W127/><G127/><T131/><D21/><U48/><E10/><V124/><F124/><W96/><G64/><T114/><D114/><U78/><E78/><N who="0" m="30313" /><D116/><U80/><E80/><V13/><F23/><W109/><G109/><T30/><D30/><U82/><E82/><V46/><F46/><W0/><G35/><T135/><D135/><U61/><E92/><V71/><F122/><W95/><REACH who="3" step="1"/><G1/><REACH who="3" step="2"/><T133/><D133/><U87/><E87/><V32/><F32/><W65/><G65/><T69/><D110/><U111/><E111/><V73/><F123/><W42/><G42/><T36/><D36/><U130/><E130/><V85/><F73/><W125/><G125/><T49/><D131/><U41/><E41/><V134/><F134/><W93/><G93/><T50/><D129/><U12/><E61/><V7/><F86/><W106/><G106/><T81/><D105/><U117/><E117/><V18/><F67/><W28/><G28/><T89/><D75/><U62/><E62/><V112/><F66/><W59/><G59/><RYUUKYOKU ba="4,1" sc="337,-10,359,-10,227,-10,67,30" hai3="0,9,19,20,25,53,55,88,94,95,96,97,101" /><INIT seed="2,5,1,4,1,103" ten="327,349,217,97" oya="2" hai0="130,121,88,128,99,47,120,116,107,32,58,80,17" hai1="5,66,6,25,45,48,110,126,55,34,132,18,81" hai2="101,95,82,2,77,38,119,86,92,53,115,12,22" hai3="60,127,70,14,0,64,106,105,108,90,20,76,51" shuffle="mt19937ar,55BC3707,3D4EEAAA,917E891D,6D99A792,EA42AAA9,2A9FDD58,E0B36F72,E62BB132"/><V85/><F119/><W3/><G76/><T56/><D32/><U31/><E132/><V39/><F115/><W63/><G127/><T134/><D17/><U91/><E126/><V28/><F2/><W125/><G125/><T98/><D47/><U11/><E110/><V59/><F101/><W117/><G117/><T79/><D116/><U74/><E66/><V61/><F39/><W13/><G108/><T29/><D29/><U62/><E62/><V52/><F38/><W4/><G51/><T24/><D24/><U84/><E74/><V46/><F86/><W67/><G90/><T72/><D134/><U8/><E8/><V50/><REACH who="2" step="1"/><F12/><AGARI ba="5,1" hai="5,6,11,12,18,25,31,34,45,48,55,81,84,91" machi="12" ten="40,2600,0" yaku="25,2" doraHai="103" who="1" fromWho="2" sc="327,0,349,51,217,-41,97,0" /><INIT seed="3,0,0,3,3,62" ten="327,400,176,97" oya="3" hai0="14,56,16,10,22,103,75,26,29,48,83,28,129" hai1="119,126,74,52,107,90,127,132,43,128,69,106,6" hai2="109,55,61,72,44,66,23,84,116,53,120,110,5" hai3="115,124,36,88,54,11,113,35,46,30,94,0,67" shuffle="mt19937ar,21F09890,28939BB3,0798AC0E,414FA4F4,381F261D,B7016983,62985308,CC5B0E56"/><W134/><G35/><T34/><D75/><U102/><E74/><V79/><F72/><W117/><G117/><T97/><D83/><U4/><E119/><V78/><F116/><W42/><G30/><T89/><D129/><U59/><E128/><V98/><F98/><W135/><G54/><T100/><D29/><U9/><E132/><N who="3" m="50730" /><G124/><N who="1" m="47658" /><E69/><V2/><F53/><W99/><G0/><T65/><D48/><N who="1" m="31111" /><E43/><V3/><F55/><W80/><G11/><T87/><D97/><N who="1" m="61775" /><E107/><V31/><F2/><W95/><G80/><T33/><D33/><U32/><E32/><V18/><F3/><W73/><G73/><T51/><D51/><U1/><E6/><V76/><F31/><W125/><G125/><T82/><REACH who="0" step="1"/><D34/><REACH who="0" step="2"/><U60/><E60/><AGARI ba="0,1" hai="10,14,16,22,26,28,56,60,65,82,87,89,100,103" machi="60" ten="40,8000,1" yaku="1,1,2,1,8,1,52,1,54,1,53,0" doraHai="62" doraHaiUra="121" who="0" fromWho="1" sc="317,90,400,-80,176,0,97,0" owari="407,40,320,7,176,-17,97,-30" /></mjloggm>