<mjloggm ver="2.3"><GO type="225"/><UN n0="%E3%83%81%E3%83%A3%E3%82%AA%E3%83%AA" n1="%E6%A1%9C%E8%8A%B1%E9%96%83%E3%80%85" n2="%52%65%64%4D%61%67%69%63" n3="%E2%98%85%E3%83%A6%E3%83%94%E3%83%86%E3%83%AB%E2%98%85" dan="17,16,16,17" rate="2163,2046,2014,2083" sx="M,M,M,M"/><TAIKYOKU oya="0"/><INIT seed="0,0,0,3,3,34" ten="250,250,250,250" oya="0" hai0="113,118,122,120,107,23,67,125,25,9,30,104,71" hai1="62,102,72,127,90,60,1,99,12,19,58,64,45" hai2="50,2,41,96,10,97,74,134,46,89,42,83,119" hai3="100,70,95,29,8,76,91,40,131,116,38,14,28" shuffle="mt19937ar,C6658849,DBF03EA7,3905F6A0,E5C834CA,906A27CB,E77E9ABE,FFFF4643,18C039AB"/><T78/><D113/><U52/><E72/><V129/><F134/><W111/><G70/><T59/><D71/><U105/><E127/><V75/><F129/><W4/><G131/><T93/><D118/><U130/><E130/><V48/><F119/><W43/><G116/><T86/><D125/><U108/><E108/><V0/><F83/><W55/><G111/><T80/><D93/><U135/><E135/><V87/><F87/><W33/><G100/><T73/><D73/><U22/><E90/><V13/><F89/><W11/><G76/><T112/><D112/><U57/><REACH who="1" step="1"/><E45/><REACH who="1" step="2"/><V36/><F75/><W68/><G91/><T27/><D120/><U66/><E66/><V31/><F74/><W18/><G38/><T49/><D122/><U63/><E63/><V53/><F36/><W94/><G68/><T103/><D103/><U69/><E69/><V24/><F42/><W128/><G40/><T84/><D67/><U35/><E35/><V32/><F41/><W21/><G33/><T61/><D78/><U5/><E5/><V6/><REACH who="2" step="1"/><F50/><REACH who="2" step="2"/><W44/><G43/><T109/><D49/><U65/><E65/><V115/><F115/><W3/><G128/><T81/><D109/><U121/><E121/><V114/><F114/><W79/><G79/><T123/><D123/><U39/><E39/><V110/><F110/><W82/><G82/><T26/><D81/><U51/><E51/><V117/><F117/><W37/><G37/><T77/><D80/><U98/><E98/><AGARI ba="0,2" hai="0,2,6,10,13,24,31,32,46,48,53,96,97,98" machi="98" ten="40,5200,0" yaku="1,1,52,2,53,0" doraHai="34" doraHaiUra="88" who="2" fromWho="1" sc="250,0,240,-52,240,72,250,0" /><INIT seed="1,0,0,2,1,53" ten="250,188,312,250" oya="1" hai0="92,23,34,98,62,63,105,43,11,13,123,31,124" hai1="22,87,93,77,125,74,94,116,68,12,91,45,82" hai2="2,101,6,42,134,107,38,39,112,131,75,85,40" hai3="54,46,41,37,17,86,100,5,128,80,102,130,48" shuffle="mt19937ar,856DCF36,DDDE168F,A13DAD3F,59B2E2D7,D3008A39,9B51ACF4,9D4E46B3,CD9FFD31"/><U28/><E116/><V44/><F75/><W66/><G5/><T24/><D105/><U117/><E117/><V3/><F131/><N who="3" m="50219" /><G17/><T47/><D34/><U50/><E68/><V135/><F112/><W29/><G29/><T19/><D124/><U96/><E125/><V49/><F85/><W73/><G73/><T18/><D18/><U99/><E12/><V57/><F101/><W122/><G66/><T103/><REACH who="0" step="1"/><D123/><REACH who="0" step="2"/><U25/><REACH who="1" step="1"/><E94/><REACH who="1" step="2"/><V20/><F107/><W133/><G122/><T10/><D10/><U97/><E97/><V90/><F134/><W84/><G133/><T59/><D59/><U61/><E61/><V76/><F57/><N who="3" m="32967" /><G84/><T120/><D120/><U71/><E71/><V118/><F135/><W108/><G108/><T30/><D30/><U88/><E88/><AGARI ba="0,2" hai="37,41,46,80,86,88,100,102" m="32967,50219" machi="88" ten="30,3900,0" yaku="19,1,52,1,54,1" doraHai="53" who="3" fromWho="1" sc="240,0,178,-39,312,0,250,59" /><INIT seed="2,0,0,2,2,33" ten="240,139,312,309" oya="2" hai0="19,131,17,135,118,84,3,74,125,2,32,122,105" hai1="38,5,31,42,130,16,106,64,13,89,62,133,111" hai2="41,48,23,83,103,18,80,28,113,115,70,93,63" hai3="82,123,85,45,40,37,109,66,27,104,128,47,53" shuffle="mt19937ar,127A128E,607212FA,DBD9B665,2E877223,DB44ADFC,CF8A2E32,96FBCEAC,BD5F930A"/><V73/><F28/><W114/><G123/><T102/><RYUUKYOKU type="yao9" ba="0,0" sc="240,0,139,0,312,0,309,0" hai0="2,3,17,19,32,74,84,102,105,118,122,125,131,135" /><INIT seed="2,1,0,3,4,63" ten="240,139,312,309" oya="2" hai0="33,58,5,81,7,55,118,88,38,117,37,122,96" hai1="124,68,116,8,56,51,120,12,99,65,95,27,105" hai2="40,26,90,92,91,2,69,133,87,52,130,135,75" hai3="111,128,10,127,126,107,89,86,129,18,80,41,25" shuffle="mt19937ar,76FA3AAB,27F01C5F,CBBC0612,AA2C5D68,988B887F,AA897020,8E92AFE3,283A3FB6"/><V21/><F2/><W11/><G107/><T67/><D33/><U74/><E116/><N who="0" m="44649" /><D122/><U85/><E74/><V71/><F75/><W29/><G41/><T73/><D73/><U125/><E68/><V119/><F119/><W57/><G111/><T48/><D67/><U20/><E120/><V123/><F123/><W47/><G47/><T72/><D72/><U104/><E85/><V102/><F102/><W101/><G101/><T109/><D109/><U53/><E105/><V24/><F130/><N who="3" m="50283" /><G57/><T60/><D48/><U17/><E104/><V31/><F40/><W113/><G113/><T15/><D15/><U110/><E110/><V6/><F6/><N who="0" m="2058" /><D81/><U43/><E43/><V22/><F71/><W1/><G1/><T50/><D50/><U76/><E65/><V54/><F69/><W13/><G10/><T93/><AGARI ba="1,0" hai="37,38,55,58,60,88,93,96" m="2058,44649" machi="93" ten="30,2000,0" yaku="12,1,54,1" doraHai="63" who="0" fromWho="0" sc="240,23,139,-6,312,-11,309,-6" /><INIT seed="3,0,0,5,1,54" ten="263,133,301,303" oya="3" hai0="126,28,65,18,50,89,100,116,25,68,56,86,0" hai1="103,32,22,34,111,20,79,19,14,73,84,64,38" hai2="24,58,75,128,80,81,13,123,41,53,42,6,29" hai3="109,35,51,90,52,76,91,83,8,1,70,69,88" shuffle="mt19937ar,4E700DEF,B700F76D,44AFE664,0C42DD9F,FF981E32,12A12D28,3B9B40CA,0F434063"/><W71/><G35/><T124/><D0/><U7/><E73/><V63/><F128/><W102/><G102/><T135/><D116/><U15/><E38/><V92/><F123/><W23/><G109/><T39/><D39/><U59/><E111/><V108/><F108/><W27/><G8/><T130/><D100/><U37/><E37/><V67/><F75/><W10/><G10/><T82/><D130/><U95/><E7/><V85/><F13/><W60/><G1/><T49/><D68/><U55/><E64/><V46/><F6/><W36/><G36/><T97/><D97/><U118/><E118/><V93/><F81/><W30/><G60/><N who="0" m="38023" /><D18/><N who="1" m="10327" /><E79/><N who="2" m="46239" /><F67/><W94/><G94/><N who="2" m="36457" /><F46/><W96/><G96/><T133/><D50/><N who="1" m="31223" /><E103/><V33/><F33/><W62/><G62/><T106/><D106/><U122/><E122/><V17/><F29/><W115/><G115/><T132/><D49/><U11/><E11/><V66/><F66/><W99/><G99/><T2/><D2/><U120/><E120/><V31/><F31/><W21/><G21/><AGARI ba="0,0" hai="21,25,28,82,86,89,124,126,132,133,135" m="38023" machi="21" ten="30,2000,0" yaku="20,1,52,1" doraHai="54" who="0" fromWho="3" sc="263,20,133,0,301,0,303,-20" /><AGARI ba="0,0" hai="17,21,24,41,42,53,58,63" m="36457,46239" machi="21" ten="30,2000,0" yaku="8,1,52,1" doraHai="54" who="2" fromWho="3" sc="283,0,133,0,301,20,283,-20" owari="283,3,133,-27,321,33,263,-9" /></mjloggm>