<mjloggm ver="2.3"><GO type="225"/><UN n0="%E9%9B%B2%E9%9B%80%E6%81%AD%E5%BC%A5" n1="%E3%81%BF%E3%81%A3%E3%81%A4%E3%81%83%EF%BD%9E" n2="%EF%BC%A6%EF%BC%B8%E9%9B%80%E5%A3%AB" n3="%E3%82%88%E3%81%A3%E3%81%A1" dan="17,17,16,16" rate="2193,2155,2049,2071" sx="M,F,M,M"/><TAIKYOKU oya="0"/><INIT seed="0,0,0,0,3,121" ten="250,250,250,250" oya="0" hai0="88,127,109,12,6,103,100,47,13,71,120,135,110" hai1="133,40,105,95,17,89,33,32,45,16,131,0,19" hai2="44,102,50,9,70,79,63,118,72,80,108,59,116" hai3="101,61,129,22,8,26,35,29,99,39,43,5,3" shuffle="mt19937ar,1D2175BD,F6894DD8,EDF196B6,F5EE92B9,1781DDCB,7886432B,C3B411AA,B7C9534D"/><T60/><D120/><U4/><E105/><V69/><F102/><W49/><G129/><T125/><D135/><U65/><E133/><V38/><F9/><W85/><G85/><T28/><D28/><U114/><E65/><N who="2" m="39167" /><F38/><W48/><G61/><T66/><D47/><U122/><E131/><V37/><F37/><W15/><G39/><T73/><D73/><U128/><E128/><V54/><F70/><W2/><G43/><T91/><D6/><U92/><E122/><V42/><F42/><W1/><REACH who="3" step="1"/><G35/><REACH who="3" step="2"/><T115/><D115/><U107/><E114/><V67/><F69/><W124/><G124/><N who="0" m="47691" /><D103/><U20/><E33/><V7/><F72/><W78/><G78/><T82/><D100/><U62/><E32/><V123/><F79/><W46/><G46/><T83/><D83/><U30/><E45/><V104/><F80/><W68/><G68/><T31/><D31/><U112/><E40/><V24/><F44/><W90/><G90/><N who="0" m="34347" /><D82/><U18/><E30/><V75/><F123/><W77/><G77/><T81/><D81/><U14/><E112/><V25/><F75/><W23/><G23/><T55/><D55/><U64/><E20/><V21/><F21/><W134/><G134/><T84/><D84/><U97/><E89/><V106/><F54/><W96/><G96/><T126/><D126/><U74/><E74/><V76/><F76/><W27/><G27/><T51/><D51/><U36/><E36/><V93/><F25/><W53/><G53/><T87/><D87/><U57/><E97/><V56/><F50/><W34/><G34/><T119/><D119/><RYUUKYOKU ba="0,1" sc="250,15,250,-15,250,-15,240,15" hai0="12,13,60,66,71,109,110" hai3="1,2,3,5,8,15,22,26,29,48,49,99,101" /><INIT seed="0,1,1,0,0,38" ten="265,235,235,255" oya="0" hai0="106,57,20,73,10,100,83,40,8,66,79,86,118" hai1="97,19,116,105,71,78,135,125,63,47,96,55,62" hai2="16,82,91,36,26,24,85,123,56,52,45,6,69" hai3="67,81,27,3,22,120,49,53,93,68,89,2,101" shuffle="mt19937ar,B097587A,466D1020,33407207,22BABEFD,819D94FE,127B4A88,8A3E5271,309DB88A"/><T104/><D118/><U41/><E116/><V15/><F69/><W74/><G101/><T99/><D106/><U128/><E78/><V117/><F6/><W43/><G120/><T132/><D132/><U84/><E135/><V92/><F123/><W134/><G134/><T17/><D73/><U60/><E84/><V33/><F33/><W28/><G43/><T95/><D104/><U129/><E71/><V113/><F113/><W65/><G68/><T103/><D103/><U130/><E125/><V7/><F7/><W131/><G131/><T46/><D57/><U44/><E105/><V115/><F115/><W126/><G126/><T107/><D66/><U94/><E19/><V31/><F31/><W0/><G81/><T111/><D107/><U88/><E47/><V30/><F30/><W102/><G102/><T39/><REACH who="0" step="1"/><D111/><REACH who="0" step="2"/><U9/><E130/><V80/><F117/><W124/><G124/><T48/><D48/><N who="1" m="26639" /><E129/><V122/><F122/><W50/><G74/><T58/><D58/><N who="1" m="34911" /><E128/><V54/><F36/><W119/><G119/><T133/><D133/><U75/><E75/><V127/><F127/><W34/><G50/><T23/><D23/><U121/><E121/><V72/><F72/><W32/><G32/><T25/><AGARI ba="1,2" hai="8,10,17,20,25,39,40,46,79,83,86,95,99,100" machi="25" ten="20,7800,0" yaku="1,1,0,1,7,1,52,1,53,0" doraHai="38" doraHaiUra="109" who="0" fromWho="0" sc="255,101,235,-27,235,-27,255,-27" /><INIT seed="0,2,0,0,3,72" ten="356,208,208,228" oya="0" hai0="123,77,87,113,66,122,13,99,114,86,62,120,67" hai1="105,1,78,35,129,84,49,18,23,51,97,81,128" hai2="42,2,25,106,10,26,71,7,102,131,55,117,125" hai3="118,104,0,52,20,40,132,124,31,94,47,83,101" shuffle="mt19937ar,4989E7A5,B4622E38,2F32508A,1DE071D0,F0577971,6081EF77,CE349EB3,7010728E"/><T38/><D38/><U126/><E35/><V58/><F71/><W50/><G104/><T57/><D99/><U95/><E1/><V63/><F117/><W82/><G0/><T88/><D66/><U116/><E105/><V15/><F42/><W39/><G118/><T54/><D67/><U9/><E9/><V98/><F131/><N who="1" m="50249" /><E116/><V96/><F125/><W24/><G132/><T3/><D3/><U4/><E4/><V115/><F115/><W70/><G70/><T29/><D29/><U91/><E126/><V74/><F74/><W61/><G124/><T12/><D114/><U14/><AGARI ba="2,0" hai="14,18,23,49,51,78,81,84,91,95,97" m="50249" machi="14" ten="30,2000,0" yaku="19,1,52,1" doraHai="72" who="1" fromWho="1" sc="356,-12,208,26,208,-7,228,-7" /><INIT seed="1,0,0,5,5,34" ten="344,234,201,221" oya="1" hai0="42,37,64,7,74,15,2,12,3,32,30,51,79" hai1="76,97,50,95,89,96,110,134,124,115,56,59,11" hai2="112,47,90,9,114,119,24,87,130,75,88,25,36" hai3="35,133,62,17,22,111,71,10,53,80,120,49,83" shuffle="mt19937ar,85BC5E48,AAC6CF7F,BA3E6D89,1B676DD3,CDE8F234,C04A7042,6B7AD92B,FD3F6090"/><U78/><E115/><N who="2" m="44075" /><F75/><W93/><G35/><T18/><D64/><U19/><E110/><V123/><F119/><W48/><G120/><T86/><D74/><U125/><E134/><V91/><F123/><W105/><G105/><T100/><D37/><U99/><E78/><V29/><F130/><W1/><G93/><T31/><D100/><U16/><E76/><V27/><F9/><W63/><G133/><T132/><D132/><U77/><E77/><V82/><F29/><N who="0" m="10762" /><D42/><AGARI ba="0,0" hai="24,25,27,36,42,47,82,87,88,90,91" m="44075" machi="42" ten="30,2000,0" yaku="11,1,54,1" doraHai="34" who="2" fromWho="0" sc="344,-20,234,0,201,20,221,0" /><INIT seed="2,0,0,5,3,34" ten="324,234,221,221" oya="2" hai0="57,60,80,76,36,74,17,23,116,10,3,25,135" hai1="134,28,21,97,78,83,123,12,122,100,77,98,92" hai2="18,93,41,59,120,37,110,58,45,89,54,11,95" hai3="103,47,108,27,13,52,87,91,30,118,127,8,126" shuffle="mt19937ar,49D9AF49,7A05A615,7061B15D,0AD23892,8FC6CD53,015390D2,8DB37AA5,AA0D8493"/><V132/><F132/><W38/><G103/><T64/><D36/><U33/><E134/><V128/><F120/><N who="1" m="46121" /><E83/><V105/><F105/><W96/><G96/><T49/><D135/><U106/><E33/><V115/><F115/><W5/><G118/><T88/><D116/><U104/><E28/><V55/><F128/><W6/><G6/><T99/><D49/><U26/><E26/><V124/><F124/><W50/><G38/><T94/><D10/><U121/><E121/><V72/><F72/><W84/><G108/><T16/><D3/><U62/><E62/><V51/><F110/><W19/><G5/><T68/><D68/><U42/><E42/><V85/><F11/><W112/><G112/><T90/><D90/><N who="1" m="55447" /><E106/><V66/><F66/><W111/><G111/><T133/><D133/><U46/><E46/><V125/><F125/><N who="3" m="47627" /><G91/><T79/><D79/><U4/><E21/><AGARI ba="0,0" hai="8,13,19,21,27,30,47,50,52,84,87" m="47627" machi="21" ten="30,2000,0" yaku="18,1,54,1" doraHai="34" who="3" fromWho="1" sc="324,0,234,-20,221,0,221,20" /><INIT seed="3,0,0,5,2,79" ten="324,214,221,241" oya="3" hai0="86,14,69,47,32,61,119,72,116,41,59,45,39" hai1="44,26,106,117,100,57,66,35,105,20,111,132,42" hai2="87,129,77,6,96,43,94,89,40,34,7,113,38" hai3="29,112,27,50,95,25,118,130,3,24,74,80,63" shuffle="mt19937ar,40EB555C,F6390B68,DB733AEF,FB0C0EA4,C794DDFF,EFD9B562,FAB470C0,CE66FF1F"/><W33/><G3/><T12/><D72/><U28/><E111/><V101/><F34/><W97/><G112/><T131/><D32/><U5/><E132/><V93/><F113/><W104/><G104/><T36/><D69/><U56/><E117/><V110/><F110/><W13/><G118/><T60/><D86/><U91/><E5/><N who="2" m="1547" /><F38/><W65/><G13/><T16/><D131/><U15/><E91/><V10/><F129/><W18/><G50/><T19/><D59/><U53/><E66/><V83/><F10/><W126/><G126/><T108/><D108/><U21/><E57/><V1/><F1/><W51/><G51/><T78/><D78/><U127/><E127/><V55/><F55/><W88/><G18/><T99/><D99/><AGARI ba="0,0" hai="40,43,77,83,87,89,93,94,96,99,101" m="1547" machi="99" ten="30,2000,0" yaku="8,1,52,1" doraHai="79" who="2" fromWho="0" sc="324,-20,214,0,221,20,241,0" owari="304,31,214,-19,241,-1,241,-11" /></mjloggm>