<mjloggm ver="2.3"><GO type="225"/><UN n0="%EF%BC%88%EF%BC%8A%EF%BC%9E%EF%BC%9C%EF%BC%89" n1="%E5%85%8B%E5%88%A9%E5%A5%A5%E4%BD%A9%E7%89%B9%E5%89%8C%CE%B6" n2="%E6%A1%9C%E8%8A%B1%E9%96%83%E3%80%85" n3="%E3%83%9A%E3%83%AD%E3%81%A1%E3%82%83%E3%82%93" dan="17,16,16,16" rate="2192,2143,2056,2057" sx="F,F,M,M"/><TAIKYOKU oya="0"/><INIT seed="0,0,0,3,3,72" ten="250,250,250,250" oya="0" hai0="106,59,129,5,45,101,67,80,94,25,10,70,121" hai1="107,90,73,9,29,115,108,119,61,134,2,92,8" hai2="128,131,100,62,102,71,18,65,44,98,32,130,122" hai3="6,114,47,93,110,52,126,20,16,88,17,0,97" shuffle="mt19937ar,BB6EA12E,1CF06F92,763F50E4,31EA13F4,8C1B5DFD,3B2E82A7,33CABCBE,D0035F77"/><T56/><D121/><U57/><E107/><V48/><F122/><W64/><G114/><T81/><D129/><U77/><E119/><V66/><F32/><W133/><G133/><T78/><D106/><U40/><E134/><V116/><F116/><W105/><G105/><T27/><D45/><U54/><E115/><V118/><F118/><W112/><G112/><T53/><D70/><U120/><E120/><V103/><F18/><W21/><G126/><T38/><D38/><U31/><E40/><N who="2" m="24583" /><F65/><W12/><G110/><T4/><D94/><AGARI ba="0,0" hai="62,66,71,94,98,100,102,103,128,130,131" m="24583" machi="94" ten="30,1000,0" yaku="19,1" doraHai="72" who="2" fromWho="0" sc="250,-10,250,0,250,10,250,0" /><INIT seed="1,0,0,2,0,131" ten="240,250,260,250" oya="1" hai0="43,69,81,82,121,105,24,25,10,93,47,56,113" hai1="95,109,100,117,11,54,106,111,73,102,40,6,31" hai2="51,123,20,30,70,104,39,122,130,77,34,4,75" hai3="125,103,134,76,107,45,116,50,9,53,87,42,37" shuffle="mt19937ar,00C5108C,A7CCDD3B,D9A27396,B99B8C01,02C0A628,7C6B90F2,A72B4853,4926A0D2"/><U65/><E117/><V35/><F104/><W63/><G116/><T120/><D69/><U110/><E73/><V27/><F39/><W44/><G125/><T129/><D105/><U80/><E106/><V22/><F70/><W41/><G107/><T26/><D129/><U85/><E31/><V91/><F130/><W126/><G103/><T108/><D113/><U71/><E40/><V19/><F91/><W112/><G126/><T2/><D56/><U115/><E95/><V38/><F38/><W32/><G32/><N who="2" m="12329" /><F51/><W13/><G112/><T60/><D60/><N who="1" m="40359" /><E54/><V89/><F89/><W58/><G134/><T1/><D93/><U23/><E23/><V8/><F77/><W66/><G76/><T12/><D82/><U99/><E99/><V79/><F79/><W135/><G135/><T29/><D81/><U55/><E55/><V49/><F49/><W98/><G98/><T52/><D43/><U132/><E132/><V16/><F75/><W46/><G87/><T86/><D86/><U61/><E61/><V84/><F84/><W5/><REACH who="3" step="1"/><G42/><REACH who="3" step="2"/><T59/><D120/><N who="2" m="46122" /><F22/><W88/><G88/><T114/><D121/><U133/><E133/><V0/><AGARI ba="0,1" hai="0,4,8,16,19,20,27,30" m="46122,12329" machi="0" ten="30,4000,0" yaku="34,2,54,1" doraHai="131" who="2" fromWho="2" sc="240,-10,250,-20,260,50,240,-10" /><INIT seed="2,0,0,1,3,14" ten="230,230,310,230" oya="2" hai0="124,45,92,24,54,122,102,33,6,126,108,34,91" hai1="135,80,79,68,90,101,47,55,115,81,64,12,104" hai2="132,112,77,76,96,109,44,29,111,119,118,120,113" hai3="42,1,35,56,67,39,105,27,61,95,65,110,37" shuffle="mt19937ar,E3AD6D81,D128B892,361BA0C8,87E7DB5F,83B1309F,F3CF996B,427D1183,49FB4318"/><V107/><F29/><W69/><G105/><T116/><D116/><N who="2" m="44586" /><F44/><W97/><G110/><N who="2" m="41993" /><F120/><W58/><G1/><T130/><D108/><U128/><E47/><V19/><F19/><W133/><G133/><T51/><D122/><U22/><E12/><V53/><F53/><W26/><G42/><T134/><D6/><U50/><E22/><V94/><F107/><W46/><G46/><T28/><D134/><U73/><E55/><V62/><F62/><W30/><G26/><T75/><D33/><U10/><E50/><V131/><F131/><W57/><REACH who="3" step="1"/><G67/><REACH who="3" step="2"/><T66/><D66/><U98/><E64/><V59/><F132/><W25/><G25/><T17/><D24/><U83/><E135/><V93/><F59/><W16/><G16/><T71/><D17/><U129/><E128/><V23/><F113/><W13/><G13/><T114/><D114/><U32/><E115/><V2/><F2/><W125/><G125/><T0/><D126/><U127/><E129/><V21/><F112/><W7/><G7/><T99/><D130/><U3/><E127/><V84/><F23/><W36/><G36/><T11/><D124/><U117/><E117/><V5/><F21/><W74/><G74/><T86/><D75/><U49/><E3/><V60/><F5/><W4/><G4/><N who="0" m="1415" /><D34/><U123/><E32/><V8/><F8/><W100/><AGARI ba="0,1" hai="27,30,35,37,39,56,57,58,61,65,69,95,97,100" machi="100" ten="30,7900,0" yaku="1,1,0,1,53,2" doraHai="14" doraHaiUra="70" who="3" fromWho="3" sc="230,-20,230,-20,310,-39,220,89" /><INIT seed="3,0,0,4,0,101" ten="210,210,271,309" oya="3" hai0="65,48,120,31,106,122,9,121,79,90,10,92,87" hai1="14,127,128,55,123,75,71,97,50,24,54,60,104" hai2="109,93,2,130,96,77,108,6,15,112,94,95,26" hai3="67,18,64,52,21,134,39,13,126,80,124,59,37" shuffle="mt19937ar,9000FC40,769A036C,B26B2FAF,53E2AD55,88824587,0E696CB4,0AE4D208,8F115AF6"/><W25/><G134/><T114/><D114/><U63/><E123/><V28/><F2/><W43/><G80/><T74/><D65/><N who="3" m="25161" /><G43/><T88/><D31/><U45/><E71/><V22/><F112/><W133/><G133/><T11/><D48/><U132/><E132/><V62/><F130/><W49/><G25/><T69/><D69/><U100/><E128/><V58/><F77/><W51/><G51/><T27/><D27/><U102/><E75/><V113/><F113/><W20/><G20/><T70/><D70/><U16/><E127/><AGARI ba="0,0" hai="13,18,21,37,39,49,52,59,124,126,127" m="25161" machi="127" ten="30,2900,0" yaku="18,1,54,1" doraHai="101" who="3" fromWho="1" sc="210,0,210,-29,271,0,309,29" owari="210,-14,181,-22,271,2,338,34" /></mjloggm>