<mjloggm ver="2.3"><GO type="225"/><UN n0="%E3%81%B5%E3%82%8B%E3%81%AD%E3%81%93%40%E4%BD%95%E5%88%87%E3%82%8B" n1="%E3%81%93%E3%82%93%E3%81%AB%E3%81%A1%E3%81%AF%E6%97%A5%E6%9B%9C%E6%97%A5" n2="%52%65%64%4D%61%67%69%63" n3="%E8%B6%85%E3%83%92%E3%83%A2%E3%83%AA%E3%83%AD" dan="16,16,16,17" rate="2074,2018,2018,2078" sx="M,M,M,F"/><TAIKYOKU oya="0"/><INIT seed="0,0,0,0,0,40" ten="250,250,250,250" oya="0" hai0="34,129,69,60,88,131,121,80,105,56,83,22,77" hai1="115,106,125,51,91,73,95,6,10,62,65,41,99" hai2="113,16,124,57,72,25,46,82,7,54,63,70,116" hai3="45,71,123,49,86,68,43,9,8,81,101,110,89" shuffle="mt19937ar,88F899A8,AF9B8DE2,7D3C483F,47903330,0E4135F2,3D588755,E6AB6D92,9752EB1F"/><T50/><D34/><U0/><E73/><V31/><F113/><W78/><G110/><T84/><D105/><U18/><E115/><V97/><F124/><W132/><G132/><T100/><D100/><U75/><E75/><V127/><F127/><W108/><G108/><T120/><D69/><U33/><E33/><V119/><F7/><W12/><G123/><T39/><D39/><U52/><E41/><V24/><F70/><W128/><G128/><N who="0" m="49227" /><D50/><U87/><E18/><V38/><F97/><W32/><G32/><T114/><D22/><U27/><E27/><V19/><F82/><W112/><G112/><T4/><D4/><U35/><E35/><V92/><F92/><W111/><G111/><T26/><D26/><N who="2" m="10346" /><F31/><W133/><G133/><T66/><D114/><U61/><E125/><V48/><F72/><AGARI ba="0,0" hai="56,60,66,72,77,80,83,84,88,120,121" m="49227" machi="72" ten="30,2900,0" yaku="19,1,54,1" doraHai="40" who="0" fromWho="2" sc="250,29,250,0,250,-29,250,0" /><INIT seed="0,1,0,1,3,52" ten="279,250,221,250" oya="0" hai0="101,63,131,56,49,72,6,134,116,66,74,119,22" hai1="21,112,126,33,113,99,24,111,9,110,30,18,25" hai2="57,17,53,127,78,13,62,38,84,125,54,27,97" hai3="103,16,118,2,121,83,122,128,4,41,130,104,20" shuffle="mt19937ar,3840AD3E,A8B395AB,CADB109F,D9F63227,31CDC63F,58BD6BBD,9D75AED9,A191E724"/><T73/><D131/><U85/><E99/><V79/><F38/><W76/><G118/><T34/><D34/><U69/><E69/><V46/><F97/><N who="3" m="61551" /><G41/><T51/><D134/><U40/><E40/><V23/><F27/><N who="3" m="14727" /><G4/><T55/><D101/><U89/><E9/><V67/><F67/><W35/><G2/><T15/><D51/><U43/><E43/><V77/><REACH who="2" step="1"/><F84/><REACH who="2" step="2"/><N who="3" m="48231" /><G35/><T64/><D64/><U45/><E85/><V91/><F91/><W10/><G128/><T115/><D115/><U106/><E89/><V36/><F36/><W132/><G130/><T58/><REACH who="0" step="1"/><D22/><REACH who="0" step="2"/><U32/><E21/><V105/><F105/><W88/><G132/><T11/><AGARI ba="1,2" hai="6,11,15,49,55,56,58,63,66,72,73,74,116,119" machi="11" ten="40,18000,2" yaku="1,1,2,1,0,1,52,2,53,1" doraHai="52" doraHaiUra="59" who="0" fromWho="0" sc="269,203,250,-61,211,-61,250,-61" /><INIT seed="0,2,0,2,5,99" ten="472,189,150,189" oya="0" hai0="56,102,32,86,50,10,89,134,114,53,18,92,106" hai1="63,127,130,73,14,54,65,52,85,59,117,80,28" hai2="79,44,95,78,129,105,84,81,121,133,119,104,132" hai3="70,87,101,108,12,5,94,93,96,36,22,69,9" shuffle="mt19937ar,C1C26687,6CC9F72B,5F4BF894,4DE32AB8,6C675B4C,AEE9161D,DDC2DFBC,0002C4FD"/><T125/><D32/><U3/><E3/><V76/><F44/><W120/><G108/><T98/><D114/><U111/><E117/><V2/><F2/><W75/><G75/><T131/><D131/><U45/><E73/><V57/><F57/><W37/><G120/><T116/><D134/><N who="2" m="51818" /><F121/><W27/><G37/><T17/><D125/><U16/><E111/><V112/><F112/><W64/><G36/><T29/><D116/><U15/><E130/><V47/><F47/><W11/><G64/><T61/><D29/><U46/><E28/><V72/><F119/><W0/><G87/><T126/><D126/><U13/><E127/><V35/><F35/><W58/><G93/><T1/><REACH who="0" step="1"/><D61/><REACH who="0" step="2"/><U97/><E16/><V68/><F129/><W39/><G39/><T60/><D60/><U83/><E63/><V77/><F68/><W40/><G69/><T88/><D88/><AGARI ba="2,1" hai="72,76,77,78,79,81,84,88,95,104,105" m="51818" machi="88" ten="30,7700,0" yaku="20,1,34,2,54,1" doraHai="99" who="2" fromWho="0" sc="462,-83,189,0,150,93,189,0" /><INIT seed="1,0,0,0,3,22" ten="379,189,243,189" oya="1" hai0="135,88,68,83,8,38,26,16,71,92,121,62,132" hai1="120,54,77,98,76,31,25,101,134,113,34,1,21" hai2="118,59,96,6,19,85,4,131,119,82,15,106,72" hai3="35,87,42,81,9,2,30,75,33,14,130,129,69" shuffle="mt19937ar,1E7CB1DF,BD88A44D,E1DA6EAE,15094003,7BBFE3A5,1A06A8A1,B251B17F,93F67ABC"/><U116/><E120/><V84/><F131/><W123/><G75/><T112/><D38/><U104/><E116/><V74/><F59/><W20/><G69/><T111/><D112/><U99/><E113/><V51/><F51/><W80/><G123/><T44/><D44/><U56/><E1/><V128/><F128/><N who="3" m="49259" /><G42/><T91/><D111/><U125/><E125/><V36/><F36/><W66/><G66/><T93/><D83/><U3/><E3/><V40/><F40/><W27/><G2/><T28/><D121/><U127/><E127/><V110/><F110/><W46/><G46/><T60/><D28/><U117/><E117/><V97/><F82/><N who="3" m="31851" /><G87/><T29/><D29/><U43/><E43/><V23/><F106/><W11/><G11/><T57/><D8/><U94/><E34/><V41/><F41/><W115/><G115/><T133/><D71/><U61/><REACH who="1" step="1"/><E134/><REACH who="1" step="2"/><V107/><F118/><W52/><G52/><N who="0" m="33831" /><D135/><U70/><E70/><V24/><F119/><W47/><G47/><T64/><D132/><U108/><E108/><V109/><F109/><W12/><G12/><T13/><D13/><U32/><E32/><V58/><F15/><W73/><G73/><T67/><D133/><U95/><E95/><V50/><F74/><W53/><G53/><T102/><D93/><U78/><E78/><V86/><F72/><W10/><G10/><T39/><D67/><U114/><E114/><V79/><F79/><W124/><G124/><T105/><D92/><U126/><E126/><V90/><F107/><W122/><G122/><T103/><D105/><U65/><E65/><RYUUKYOKU ba="0,1" sc="379,-15,179,15,243,-15,189,15" hai1="21,25,31,54,56,61,76,77,94,98,99,101,104" hai3="9,14,20,27,30,33,35" /><INIT seed="1,1,1,3,1,43" ten="364,194,228,204" oya="1" hai0="26,19,134,60,46,94,25,31,133,106,87,49,14" hai1="11,116,115,78,12,55,126,97,92,112,124,48,123" hai2="99,24,63,77,5,120,2,122,45,90,107,1,88" hai3="28,42,89,91,67,13,50,62,10,68,16,125,108" shuffle="mt19937ar,870E3116,2E8C02D3,41B5979C,D3A4D548,B79AA3A1,A118764C,F621B4CC,C6D11421"/><U21/><E123/><V75/><F24/><W84/><G108/><T119/><D106/><U73/><E116/><V82/><F63/><W98/><G125/><N who="1" m="48234" /><E21/><V72/><F5/><W128/><G128/><T0/><D0/><U69/><E69/><V96/><F82/><W15/><G28/><T47/><D49/><U109/><E109/><V8/><F8/><W114/><G114/><T27/><D31/><U76/><E73/><V20/><F20/><W121/><G121/><T130/><D130/><U79/><E92/><V44/><F77/><W81/><G15/><T132/><D60/><U53/><E97/><V83/><F83/><W52/><G42/><T39/><D39/><U135/><E55/><V32/><REACH who="2" step="1"/><F107/><REACH who="2" step="2"/><W40/><G81/><T29/><D29/><U6/><E115/><V9/><F9/><W51/><G10/><N who="0" m="6615" /><D119/><U95/><E112/><V7/><F7/><W103/><G62/><T23/><D23/><U129/><E129/><V35/><AGARI ba="1,2" hai="1,2,32,35,44,45,72,75,88,90,96,99,120,122" machi="35" ten="25,12000,2" yaku="1,1,0,1,22,2,52,2,54,1,53,0" doraHai="43" doraHaiUra="131" who="2" fromWho="2" sc="364,-31,194,-61,218,143,204,-31" /><INIT seed="2,0,0,2,0,77" ten="333,133,361,173" oya="2" hai0="57,95,38,124,129,93,85,72,1,60,134,45,82" hai1="41,81,39,115,43,127,42,30,25,99,61,79,3" hai2="14,51,75,2,86,116,135,22,118,11,0,50,98" hai3="58,17,26,12,131,62,28,84,29,27,59,63,117" shuffle="mt19937ar,62D41EE8,0B5ADEF3,8081FE9F,592A54B0,D91BE961,12A28843,5C739230,08C7BDA7"/><V6/><F75/><W121/><G117/><T13/><D1/><U128/><E115/><V31/><F135/><W23/><G121/><T122/><D72/><U53/><E3/><V10/><F98/><W108/><G131/><T103/><D122/><U16/><E128/><V112/><F112/><W104/><G104/><T114/><D129/><U132/><E132/><V32/><F86/><W125/><G108/><T33/><D33/><U15/><E127/><V113/><F113/><W76/><G125/><T74/><D74/><U55/><E99/><V46/><F32/><W91/><G76/><N who="0" m="46279" /><D38/><U92/><E92/><N who="0" m="35401" /><D124/><U73/><E39/><V37/><F37/><W36/><G36/><T65/><D134/><U96/><E96/><V83/><F83/><N who="3" m="49567" /><G62/><T20/><D114/><U111/><E61/><V89/><F89/><W48/><G48/><T21/><D45/><U52/><E111/><V90/><F90/><W9/><G63/><T66/><D103/><U56/><E56/><N who="3" m="21546" /><G27/><T19/><D21/><U49/><E49/><V87/><F22/><W120/><G120/><T18/><D18/><AGARI ba="0,0" hai="9,12,17,18,23,26,28,29" m="21546,49567" machi="18" ten="30,2000,0" yaku="8,1,52,1" doraHai="77" who="3" fromWho="0" sc="333,-20,133,0,361,0,173,20" /><INIT seed="3,0,0,5,0,54" ten="313,133,361,193" oya="3" hai0="44,66,125,130,77,40,21,93,74,53,24,87,124" hai1="1,134,34,37,15,88,12,94,128,2,97,118,86" hai2="4,72,30,32,95,90,112,73,28,132,121,106,92" hai3="78,51,114,75,33,6,29,19,133,58,76,117,98" shuffle="mt19937ar,55B59090,DE684EDE,16507538,52109001,08D48CE5,3096C576,1D3C632C,B025DF76"/><W110/><G114/><T99/><D74/><U38/><E37/><V71/><F106/><W56/><G117/><T22/><D66/><U135/><E38/><V23/><F71/><W96/><G33/><T104/><D104/><U42/><E34/><V3/><F112/><W64/><G75/><T0/><D0/><U79/><E42/><V103/><F132/><W48/><G133/><T52/><D130/><U100/><E128/><V16/><F121/><W62/><G29/><T105/><D105/><U57/><E118/><V108/><F108/><W47/><G6/><T126/><D87/><U131/><E131/><V113/><F113/><W111/><G19/><T82/><D82/><U43/><E43/><V5/><F3/><W36/><G36/><T70/><D70/><U81/><E135/><V55/><F73/><W41/><G110/><T50/><D77/><N who="3" m="29801" /><G111/><T61/><D61/><U39/><E39/><V31/><F72/><W49/><G49/><T9/><D9/><U46/><E134/><V115/><F32/><W25/><G25/><T20/><REACH who="0" step="1"/><D24/><REACH who="0" step="2"/><U101/><E2/><V35/><F115/><W91/><G64/><T83/><D83/><U45/><E1/><V102/><F35/><W85/><G62/><T122/><D122/><U11/><E11/><V7/><F23/><W60/><G60/><T120/><D120/><U18/><E18/><V65/><F16/><W129/><G129/><T123/><D123/><U13/><E79/><V109/><F65/><W68/><G68/><T107/><D107/><U69/><E69/><V84/><F109/><W127/><G85/><RYUUKYOKU ba="0,1" sc="303,30,133,-10,361,-10,193,-10" hai0="20,21,22,40,44,50,52,53,93,99,124,125,126" owari="333,8,123,-28,361,37,183,-17" /></mjloggm>