<mjloggm ver="2.3"><GO type="225"/><UN n0="%E9%9B%B2%E9%9B%80%E6%81%AD%E5%BC%A5" n1="%E3%81%BF%E3%81%A3%E3%81%A4%E3%81%83%EF%BD%9E" n2="%EF%BC%A6%EF%BC%B8%E9%9B%80%E5%A3%AB" n3="%E9%9B%AA%E5%9B%BD%E8%82%B2%E3%81%A1" dan="17,17,16,17" rate="2181,2156,2059,2139" sx="M,F,M,M"/><TAIKYOKU oya="0"/><INIT seed="0,0,0,0,4,28" ten="250,250,250,250" oya="0" hai0="24,110,102,123,101,74,95,89,17,58,72,50,22" hai1="79,134,103,68,64,26,7,128,100,27,55,80,9" hai2="2,88,78,38,13,65,106,54,119,121,0,97,114" hai3="57,125,69,76,20,5,70,93,85,94,4,122,15" shuffle="mt19937ar,681C1921,BB915C99,3E1D981C,F1C66A6A,0F8EF154,96A024E5,FA3FC330,04D8A400"/><T120/><D110/><U73/><E128/><V130/><F130/><W61/><G122/><T46/><D123/><U115/><E115/><V77/><F114/><W35/><G35/><T23/><D120/><U99/><E134/><V67/><F38/><W29/><G125/><T84/><D72/><U32/><E27/><V113/><F106/><W126/><G126/><T90/><D74/><U63/><E99/><V25/><F121/><W43/><G43/><T11/><D11/><U98/><E55/><V39/><F39/><W66/><G70/><T124/><D124/><U71/><E71/><V3/><F25/><N who="3" m="16551" /><G69/><T131/><D131/><U112/><E112/><V104/><F104/><W96/><G15/><T19/><D90/><U91/><E91/><V8/><F119/><W105/><G105/><T36/><D36/><U48/><E48/><V108/><F108/><W135/><G135/><T62/><D62/><U109/><E109/><V83/><F113/><W86/><G94/><T40/><REACH who="0" step="1"/><D58/><REACH who="0" step="2"/><U82/><E73/><V87/><F8/><W41/><G76/><T117/><D117/><U33/><E79/><V45/><F77/><W30/><G57/><T6/><D6/><U47/><E7/><V60/><F78/><W129/><G4/><T37/><D37/><U34/><E9/><V51/><F88/><W56/><G5/><T18/><D18/><U12/><E68/><V44/><F3/><W21/><G129/><T92/><D92/><U53/><E63/><V75/><F2/><W52/><G61/><T14/><AGARI ba="0,1" hai="14,17,19,22,23,24,40,46,50,84,89,95,101,102" machi="14" ten="20,12000,1" yaku="1,1,0,1,7,1,8,1,53,1" doraHai="28" doraHaiUra="10" who="0" fromWho="0" sc="240,130,250,-40,250,-40,250,-40" /><INIT seed="0,1,0,5,5,75" ten="370,210,210,210" oya="0" hai0="17,111,67,37,43,22,93,101,23,8,110,21,103" hai1="117,130,31,10,120,34,112,51,74,94,5,33,41" hai2="88,60,86,82,72,47,106,44,116,32,100,3,0" hai3="104,36,113,122,2,134,64,28,118,133,126,135,129" shuffle="mt19937ar,CCB85B8E,A96A0935,22DB043B,FE46B91E,DB6730AC,1E9EF80E,C7737E70,E4076089"/><T87/><D67/><U70/><E51/><V54/><F32/><W132/><G64/><T83/><D43/><U107/><E94/><V108/><F108/><N who="0" m="41514" /><D37/><U105/><E41/><V27/><F27/><W29/><G29/><T99/><D103/><U39/><E31/><V66/><F116/><W80/><G28/><T115/><D115/><U81/><E81/><V42/><F72/><W69/><G80/><T13/><D8/><U48/><E10/><V121/><F121/><W95/><G135/><T7/><D7/><U6/><E5/><V96/><F54/><W24/><G95/><T91/><AGARI ba="1,0" hai="13,17,21,22,23,83,87,91,93,99,101" m="41514" machi="91" ten="30,3000,0" yaku="14,1,10,1" doraHai="75" who="0" fromWho="0" sc="370,33,210,-11,210,-11,210,-11" /><INIT seed="0,2,0,1,0,59" ten="403,199,199,199" oya="0" hai0="104,42,56,18,78,65,133,43,62,77,23,54,33" hai1="98,19,3,61,12,80,90,106,73,107,11,87,121" hai2="52,4,50,120,124,96,112,25,0,76,46,53,35" hai3="92,109,97,49,75,5,70,81,58,71,83,119,114" shuffle="mt19937ar,A3CF580A,5412CAD8,B37A5377,DD0E8A05,D8D21222,BEEBD70E,1553C40A,6CCF1B1F"/><T94/><D104/><U68/><E121/><V95/><F120/><W10/><G114/><T135/><D33/><U115/><E115/><V118/><F112/><W86/><G119/><T22/><D22/><U72/><E3/><V38/><F38/><W32/><G32/><T27/><D78/><U111/><E111/><V2/><F118/><W64/><G75/><T74/><D74/><U132/><E132/><N who="0" m="50761" /><D77/><U29/><E29/><V89/><F4/><W37/><G109/><T88/><D65/><U39/><E39/><V105/><F105/><W129/><G37/><T102/><D102/><U108/><E107/><V21/><F35/><W130/><G130/><T8/><D8/><U34/><E108/><V41/><F124/><W128/><G128/><T127/><D127/><U31/><E31/><V40/><F76/><W116/><G116/><T60/><D60/><U84/><E34/><V15/><F15/><W126/><G126/><T100/><D100/><U66/><REACH who="1" step="1"/><E87/><AGARI ba="2,0" hai="18,23,27,42,43,54,56,62,87,88,94" m="50761" machi="87" ten="30,5800,0" yaku="20,1,52,1,54,1" doraHai="59" who="0" fromWho="1" sc="403,64,199,-64,199,0,199,0" /><INIT seed="0,3,0,5,1,14" ten="467,135,199,199" oya="0" hai0="49,28,98,32,113,37,79,39,89,16,50,10,66" hai1="19,65,115,27,51,15,73,122,7,3,105,120,80" hai2="90,99,64,69,55,0,116,63,121,72,84,85,70" hai3="23,78,119,57,128,94,21,47,97,36,17,26,107" shuffle="mt19937ar,4D574282,755D4E82,DBA5B028,2F2EB3B8,4941C07E,6E7B433C,DF4C6FCD,9324442F"/><T123/><D113/><U135/><E105/><V87/><F121/><W106/><G119/><T11/><D123/><U108/><E65/><V71/><F0/><W9/><G128/><T31/><D66/><U129/><E51/><V125/><F72/><W96/><G78/><T22/><D79/><U100/><E100/><V93/><F116/><W59/><G9/><N who="0" m="3083" /><D32/><U109/><E7/><V60/><REACH who="2" step="1"/><F125/><REACH who="2" step="2"/><W1/><G1/><T110/><D110/><N who="1" m="42603" /><E3/><V124/><F124/><W8/><G107/><T56/><D39/><U18/><E129/><V2/><F2/><W34/><G36/><T127/><D37/><U38/><E38/><V74/><F74/><W118/><G106/><T86/><D127/><U132/><E115/><V46/><F46/><W134/><G47/><T58/><D98/><U20/><E122/><V4/><F4/><W112/><G97/><T68/><D68/><U62/><E120/><V117/><F117/><W33/><G96/><T5/><D5/><U53/><E73/><V82/><F82/><W40/><G118/><T104/><D104/><U54/><E80/><V91/><F91/><W44/><G112/><T13/><D58/><AGARI ba="3,1" hai="55,58,60,63,64,69,70,71,84,85,87,90,93,99" machi="58" ten="40,1300,0" yaku="1,1,53,0" doraHai="14" doraHaiUra="35" who="2" fromWho="0" sc="467,-22,135,0,189,32,199,0" /><INIT seed="1,0,0,5,5,11" ten="445,135,221,199" oya="1" hai0="42,113,80,66,23,132,90,45,72,121,118,29,130" hai1="64,38,75,131,40,58,8,81,52,44,4,28,109" hai2="2,108,10,39,9,54,76,65,83,84,53,55,79" hai3="107,13,103,1,112,78,62,71,22,31,119,77,115" shuffle="mt19937ar,BBB4CC0A,EEEF6102,515E7746,6D4BE99C,824CF01F,6E1C4DD7,2C3CA856,87F1AB88"/><U124/><E64/><V92/><F39/><W50/><G1/><T27/><D118/><U68/><E28/><V30/><F108/><W7/><G119/><T122/><D113/><U129/><E68/><V26/><F65/><W51/><G107/><T135/><D66/><U96/><E96/><V116/><F116/><W37/><G37/><N who="0" m="21711" /><D130/><N who="1" m="49675" /><E109/><V47/><F47/><W49/><G103/><T17/><D29/><U85/><E75/><V21/><F2/><W20/><G62/><T97/><D72/><U0/><E124/><V5/><F5/><W67/><G67/><T98/><D80/><U82/><E85/><N who="2" m="48359" /><F79/><W25/><G71/><T128/><D128/><U106/><E106/><V24/><F24/><N who="3" m="16775" /><G115/><T18/><D18/><U126/><E126/><V59/><F59/><W88/><G112/><T32/><D32/><U123/><E123/><N who="0" m="47113" /><D90/><AGARI ba="0,0" hai="9,10,21,26,30,53,54,55,84,90,92" m="48359" machi="90" ten="30,1000,0" yaku="8,1" doraHai="11" who="2" fromWho="0" sc="445,-10,135,0,221,10,199,0" /><INIT seed="2,0,0,3,1,49" ten="435,135,231,199" oya="2" hai0="22,93,20,7,127,38,131,106,25,34,51,108,29" hai1="95,0,53,116,80,9,8,85,1,66,54,40,65" hai2="35,11,70,96,118,21,79,72,3,17,73,48,125" hai3="81,134,23,60,87,67,91,78,86,55,107,128,57" shuffle="mt19937ar,11A20E3F,46EA0952,D6ABD024,BB7411B9,DDD00544,CEC526F2,C9C6F2F2,CB37F206"/><V74/><F118/><W100/><G134/><T94/><D106/><U121/><E95/><V14/><F70/><W110/><G128/><T4/><D38/><U124/><E40/><V109/><F125/><W15/><G110/><T71/><D108/><U56/><E116/><V122/><F122/><W50/><G107/><T105/><D105/><U6/><E124/><V44/><F35/><W126/><G100/><T63/><D127/><U130/><E130/><V112/><F109/><W32/><G32/><T18/><D131/><U111/><E111/><V41/><F96/><W77/><G126/><T43/><D34/><U39/><E39/><V123/><F123/><W90/><G15/><T69/><D69/><U45/><E121/><V103/><F103/><W13/><G13/><T115/><D115/><U76/><E45/><V84/><F84/><W82/><REACH who="3" step="1"/><G23/><REACH who="3" step="2"/><T28/><D22/><U101/><E101/><V10/><F112/><W102/><G102/><T68/><D20/><U16/><E66/><V104/><F104/><W30/><G30/><T92/><D29/><U117/><E117/><V135/><F135/><W132/><G132/><T99/><D28/><U27/><E1/><V129/><F129/><W31/><G31/><T114/><D25/><U61/><REACH who="1" step="1"/><E27/><REACH who="1" step="2"/><V33/><F3/><W98/><G98/><T52/><D99/><U37/><E37/><V46/><F14/><AGARI ba="0,2" hai="0,6,8,9,14,16,53,54,56,61,65,76,80,85" machi="14" ten="40,8000,1" yaku="1,1,52,2,54,1,53,1" doraHai="49" doraHaiUra="2" who="1" fromWho="2" sc="435,0,125,100,231,-80,189,0" /><INIT seed="3,0,0,5,3,69" ten="435,225,151,189" oya="3" hai0="79,93,80,90,123,18,3,114,39,30,0,9,43" hai1="133,115,121,81,86,126,101,15,20,108,56,78,116" hai2="36,76,26,110,23,124,53,82,34,128,98,112,127" hai3="25,96,11,57,74,68,104,5,40,75,119,10,59" shuffle="mt19937ar,F74E77FA,ABA71136,F2850261,671484F8,30C8847E,3D970F4C,1E7DDE42,02A20F55"/><W72/><G119/><T46/><D123/><U64/><E121/><V2/><F112/><W42/><G68/><T35/><D114/><U91/><E115/><V52/><F2/><W24/><G96/><T33/><D30/><U38/><E116/><V125/><F34/><W89/><G89/><T135/><D0/><U7/><E101/><V8/><F8/><N who="3" m="3115" /><G5/><N who="0" m="1215" /><D18/><N who="1" m="10335" /><E38/><V87/><F110/><W60/><G60/><T63/><D135/><U29/><E133/><V1/><F1/><W73/><N who="3" m="18944" /><DORA hai="132" /><W44/><G44/><T105/><D63/><N who="1" m="37991" /><E126/><V84/><F36/><W58/><G104/><T103/><D90/><U66/><E108/><V111/><F111/><W92/><G92/><T118/><D93/><U19/><E29/><N who="2" m="17631" /><F98/><W94/><G94/><T71/><D46/><U131/><E19/><V102/><F102/><W99/><G99/><T14/><D103/><U50/><E7/><V55/><F128/><W41/><AGARI ba="0,0" hai="24,25,40,41,42,57,58,59" m="18944,3115" machi="41" ten="70,12000,1" yaku="29,2,28,2" doraHai="69,132" who="3" fromWho="3" sc="435,-40,225,-40,151,-40,189,120" /><INIT seed="3,1,0,0,5,5" ten="395,185,111,309" oya="3" hai0="111,115,6,8,113,17,102,65,124,66,68,31,20" hai1="39,95,54,73,3,27,42,28,61,130,101,97,22" hai2="117,81,109,120,75,129,44,13,67,63,32,135,133" hai3="37,88,125,69,80,96,76,0,52,78,57,45,15" shuffle="mt19937ar,24F6FF71,E33F1C9A,162BF0B3,7C86745D,696FA175,779CC085,EE5B2D7D,6033C8D3"/><W56/><G125/><T14/><D124/><U30/><E73/><V106/><F106/><W105/><G69/><T49/><D111/><U77/><E3/><V19/><F117/><W104/><G0/><T47/><D102/><U59/><E130/><V83/><F32/><W128/><G128/><T10/><D31/><U85/><E39/><V40/><F129/><W7/><G104/><T108/><D108/><U12/><E42/><V92/><F109/><W62/><G105/><T41/><D10/><U119/><E119/><V94/><F120/><W89/><G37/><T132/><D132/><U11/><E30/><V134/><F81/><W16/><G7/><T38/><D38/><U46/><E46/><V100/><F100/><W50/><G96/><T48/><D48/><U98/><E98/><V33/><F33/><W99/><G99/><T25/><D68/><U29/><E29/><V43/><F83/><W112/><G112/><AGARI ba="1,0" hai="6,8,14,17,20,25,41,47,49,65,66,112,113,115" machi="112" ten="40,2600,0" yaku="11,1,52,1" doraHai="5" who="0" fromWho="3" sc="395,29,185,0,111,0,309,-29" owari="424,42,185,-16,111,-29,280,3" /></mjloggm>