<mjloggm ver="2.3"><GO type="185"/><UN n0="%41%55%54%4F%4E%4F%4D%59" n1="%E3%81%B5%E3%81%8F%EF%BC%A3%EF%BD%88%EF%BD%81%EF%BD%8E%E2%99%AA" n2="%E5%8D%81%E5%85%AD%E5%A4%9C%E2%80%A0%E5%92%B2%E5%A4%9C" n3="" dan="16,16,16,0" rate="2109,2193,2167,1500" sx="M,F,F,C"/><TAIKYOKU oya="0"/><INIT seed="0,0,0,4,0,49" ten="350,350,350,0" oya="0" hai0="99,2,118,110,129,76,70,46,104,62,96,47,65" hai1="107,0,130,80,97,128,1,68,94,100,40,108,81" hai2="135,45,58,127,75,112,79,113,85,84,77,56,34" hai3="" shuffle="mt19937ar,B03AA1ED,EAFC0B8E,0C3A6F74,3487E249,AC2F515C,C8C8AC61,30362FB6,5C21A5A4"/><T63/><D2/><U86/><E108/><V53/><F34/><T39/><D110/><U83/><E68/><V114/><F135/><T54/><D118/><U36/><E40/><V120/><N who="2" m="30752" /><V72/><F127/><T35/><D35/><U57/><E57/><V124/><F124/><T87/><D129/><N who="1" m="49771" /><E36/><V59/><F45/><T91/><D76/><N who="2" m="29258" /><F53/><T43/><D104/><U44/><E44/><V93/><F93/><T123/><N who="0" m="31520" /><T38/><D63/><U132/><E132/><V69/><F69/><T95/><REACH who="0" step="1"/><D54/><REACH who="0" step="2"/><U103/><E0/><V116/><F116/><T131/><D131/><U61/><E1/><V42/><F42/><AGARI ba="0,1" hai="38,39,42,43,46,47,62,65,70,87,91,95,96,99" m="31520" machi="42" ten="40,12000,1" yaku="1,1,9,1,52,1,53,1" doraHai="49" doraHaiUra="67" who="0" fromWho="2" sc="340,130,350,0,350,-120,0,0" /><INIT seed="0,1,0,3,4,131" ten="470,350,230,0" oya="0" hai0="90,59,44,63,99,125,58,60,109,76,122,64,114" hai1="101,104,124,105,56,50,46,73,93,72,52,95,130" hai2="48,80,79,69,133,108,71,110,107,45,91,87,32" hai3="" shuffle="mt19937ar,8EB87EA7,C6F1D1CB,7F97BB64,7C62BDDC,DEE1DB18,C27F708A,22D9536F,1F5B48AB"/><T112/><N who="0" m="31264" /><T75/><D125/><U62/><E130/><V70/><F32/><T102/><D109/><U128/><E128/><V1/><F107/><T132/><D90/><U83/><E124/><V43/><F1/><T129/><D129/><U115/><E115/><V96/><F96/><T38/><D76/><U0/><E95/><V37/><F91/><T118/><D75/><U97/><E0/><V103/><F103/><T106/><D118/><U36/><E36/><V119/><F119/><T65/><D38/><U111/><E111/><V98/><F98/><T54/><D44/><U40/><E73/><V68/><F37/><T57/><D132/><U85/><REACH who="1" step="1"/><E72/><REACH who="1" step="2"/><V86/><F110/><T61/><AGARI ba="1,1" hai="54,57,58,59,60,61,63,64,65,99,102,106,112,114" m="31264" machi="61" ten="20,5200,0" yaku="0,1,7,1,9,1,52,1" doraHai="131" who="0" fromWho="0" sc="470,64,340,-27,230,-27,0,0" /><INIT seed="0,2,0,5,1,73" ten="534,313,203,0" oya="0" hai0="47,120,91,41,84,58,131,66,114,108,81,44,56" hai1="36,110,78,52,104,94,79,82,59,3,61,100,48" hai2="34,85,107,72,99,130,134,33,132,106,124,135,133" hai3="" shuffle="mt19937ar,23FF7EB3,1D5ACB46,1BF8E15F,E94DE75D,BE149DC1,EE5D1107,74897DD4,9AD4DB2A"/><T74/><N who="0" m="30752" /><T123/><N who="0" m="31520" /><T125/><D114/><U2/><E36/><V68/><F68/><T96/><D125/><U112/><E112/><V69/><F69/><T98/><D131/><U39/><E39/><V70/><F70/><T55/><D108/><U95/><E110/><V129/><F72/><T60/><D74/><U97/><E95/><V116/><F116/><T126/><D126/><U118/><E118/><V65/><F65/><T121/><N who="0" m="31008" /><T87/><D87/><U42/><E104/><V109/><F124/><T75/><D75/><U64/><E42/><V111/><F111/><T0/><D0/><U38/><E38/><V49/><F109/><T92/><D98/><U117/><E117/><V45/><F85/><T103/><D41/><U76/><REACH who="1" step="1"/><E82/><REACH who="1" step="2"/><V32/><F107/><T90/><D103/><U88/><E88/><V113/><F113/><T105/><D105/><U101/><E101/><V67/><F106/><T40/><D40/><U127/><E127/><V71/><F135/><T80/><D80/><U115/><E115/><V102/><F134/><T62/><AGARI ba="2,1" hai="44,47,55,56,58,60,62,66,81,84,90,91,92,96" m="31008,31520,30752" machi="62" ten="20,12000,2" yaku="0,1,7,1,8,1,52,3" doraHai="73" who="0" fromWho="0" sc="534,134,303,-62,203,-62,0,0" /><INIT seed="0,3,0,3,0,81" ten="668,241,141,0" oya="0" hai0="53,126,37,48,35,109,71,90,86,47,82,110,1" hai1="72,118,122,58,76,116,2,55,49,60,38,117,33" hai2="88,120,98,114,59,34,68,104,63,106,96,40,32" hai3="" shuffle="mt19937ar,A66043BC,9D02AAD7,A78A864B,FEF67C74,7344B9B7,9CFDCD9F,134EE94C,A2689668"/><T91/><D35/><U54/><N who="1" m="31264" /><U108/><E76/><V46/><N who="2" m="30752" /><V43/><F68/><T44/><D1/><U50/><E72/><V89/><F114/><T80/><D71/><U56/><E33/><V128/><F128/><T41/><D126/><U0/><E2/><V125/><F125/><T92/><REACH who="0" step="1"/><D82/><REACH who="0" step="2"/><U101/><E0/><V112/><F34/><T131/><D131/><U105/><E118/><V61/><F32/><T123/><N who="0" m="31520" /><T93/><D93/><U79/><E105/><V95/><F106/><T66/><D66/><U119/><E119/><V73/><F104/><T100/><D100/><U65/><E101/><V62/><F95/><T51/><D51/><U52/><E38/><V124/><F124/><T74/><D74/><U87/><E117/><V102/><F73/><T83/><D83/><U42/><E116/><V133/><F102/><T103/><D103/><U84/><E49/><V70/><F70/><T121/><N who="0" m="31008" /><T67/><D67/><U113/><E65/><V97/><F62/><T115/><D115/><U99/><E113/><V85/><F63/><T45/><D45/><U57/><E60/><V69/><F46/><T130/><D130/><U94/><E94/><V36/><F61/><RYUUKYOKU ba="3,1" sc="658,20,241,-10,141,-10,0,0" hai0="37,41,44,47,48,53,80,86,90,91,92,109,110" /><INIT seed="0,4,1,2,4,62" ten="678,231,131,0" oya="0" hai0="43,82,86,35,71,126,124,32,67,119,50,73,125" hai1="48,2,0,99,91,93,90,3,116,103,92,107,34" hai2="69,1,129,63,44,89,65,46,105,121,101,80,36" hai3="" shuffle="mt19937ar,96531285,488A05EC,B3A0D50B,5C5223CE,04548857,05BC20ED,013D409B,F9E7F24C"/><T77/><D119/><U78/><E34/><N who="0" m="12841" /><D67/><U64/><E116/><V111/><N who="2" m="31008" /><V42/><F1/><T110/><D71/><U130/><E130/><V66/><F111/><T79/><D110/><U131/><E131/><V59/><F129/><T117/><D117/><U104/><E78/><V112/><F112/><T72/><D79/><U127/><E127/><V55/><F101/><T61/><D61/><U81/><E81/><V83/><F105/><T60/><D60/><U45/><E64/><V108/><F108/><T47/><AGARI ba="4,1" hai="43,47,50,72,73,77,82,86,124,125,126" m="12841" machi="47" ten="40,1400,0" yaku="18,1" doraHai="62" who="0" fromWho="0" sc="678,32,231,-11,131,-11,0,0" /><INIT seed="0,5,0,4,5,78" ten="710,220,120,0" oya="0" hai0="43,52,130,92,47,102,88,61,84,58,76,94,129" hai1="68,70,59,104,131,0,32,66,115,42,107,57,60" hai2="124,122,54,109,126,63,87,98,79,36,38,110,83" hai3="" shuffle="mt19937ar,42BBABFC,FF2DDF83,D99586D6,82049343,3155164B,A6AA6898,ED1C5464,AE3DF4CE"/><T49/><D76/><U134/><E32/><V55/><N who="2" m="31264" /><V103/><F36/><T112/><D112/><U118/><E0/><V89/><F38/><T100/><REACH who="0" step="1"/><D94/><REACH who="0" step="2"/><U80/><E115/><V114/><F114/><T3/><D3/><U119/><E107/><V91/><F79/><T39/><D39/><U125/><E104/><V73/><F126/><T65/><D65/><U1/><E66/><V2/><F124/><T120/><N who="0" m="30752" /><T35/><D35/><U95/><E1/><V101/><F2/><T135/><D135/><U97/><E95/><V105/><F105/><T93/><D93/><U50/><E134/><V44/><F110/><T48/><D48/><U51/><E50/><V69/><F109/><T111/><D111/><U108/><E51/><V121/><F121/><T40/><D40/><U56/><E42/><V90/><F63/><T132/><D132/><U37/><E60/><V99/><F101/><AGARI ba="5,1" hai="43,47,49,52,58,61,84,88,92,100,101,102,129,130" m="30752" machi="101" ten="40,12000,1" yaku="1,1,52,1,54,2,53,0" doraHai="78" doraHaiUra="128" who="0" fromWho="2" sc="700,140,220,0,120,-130,0,0" owari="840,79,220,-18,-10,-61,0,0" /></mjloggm>