<mjloggm ver="2.3"><GO type="225"/><UN n0="%23%37%34%E5%A4%A7%E6%B2%BB%E9%83%8E" n1="%E7%AE%A1%E5%AF%9D" n2="%E2%98%85%E3%83%A6%E3%83%94%E3%83%86%E3%83%AB%E2%98%85" n3="%E3%83%80%E3%83%A0%E3%83%9E%E3%83%8B%E3%82%A2" dan="16,16,17,16" rate="2050,2055,2073,2123" sx="M,M,M,M"/><TAIKYOKU oya="0"/><INIT seed="0,0,0,0,0,117" ten="250,250,250,250" oya="0" hai0="11,20,46,122,18,120,39,106,128,61,92,127,44" hai1="26,98,116,49,115,30,23,83,107,123,99,129,27" hai2="41,40,82,126,101,131,43,5,75,6,93,66,111" hai3="50,13,24,72,37,108,2,56,22,118,1,94,14" shuffle="mt19937ar,964679E3,FD607927,BA32ED29,82614E20,317A3004,E3611625,7B133725,0FDC3948"/><T54/><D106/><U55/><E116/><V109/><F126/><W119/><G72/><T7/><D127/><U19/><E129/><V76/><F131/><W68/><G37/><T32/><D128/><U0/><E0/><V36/><F36/><W91/><G68/><T59/><D32/><U104/><E115/><V84/><F66/><W42/><G119/><T9/><D9/><U31/><E83/><V113/><F113/><W17/><G118/><T80/><D80/><U62/><E62/><V121/><F121/><W135/><G135/><T74/><D74/><U69/><E69/><V25/><F25/><W60/><G108/><N who="2" m="41545" /><F84/><W21/><G1/><T16/><D18/><U33/><E19/><V102/><F93/><W134/><G2/><T34/><D34/><U48/><E123/><V86/><F75/><W53/><G22/><T88/><D11/><U90/><E98/><V63/><F63/><W87/><G134/><T97/><D7/><AGARI ba="0,0" hai="5,6,7,40,41,43,76,82,86,101,102" m="41545" machi="7" ten="30,1000,0" yaku="14,1" doraHai="117" who="2" fromWho="0" sc="250,-10,250,0,250,10,250,0" /><INIT seed="1,0,0,2,5,5" ten="240,250,260,250" oya="1" hai0="2,62,74,19,24,100,27,122,22,32,92,12,108" hai1="68,20,79,89,6,72,35,131,15,57,91,113,109" hai2="7,85,30,29,28,104,51,84,1,94,130,83,8" hai3="59,103,9,54,42,69,50,66,134,86,135,48,14" shuffle="mt19937ar,5E8469F2,DF3D4D67,8BF0AA21,88573B3A,63D095D7,95E817A3,AE2FBB58,9DBA6A81"/><U128/><E113/><V38/><F104/><W88/><G103/><T46/><D74/><U31/><E68/><V65/><F38/><W114/><G114/><T102/><D108/><U16/><E6/><V118/><F130/><N who="1" m="49705" /><E109/><V115/><F115/><W129/><G129/><T101/><D122/><U112/><E112/><V121/><F121/><W26/><G26/><T37/><D2/><U23/><E35/><V132/><F132/><N who="3" m="50731" /><G69/><T67/><D32/><U4/><E4/><V117/><F65/><W60/><G66/><T55/><D92/><U82/><E57/><V124/><F124/><W99/><G99/><T81/><D81/><U87/><E72/><V71/><F71/><W13/><G13/><T123/><D123/><U126/><E126/><V90/><REACH who="2" step="1"/><F51/><REACH who="2" step="2"/><W34/><G50/><T21/><D37/><U0/><E0/><V96/><F96/><W36/><G48/><T77/><D67/><U3/><E3/><V44/><F44/><W120/><G36/><T63/><D46/><U45/><E45/><V43/><F43/><W105/><G42/><T52/><D63/><U98/><E98/><V73/><F73/><W53/><G105/><T11/><D62/><U78/><E78/><AGARI ba="0,1" hai="1,7,8,28,29,30,78,83,84,85,90,94,117,118" machi="78" ten="40,2600,0" yaku="1,1,52,1,53,0" doraHai="5" doraHaiUra="61" who="2" fromWho="1" sc="240,0,250,-26,250,36,250,0" /><INIT seed="2,0,0,1,0,14" ten="240,224,286,250" oya="2" hai0="53,42,50,41,128,93,83,112,1,76,66,60,81" hai1="28,100,23,78,129,34,92,15,133,79,80,59,89" hai2="73,97,101,57,32,116,117,72,119,115,11,124,3" hai3="12,111,7,107,35,75,90,22,38,31,94,68,56" shuffle="mt19937ar,83154D49,F05B7E67,A7A03734,0ADDD397,96F4B40A,1EA8519D,DFDC9C66,2ECF54CA"/><V2/><F115/><W17/><G107/><T109/><D112/><U91/><E34/><V108/><F57/><W131/><G75/><N who="2" m="28745" /><F124/><W36/><G68/><T52/><D1/><N who="2" m="10" /><F11/><W10/><G131/><T98/><D128/><U121/><E133/><V114/><F114/><W64/><G111/><T47/><D109/><U24/><E121/><V62/><F62/><W39/><G35/><T40/><D53/><U104/><E104/><N who="2" m="63535" /><F32/><W122/><G31/><T99/><D99/><N who="1" m="59495" /><E129/><V118/><F116/><W135/><G135/><T4/><D4/><U54/><E15/><V49/><F49/><W30/><G30/><T19/><D76/><N who="1" m="29227" /><E80/><V134/><F134/><W113/><G113/><T37/><D37/><U8/><E8/><V46/><F46/><W120/><G122/><T69/><REACH who="0" step="1"/><D19/><REACH who="0" step="2"/><U85/><E85/><V5/><F5/><W9/><G120/><T27/><D27/><U45/><E45/><V71/><F108/><W106/><G7/><T70/><D70/><AGARI ba="0,1" hai="70,71,117,118,119" m="63535,10,28745" machi="70" ten="40,2000,0" yaku="23,1" doraHai="14" who="2" fromWho="0" sc="230,-20,224,0,286,30,250,0" /><INIT seed="2,1,0,3,3,43" ten="210,224,316,250" oya="2" hai0="100,9,51,76,79,45,23,57,125,89,4,114,32" hai1="124,11,55,5,37,98,61,59,13,68,120,82,107" hai2="40,18,116,66,91,84,50,96,112,71,67,64,73" hai3="118,2,70,93,22,60,101,0,131,52,42,105,95" shuffle="mt19937ar,E0433F16,1D4B1B3A,DAB707AB,6D8010BA,CCC08EBF,FDBC34C2,8698892C,559687CC"/><V108/><F73/><W110/><G105/><T58/><D114/><U115/><E115/><V132/><F112/><W121/><G118/><T15/><D32/><U27/><E124/><V44/><F116/><W46/><G121/><T72/><D125/><U80/><E120/><V123/><F123/><W17/><G131/><T47/><D100/><U69/><E37/><V77/><F132/><W1/><G110/><T53/><D72/><U31/><E68/><V94/><F108/><W81/><G101/><T127/><D127/><U7/><E69/><V38/><F71/><W86/><G70/><T41/><D89/><U28/><E5/><V33/><F33/><W87/><G60/><T30/><D30/><N who="1" m="11307" /><E107/><V74/><F74/><W92/><G81/><N who="1" m="31338" /><E27/><V25/><F38/><W26/><REACH who="3" step="1"/><G52/><REACH who="3" step="2"/><T97/><D41/><U16/><E98/><V8/><F96/><W29/><G29/><T88/><D97/><U134/><E134/><V85/><F40/><W39/><AGARI ba="1,1" hai="0,1,2,17,22,26,39,42,46,86,87,92,93,95" machi="39" ten="40,5200,0" yaku="1,1,0,1,52,1,53,0" doraHai="43" doraHaiUra="3" who="3" fromWho="3" sc="210,-14,224,-14,316,-27,240,65" /><INIT seed="3,0,0,0,3,125" ten="196,210,289,305" oya="3" hai0="114,8,75,3,63,118,126,28,110,104,96,59,20" hai1="12,56,6,35,89,31,15,46,27,24,119,81,19" hai2="122,66,34,108,106,39,40,129,38,65,88,21,13" hai3="14,29,72,123,52,17,92,67,16,79,50,115,10" shuffle="mt19937ar,C0DC3CFB,60465D01,95B03CBD,3673CA3F,CFC1D4BA,F62D3E0A,05FB95D7,047F2D23"/><W11/><G123/><T49/><D75/><U7/><E119/><V48/><F106/><W91/><G115/><T127/><D118/><U93/><E46/><V9/><F34/><W5/><G29/><T64/><D114/><U132/><E132/><V105/><F105/><W60/><G72/><T74/><D74/><U57/><E81/><V94/><F122/><W131/><G79/><T47/><D110/><U23/><E12/><V4/><F129/><W80/><G80/><T37/><D37/><U69/><E69/><V82/><F108/><W90/><G131/><T134/><D134/><U78/><E78/><V107/><F107/><W32/><G32/><T18/><D28/><U109/><E109/><V36/><F82/><W84/><G91/><T51/><D3/><U117/><E117/><V116/><F116/><W102/><G102/><N who="0" m="62535" /><D8/><U70/><E70/><V87/><REACH who="2" step="1"/><F21/><REACH who="2" step="2"/><W44/><REACH who="3" step="1"/><G11/><REACH who="3" step="2"/><T103/><D103/><U101/><E101/><V112/><F112/><W0/><G0/><T33/><D33/><U113/><E113/><V76/><F76/><W95/><G95/><T43/><D20/><U86/><E35/><V68/><F68/><AGARI ba="0,2" hai="5,10,14,16,17,44,50,52,60,67,68,84,90,92" machi="68" ten="30,11600,0" yaku="1,1,7,1,54,2,53,0" doraHai="125" doraHaiUra="124" who="3" fromWho="2" sc="196,0,210,0,279,-116,295,136" owari="196,-15,210,-4,163,-24,431,43" /></mjloggm>