<mjloggm ver="2.3"><GO type="225"/><UN n0="%E6%9C%80%E9%80%9F%E3%82%AF%E3%83%B3%E2%99%AA" n1="%E4%BA%8C%E4%B8%89%E8%B5%A4%E4%BA%94%EF%BC%94%EF%BC%96%EF%BC%98" n2="%EF%BC%88%EF%BC%8A%EF%BC%9E%EF%BC%9C%EF%BC%89" n3="%E7%AE%A1%E5%AF%9D" dan="16,16,17,16" rate="2078,2095,2186,2053" sx="M,M,F,M"/><TAIKYOKU oya="0"/><INIT seed="0,0,0,4,5,81" ten="250,250,250,250" oya="0" hai0="90,34,41,47,74,17,124,117,69,83,113,15,88" hai1="129,66,24,55,37,135,75,87,130,4,35,99,82" hai2="53,6,42,91,30,8,56,11,107,86,67,52,54" hai3="39,28,14,0,97,102,94,49,46,10,71,58,29" shuffle="mt19937ar,D307B9DB,2CA3D250,BA708C9A,5AEBE77C,13F911E0,0F97BC7C,21208FA5,CFDAF2E4"/><T127/><D113/><U85/><E37/><V59/><F107/><W1/><G71/><T121/><D117/><U125/><E125/><N who="0" m="48201" /><D121/><U72/><E66/><V115/><F115/><W70/><G70/><T104/><D69/><U64/><E64/><V84/><F42/><W111/><G111/><T108/><D34/><U128/><E135/><V73/><F73/><N who="1" m="28233" /><E4/><V44/><F44/><W7/><G0/><T118/><D104/><U92/><E82/><N who="2" m="49559" /><F30/><W38/><G1/><T23/><D118/><U106/><E106/><V98/><F98/><W48/><G38/><N who="0" m="21943" /><D108/><U95/><E55/><N who="2" m="21067" /><F6/><W76/><G39/><T33/><D33/><U32/><E32/><V96/><F96/><W63/><G48/><T43/><D43/><U77/><E77/><AGARI ba="0,0" hai="15,17,23,74,77,83,88,90" m="21943,48201" machi="77" ten="30,2900,0" yaku="18,1,54,1" doraHai="81" who="0" fromWho="1" sc="250,29,250,-29,250,0,250,0" /><INIT seed="0,1,0,1,0,121" ten="279,221,250,250" oya="0" hai0="30,38,55,60,39,111,74,83,28,59,46,103,84" hai1="112,31,104,9,109,107,51,95,64,131,52,108,117" hai2="78,19,8,7,10,17,23,106,35,36,62,77,80" hai3="27,128,105,3,22,119,65,110,2,25,100,45,24" shuffle="mt19937ar,E5B36ACD,18D1DEFD,7A6D5515,57B0B9CA,67AF5DCF,68795DA9,493A34CA,493352FC"/><T56/><D74/><U12/><E117/><V89/><F106/><W96/><G119/><T14/><D103/><U134/><E134/><V115/><F36/><W58/><G128/><T29/><D46/><U0/><E0/><V54/><F115/><W94/><G105/><T44/><D44/><U70/><E131/><V32/><F62/><W18/><G110/><N who="1" m="42602" /><E31/><V41/><F41/><W90/><G45/><T130/><D130/><U49/><E112/><V132/><F80/><W61/><REACH who="3" step="1"/><G100/><REACH who="3" step="2"/><T129/><D129/><U99/><E107/><V13/><F132/><W16/><G16/><T98/><D111/><U68/><E104/><V75/><F19/><W66/><G66/><T97/><D29/><U88/><E64/><V101/><F17/><W85/><G85/><T6/><D84/><U135/><E135/><V123/><F101/><W20/><G20/><T87/><D87/><U21/><E21/><V5/><F23/><W126/><G126/><T125/><D125/><U50/><E52/><V26/><F54/><W67/><G67/><T81/><D55/><U11/><E11/><V79/><F8/><W102/><G102/><T86/><D86/><U124/><E124/><V71/><F10/><W114/><G114/><T47/><D47/><U92/><E92/><V37/><F35/><W33/><G33/><T69/><D30/><U34/><E34/><V116/><F32/><W73/><G73/><T43/><D28/><U63/><E63/><V76/><F75/><W118/><G118/><T57/><D60/><U40/><E40/><V1/><N who="2" m="19968" /><DORA hai="48" /><V133/><F116/><RYUUKYOKU ba="1,1" sc="279,-15,221,15,250,-15,240,15" hai1="9,12,49,50,51,68,70,88,95,99" hai3="2,3,18,22,24,25,27,58,61,65,90,94,96" /><INIT seed="1,2,1,1,1,27" ten="264,236,235,255" oya="1" hai0="70,52,47,1,87,92,12,53,46,18,57,25,94" hai1="56,20,13,22,104,126,59,98,38,89,79,63,54" hai2="117,93,72,31,99,7,108,3,129,131,103,62,19" hai3="40,4,37,81,116,75,48,51,120,85,55,34,97" shuffle="mt19937ar,D5F3BE69,F8962113,55BA369F,D9C80062,AA1C3B58,963BEF01,26903040,5D10A646"/><U80/><E38/><V96/><F72/><W110/><G120/><T0/><D70/><U73/><E126/><V82/><F117/><W125/><G75/><T10/><D0/><U67/><E13/><V16/><F108/><W135/><G135/><T49/><D1/><U91/><E104/><V39/><F39/><W121/><G121/><T2/><D2/><U28/><E98/><V9/><F82/><W44/><G34/><T77/><D25/><U134/><E134/><V11/><F62/><W60/><G110/><T76/><D47/><U36/><E36/><V90/><F31/><W112/><G112/><T128/><D128/><N who="2" m="49226" /><F11/><W50/><G125/><T124/><D124/><U123/><E123/><V45/><F45/><W69/><G116/><T42/><D42/><U64/><E64/><V35/><F35/><W66/><G55/><T106/><D106/><AGARI ba="2,1" hai="3,7,9,16,19,90,93,96,99,103,106" m="49226" machi="106" ten="30,2000,0" yaku="19,1,54,1" doraHai="27" who="2" fromWho="0" sc="264,-26,236,0,235,36,255,0" /><INIT seed="2,0,0,1,4,101" ten="238,236,271,255" oya="2" hai0="105,78,126,83,6,60,95,91,7,30,113,77,8" hai1="11,128,40,2,32,118,71,112,10,106,96,5,52" hai2="115,108,76,21,22,38,82,42,122,61,62,72,1" hai3="81,98,14,85,3,102,109,93,17,119,66,4,80" shuffle="mt19937ar,F2557661,F9BF1C54,30AF1DBF,64B864B2,A9C9C199,3292B569,DF1B251E,39E0D1B0"/><V55/><F122/><W129/><G119/><T121/><D121/><U87/><E118/><V57/><F115/><W19/><G109/><T69/><D113/><U13/><E112/><V86/><F108/><W37/><G37/><T133/><D30/><U34/><E71/><V135/><F135/><W107/><G129/><T27/><D27/><U47/><E128/><V92/><F62/><W53/><G66/><T103/><D69/><U23/><E23/><V127/><F127/><W104/><G3/><T48/><D60/><U64/><E64/><V123/><F123/><W111/><G111/><T90/><D78/><U70/><E70/><V56/><F56/><W73/><G53/><T41/><D91/><U50/><E87/><V35/><F35/><W114/><G114/><T131/><D131/><U63/><E63/><V89/><REACH who="2" step="1"/><F1/><REACH who="2" step="2"/><W46/><G46/><AGARI ba="0,1" hai="21,22,38,42,46,55,57,61,72,76,82,86,89,92" machi="46" ten="40,7700,0" yaku="1,1,2,1,53,1" doraHai="101" doraHaiUra="88" who="2" fromWho="3" sc="238,0,236,0,261,87,255,-77" /><INIT seed="2,1,0,0,1,45" ten="238,236,348,178" oya="2" hai0="19,115,112,94,27,114,74,52,73,77,69,9,51" hai1="16,53,111,95,8,117,63,46,108,40,3,126,120" hai2="64,10,75,56,60,84,1,37,62,89,25,121,92" hai3="130,76,97,96,0,31,119,34,123,42,41,135,55" shuffle="mt19937ar,C3C18282,C7F4E958,5F19BEAD,D13832C2,F23F9573,F7BFB0B1,FA5B449C,98E26D18"/><V28/><F75/><W68/><G123/><T66/><D77/><U49/><E117/><V59/><F37/><W79/><G119/><T26/><D94/><U4/><E120/><V54/><F121/><W11/><G68/><T48/><D66/><U78/><E126/><V98/><F10/><W43/><G135/><T57/><D69/><U85/><E63/><V21/><F1/><W127/><G130/><T102/><D102/><U82/><E95/><V72/><F72/><W39/><G127/><T88/><D88/><U100/><E100/><V86/><AGARI ba="1,0" hai="21,25,28,54,56,59,60,62,64,84,86,89,92,98" machi="86" ten="30,3000,0" yaku="0,1,8,1" doraHai="45" who="2" fromWho="2" sc="238,-11,236,-11,348,33,178,-11" /><INIT seed="2,2,0,1,5,77" ten="227,225,381,167" oya="2" hai0="104,49,32,78,5,33,105,126,11,124,60,86,40" hai1="24,98,89,7,51,93,125,56,120,44,113,96,4" hai2="123,106,114,69,10,131,61,103,72,109,65,116,14" hai3="81,55,34,16,97,23,100,50,48,119,46,133,87" shuffle="mt19937ar,447A8258,3D39FB61,BCB9014A,2E4D3DFB,C882E0CD,10D407D6,F37D2577,6706637E"/><V25/><F114/><W102/><G119/><T15/><D60/><U84/><E113/><V13/><F116/><W108/><G108/><T19/><D19/><U130/><E130/><V22/><F123/><W107/><G133/><T75/><D75/><U118/><E118/><V58/><F131/><W101/><G34/><N who="0" m="13419" /><D78/><U52/><E120/><V128/><F72/><W0/><G0/><T64/><D64/><U31/><E125/><N who="0" m="48233" /><D86/><U3/><E3/><V88/><F103/><W95/><G107/><T35/><D35/><U82/><E44/><AGARI ba="2,0" hai="5,11,15,40,44,49,104,105" m="48233,13419" machi="44" ten="30,1000,0" yaku="18,1" doraHai="77" who="0" fromWho="1" sc="227,16,225,-16,381,0,167,0" /><INIT seed="3,0,0,3,2,114" ten="243,209,381,167" oya="3" hai0="50,51,71,19,33,4,105,65,60,59,24,116,55" hai1="5,127,57,78,112,103,135,87,31,129,118,15,7" hai2="2,115,126,90,125,119,44,123,84,134,28,74,56" hai3="21,93,108,100,39,13,70,109,97,17,20,26,41" shuffle="mt19937ar,6B8DF746,3990DD22,DC4B17AD,A82CCD3C,375817AB,8FFAD645,738E594B,002B8499"/><W94/><G70/><T43/><D116/><U91/><E112/><V34/><F74/><W113/><G113/><T75/><D75/><U23/><E127/><V131/><F119/><W124/><G124/><T22/><D105/><U10/><E118/><V29/><F2/><W86/><G39/><T32/><REACH who="0" step="1"/><D4/><REACH who="0" step="2"/><U63/><E7/><V6/><F6/><W83/><G41/><T82/><D82/><U9/><E5/><V14/><F125/><W47/><G93/><T89/><D89/><U130/><E91/><V80/><F90/><W53/><G83/><T1/><D1/><U96/><E130/><V66/><F80/><W101/><G101/><T133/><D133/><U68/><E103/><V62/><F134/><W16/><REACH who="3" step="1"/><G86/><REACH who="3" step="2"/><T120/><D120/><U107/><E87/><V35/><F84/><W49/><AGARI ba="0,2" hai="13,16,17,20,21,26,47,49,53,94,97,100,108,109" machi="49" ten="30,11700,0" yaku="1,1,2,1,0,1,54,1,53,0" doraHai="114" doraHaiUra="104" who="3" fromWho="3" sc="233,-39,209,-39,381,-39,157,137" /><INIT seed="3,1,0,2,1,89" ten="194,170,342,294" oya="3" hai0="107,134,47,29,80,125,105,133,22,98,104,129,44" hai1="30,21,51,54,38,124,123,77,88,43,4,69,106" hai2="50,82,2,130,62,28,131,25,46,114,97,113,11" hai3="100,73,81,102,120,5,93,56,35,121,74,64,8" shuffle="mt19937ar,02240048,44ABEA22,74469C0B,D9B3F6B9,DC060DB1,5E6A0412,BF2DCA02,E9E684E8"/><W128/><G35/><T18/><D129/><N who="2" m="49162" /><F62/><W84/><G128/><T49/><D125/><U58/><E123/><V116/><F116/><W101/><G64/><T71/><D71/><U63/><E106/><V31/><F82/><W67/><G67/><T72/><D29/><N who="2" m="11338" /><F25/><W15/><G56/><T41/><D47/><U37/><E124/><V39/><F39/><W3/><G3/><T12/><D80/><U96/><E77/><V48/><F97/><W91/><REACH who="3" step="1"/><G81/><REACH who="3" step="2"/><T10/><D134/><U119/><E119/><V32/><F32/><W13/><G13/><T90/><D12/><U65/><E4/><N who="2" m="1431" /><F48/><W36/><G36/><T57/><D49/><U20/><E30/><V132/><F132/><W117/><G117/><T127/><D133/><U52/><E54/><AGARI ba="1,1" hai="46,50,54,113,114" m="1431,11338,49162" machi="54" ten="30,1000,0" yaku="19,1" doraHai="89" who="2" fromWho="1" sc="194,0,170,-13,342,23,284,0" owari="194,-16,157,-24,365,37,284,3" /></mjloggm>