<mjloggm ver="2.3"><GO type="225"/><UN n0="%E3%82%88%E3%81%A3%E3%81%A1" n1="%E5%BE%85%E3%81%A1%E3%81%A8%E3%82%89%E3%81%9A" n2="%E3%81%B6%E3%81%A3%E3%81%A8%E3%81%B3%E4%BE%8D" n3="%E6%A1%9C%E8%8A%B1%E9%96%83%E3%80%85" dan="16,16,16,16" rate="2074,2055,2059,2022" sx="M,M,M,M"/><TAIKYOKU oya="0"/><INIT seed="0,0,0,1,1,40" ten="250,250,250,250" oya="0" hai0="18,74,126,72,102,49,3,67,90,52,35,32,65" hai1="114,123,110,99,69,11,101,20,103,55,42,62,129" hai2="34,131,117,116,97,57,58,93,46,45,77,13,54" hai3="16,119,132,22,10,17,120,121,66,21,15,59,26" shuffle="mt19937ar,A7010632,392A24BC,D2FCEFD3,F3FEB1BA,AFDABF02,0E4C0478,A5468376,AB10322E"/><T36/><D36/><U88/><E123/><N who="3" m="47178" /><G66/><T5/><D102/><U8/><E110/><V82/><F34/><W108/><G59/><N who="2" m="22537" /><F54/><W63/><G63/><T79/><D79/><U115/><E129/><V43/><F43/><W1/><G108/><T28/><D18/><U14/><E20/><V38/><F38/><W29/><G132/><T78/><D126/><U48/><E62/><V92/><F13/><N who="3" m="9391" /><G1/><T98/><D5/><U47/><E69/><V6/><F6/><W60/><G60/><T50/><D3/><U130/><E42/><V23/><F23/><W91/><G91/><T24/><D90/><U31/><E8/><V86/><F131/><W133/><G133/><T53/><D98/><U37/><E130/><V85/><F85/><W30/><G119/><N who="2" m="45641" /><F97/><W127/><G127/><T125/><D78/><U81/><E37/><V80/><F82/><W25/><G25/><T70/><D125/><U87/><E31/><AGARI ba="0,0" hai="10,15,16,22,26,29,30,31" m="9391,47178" machi="31" ten="30,7700,0" yaku="13,1,34,2,54,1" doraHai="40" who="3" fromWho="1" sc="250,0,250,-77,250,0,250,77" /><INIT seed="1,0,0,2,1,65" ten="250,173,250,327" oya="1" hai0="129,105,73,77,78,26,68,11,31,108,107,17,16" hai1="53,87,96,113,38,27,84,25,67,126,64,104,95" hai2="0,80,63,119,76,44,71,100,109,118,7,122,66" hai3="97,120,61,55,29,41,58,10,101,92,102,132,52" shuffle="mt19937ar,EEB4F909,6D09FA74,D6C82D4F,571E4A4B,9D8731BE,64A4B740,6BBEAA38,99246B1F"/><U4/><E113/><V40/><F122/><W15/><G120/><T123/><D123/><U50/><E38/><N who="2" m="21527" /><F100/><W79/><G132/><T116/><D116/><U127/><E104/><V6/><F6/><W121/><G121/><T22/><D129/><U2/><E2/><V45/><F45/><W85/><G41/><T54/><D54/><U59/><E4/><V37/><F37/><W70/><G70/><T82/><D78/><U81/><E87/><V3/><F3/><W18/><G29/><T28/><D68/><U98/><E98/><V103/><F103/><N who="3" m="60839" /><G55/><T135/><D135/><U20/><E25/><V62/><F62/><W72/><G72/><T21/><D108/><U14/><E14/><V49/><F49/><W30/><G30/><T91/><D91/><N who="1" m="55423" /><E126/><V90/><F109/><W46/><G46/><T33/><D28/><N who="1" m="17511" /><E127/><V47/><F0/><W12/><G12/><T24/><REACH who="0" step="1"/><D11/><REACH who="0" step="2"/><U5/><E5/><V19/><F7/><W112/><G112/><T99/><D99/><U88/><AGARI ba="0,1" hai="50,53,59,64,67,81,84,88" m="17511,55423" machi="88" ten="30,3000,0" yaku="8,1,54,1" doraHai="65" who="1" fromWho="1" sc="240,-10,173,40,250,-10,327,-10" /><INIT seed="1,1,0,0,2,94" ten="230,213,240,317" oya="1" hai0="69,45,76,102,130,40,61,128,126,5,66,129,113" hai1="52,36,135,1,119,133,134,42,118,48,62,33,57" hai2="101,131,93,70,115,109,108,30,84,90,78,25,37" hai3="95,86,91,100,110,46,92,3,116,19,117,121,87" shuffle="mt19937ar,E8DF704E,1E9B7F23,F51E028D,DECC2070,51497F6C,BF42BEBB,1B7AF8D3,053A5AF7"/><U122/><E33/><V32/><F37/><W28/><G121/><T132/><D76/><U107/><E107/><V20/><F70/><W21/><G3/><T17/><D113/><U68/><E1/><V88/><F115/><W114/><G114/><T65/><D65/><N who="1" m="41015" /><E122/><V4/><F4/><W75/><G75/><T38/><D5/><U11/><E11/><V82/><F131/><W112/><G112/><T63/><D17/><U125/><E125/><V96/><F90/><W53/><G110/><N who="2" m="42601" /><F78/><W6/><G6/><T9/><D9/><U89/><E89/><V26/><F26/><W35/><G35/><AGARI ba="1,0" hai="20,25,30,32,35,82,84,88,93,96,101" m="42601" machi="35" ten="30,3900,0" yaku="14,1,52,1,54,1" doraHai="94" who="2" fromWho="3" sc="230,0,213,0,240,42,317,-42" /><INIT seed="2,0,0,0,0,112" ten="230,213,282,275" oya="2" hai0="73,13,33,57,109,21,116,24,93,97,79,117,19" hai1="55,101,14,84,106,38,59,40,118,87,98,121,52" hai2="2,54,72,75,114,131,39,80,44,124,127,9,64" hai3="125,35,110,7,99,115,69,103,23,107,15,102,53" shuffle="mt19937ar,32935C9A,2EFC4B89,5B233FF2,A4455F73,75F9851A,DCBCA97B,9E8635CB,6D68F4CB"/><V18/><F114/><W37/><G115/><T32/><D109/><U62/><E121/><V3/><F64/><W8/><G35/><T91/><D79/><U30/><E118/><N who="0" m="45673" /><D73/><U26/><E40/><N who="2" m="22559" /><F131/><W71/><G37/><T78/><D78/><U50/><E14/><V6/><F3/><W105/><G110/><T92/><D57/><U100/><E100/><V48/><F18/><W41/><G41/><T65/><D65/><U29/><E29/><V85/><F85/><W49/><G125/><N who="2" m="48201" /><F80/><W42/><G7/><T104/><D104/><U56/><REACH who="1" step="1"/><E38/><REACH who="1" step="2"/><V36/><F36/><W90/><G103/><N who="0" m="60839" /><D13/><U94/><E94/><V1/><F2/><W96/><G15/><T34/><D34/><AGARI ba="0,1" hai="26,30,34,50,52,55,56,59,62,84,87,98,101,106" machi="34" ten="30,3900,0" yaku="1,1,7,1,54,1,53,0" doraHai="112" doraHaiUra="129" who="1" fromWho="0" sc="230,-39,203,49,282,0,275,0" /><INIT seed="3,0,0,2,4,76" ten="191,252,282,275" oya="3" hai0="98,112,52,32,41,115,23,5,109,22,36,77,35" hai1="70,121,133,78,51,75,65,9,1,118,40,132,107" hai2="96,71,39,101,64,68,67,56,47,29,104,110,66" hai3="17,124,18,129,6,45,128,134,34,49,0,120,122" shuffle="mt19937ar,920A8DB9,450EA1F0,D530C8CD,C1ACB22F,B418F152,333E8AF9,7AEBE66D,62137885"/><W4/><G34/><T127/><D98/><U93/><E121/><N who="3" m="46698" /><G124/><T21/><D5/><N who="3" m="2153" /><G0/><T94/><D94/><U53/><E9/><V8/><F8/><W95/><G95/><T42/><D127/><U26/><E1/><V126/><F126/><W54/><G134/><T125/><D125/><U106/><E40/><N who="0" m="15465" /><D109/><U50/><E26/><V99/><F110/><W92/><G92/><T15/><D15/><U82/><E93/><V11/><F11/><W46/><G46/><T63/><D36/><U37/><E37/><V85/><F39/><W24/><G24/><T33/><D77/><U117/><E65/><V2/><F2/><W73/><G73/><T14/><D14/><U90/><E90/><V13/><F13/><W3/><G3/><T113/><D63/><U102/><E102/><V111/><F111/><W131/><AGARI ba="0,0" hai="17,18,45,49,54,128,129,131" m="2153,46698" machi="131" ten="40,2100,0" yaku="19,1" doraHai="76" who="3" fromWho="3" sc="191,-7,252,-7,282,-7,275,21" /><INIT seed="3,1,0,0,1,50" ten="184,245,275,296" oya="3" hai0="108,22,20,97,81,130,35,96,105,88,100,79,46" hai1="95,89,14,123,42,53,70,83,86,58,128,91,121" hai2="122,16,92,102,109,111,94,7,116,11,45,56,77" hai3="73,27,10,125,112,13,132,93,47,66,90,52,34" shuffle="mt19937ar,63BB2C3C,F80803F5,05432338,E7BBF5D7,1D157DFC,C026CCD1,3309FF6A,0AA1407A"/><W1/><G112/><T6/><D35/><U75/><E70/><V43/><F116/><W84/><G1/><T76/><D130/><U82/><E128/><V24/><F122/><W62/><G73/><T12/><D108/><N who="2" m="41546" /><F77/><W119/><G119/><T118/><D118/><U23/><E42/><V40/><F56/><N who="3" m="37191" /><G34/><T3/><D79/><U117/><E117/><V65/><F65/><W39/><G39/><T44/><D3/><U0/><E0/><N who="2" m="487" /><F102/><W30/><G125/><T55/><D44/><U26/><E75/><V28/><F40/><W31/><G27/><T21/><D6/><U80/><E14/><V33/><F16/><N who="3" m="8247" /><G132/><T32/><D32/><U129/><E129/><V19/><F19/><W17/><G17/><T107/><D12/><U98/><E123/><V110/><N who="2" m="41554" /><V57/><DORA hai="127" /><F57/><W48/><AGARI ba="1,0" hai="30,31,47,48,52,84,90,93" m="8247,37191" machi="48" ten="30,11700,0" yaku="8,1,52,1,54,2" doraHai="50,127" who="3" fromWho="3" sc="184,-40,245,-40,275,-40,296,120" owari="144,-26,205,-14,235,-1,416,41" /></mjloggm>