<mjloggm ver="2.3"><GO type="185"/><UN n0="%72%75%69%63%65" n1="%E5%83%95%E3%80%81%E3%81%8A%E3%81%8A%E3%81%8F%E3%81%BD%E3%82%93" n2="%E4%B8%89%E7%94%B0%E6%9D%91%E8%8C%9C" n3="" dan="16,17,17,0" rate="2070,2129,2215,1500" sx="M,F,F,C"/><TAIKYOKU oya="0"/><INIT seed="0,0,0,4,0,33" ten="350,350,350,0" oya="0" hai0="124,101,103,122,55,107,129,113,38,83,46,0,121" hai1="96,35,128,123,2,120,76,65,57,3,1,90,47" hai2="114,106,130,45,93,100,42,98,97,43,80,92,81" hai3="" shuffle="mt19937ar,027E4385,B391F5B7,4C4060C6,EAEE1A67,DACF3855,3F2DEAA9,934605BC,034435D0"/><T56/><N who="0" m="31008" /><T64/><N who="0" m="31264" /><T79/><D0/><U44/><N who="1" m="30752" /><U71/><N who="1" m="31520" /><U36/><E35/><V82/><F114/><T60/><D113/><U63/><E128/><V66/><F130/><T67/><D129/><U94/><E76/><V37/><F106/><T50/><D124/><U52/><REACH who="1" step="1"/><E36/><REACH who="1" step="2"/><V110/><F37/><T74/><D38/><U34/><E34/><V48/><F110/><T88/><D107/><U51/><AGARI ba="0,1" hai="1,2,3,44,47,51,52,57,63,65,71,90,94,96" m="31520,30752" machi="51" ten="30,12000,3" yaku="1,1,0,1,52,5,54,1,53,1" doraHai="33" doraHaiUra="49" who="1" fromWho="1" sc="350,-80,340,130,350,-40,0,0" /><INIT seed="1,0,0,1,4,3" ten="270,470,310,0" oya="1" hai0="83,86,89,56,109,35,42,73,91,76,79,88,113" hai1="98,44,65,129,105,46,132,55,110,94,96,33,72" hai2="43,52,103,48,61,118,82,71,90,92,59,69,99" hai3="" shuffle="mt19937ar,176C9650,F16C4978,2422F2F5,4E166D12,C581ED86,D576E37B,476831D0,0A677FCD"/><U93/><E33/><V40/><F118/><T60/><D113/><U127/><E72/><V131/><F131/><T87/><D42/><U135/><E129/><V119/><F119/><T64/><D109/><U2/><E110/><V115/><F115/><T123/><N who="0" m="31520" /><T45/><D35/><U37/><E2/><V47/><F40/><T106/><D106/><U80/><E65/><V111/><F111/><T116/><D116/><U133/><E105/><V75/><REACH who="2" step="1"/><F90/><REACH who="2" step="2"/><T122/><N who="0" m="31264" /><T100/><D89/><U102/><E127/><V97/><F97/><T41/><D91/><U78/><E37/><V66/><F66/><T36/><D64/><U39/><E55/><V95/><F95/><N who="1" m="36361" /><E39/><V120/><N who="2" m="30752" /><V81/><F81/><T1/><D36/><U57/><E102/><V125/><F125/><T58/><D100/><U38/><E38/><V62/><F62/><T70/><D1/><U54/><E98/><V114/><F114/><T50/><D41/><U117/><E96/><V63/><F63/><T128/><D60/><U134/><E134/><V49/><F49/><T34/><D50/><U108/><E117/><V85/><F85/><T107/><D86/><U51/><E108/><V67/><F67/><T101/><D128/><RYUUKYOKU ba="0,1" sc="270,-20,470,10,300,10,0,0" hai1="44,46,51,54,57,78,80,132,133,135" hai2="43,47,48,52,59,61,69,71,75,82,92,99,103" /><INIT seed="1,1,1,1,3,57" ten="250,480,310,0" oya="1" hai0="63,109,2,127,84,117,61,126,104,46,129,107,100" hai1="70,110,98,74,64,133,121,54,67,53,42,50,97" hai2="93,112,113,101,0,75,90,58,85,118,78,40,38" hai3="" shuffle="mt19937ar,91B86934,F26F9BEE,33B22BA4,C1B38ADF,87DFDC38,63557C8B,28EFFE99,10609375"/><U69/><N who="1" m="31008" /><U96/><E74/><V125/><F0/><T95/><D2/><U106/><E106/><V47/><F118/><T83/><D117/><U87/><E133/><V82/><F125/><N who="0" m="47626" /><D129/><U115/><E115/><V108/><F108/><T49/><D109/><U65/><E110/><V56/><F101/><T59/><D59/><U60/><E42/><V111/><F111/><T51/><D95/><U124/><E124/><V116/><F116/><T33/><D33/><U62/><E87/><V41/><F41/><T34/><D34/><U132/><E132/><V80/><F80/><T36/><D36/><U3/><E3/><V119/><F119/><T68/><D68/><N who="1" m="26219" /><E50/><N who="0" m="18953" /><D46/><U89/><E89/><V66/><F113/><T114/><D114/><U99/><N who="1" m="25088" /><DORA hai="35" /><U52/><AGARI ba="1,1" hai="52,53,54,60,62,64,65,67" m="25088,26219,31008" machi="52" ten="50,16000,3" yaku="4,1,29,2,28,2,52,3,54,1" doraHai="57,35" who="1" fromWho="1" sc="250,-81,480,172,310,-81,0,0" /><INIT seed="1,2,0,1,5,66" ten="169,652,229,0" oya="1" hai0="48,112,81,123,98,64,111,122,135,53,83,63,90" hai1="100,95,86,108,61,39,70,93,130,3,101,99,41" hai2="92,2,109,107,120,85,125,76,69,51,77,121,43" hai3="" shuffle="mt19937ar,3EFE4A02,61535A77,F108F6A2,43654E32,F860A407,B708B45E,022236EA,D7320888"/><U65/><E3/><V74/><N who="2" m="30752" /><V78/><N who="2" m="31008" /><V113/><F2/><T133/><N who="0" m="31264" /><T126/><N who="0" m="31520" /><T73/><D112/><U33/><E33/><V45/><F113/><T0/><D0/><U87/><E108/><V104/><F109/><T47/><D111/><U42/><E130/><V34/><F34/><T46/><D126/><U71/><E71/><V82/><F125/><T54/><D73/><U40/><E39/><V134/><F134/><N who="0" m="51210" /><D54/><U97/><AGARI ba="2,0" hai="40,41,42,61,65,70,86,87,93,95,97,99,100,101" machi="97" ten="30,4000,0" yaku="0,1,9,1,52,1" doraHai="66" who="1" fromWho="1" sc="169,-22,652,44,229,-22,0,0" /><INIT seed="1,3,0,4,1,132" ten="147,696,207,0" oya="1" hai0="84,96,85,82,34,1,88,52,92,131,129,53,33" hai1="101,56,0,110,62,87,102,124,99,64,112,120,40" hai2="75,118,113,68,43,58,107,59,104,3,55,97,103" hai3="" shuffle="mt19937ar,15981473,A28317BB,85040FF3,C660F34F,2882379C,45659FAC,0B082D5D,627FFFDF"/><U83/><N who="1" m="30752" /><U126/><E0/><V128/><F118/><T42/><D1/><U86/><E112/><V71/><F3/><T70/><D70/><U79/><E110/><V47/><F75/><T94/><D42/><U122/><N who="1" m="31264" /><U78/><E40/><V93/><F128/><N who="0" m="49226" /><D84/><U2/><E2/><V81/><F113/><T134/><D94/><U125/><E99/><V105/><F81/><AGARI ba="3,0" hai="56,62,64,78,79,81,83,86,87,101,102,124,125,126" m="31264,30752" machi="81" ten="40,18000,2" yaku="9,1,18,1,52,5" doraHai="132" who="1" fromWho="2" sc="147,0,696,186,207,-186,0,0" /><INIT seed="1,4,0,1,1,42" ten="147,882,21,0" oya="1" hai0="92,95,73,105,63,103,87,37,52,40,2,45,76" hai1="79,72,3,64,112,41,98,34,89,33,109,123,53" hai2="57,94,49,96,82,43,55,134,74,67,106,111,120" hai3="" shuffle="mt19937ar,1D01DCE0,3A98C698,6EA016AB,8A3B2720,8233C992,1A4357AA,DE471FC0,482E6ED8"/><U59/><N who="1" m="31520" /><U0/><E112/><V77/><N who="2" m="30752" /><V129/><F129/><T115/><D2/><U56/><E41/><V70/><F111/><T48/><D115/><U122/><N who="1" m="31264" /><U35/><E109/><V61/><F134/><T117/><D73/><U101/><E89/><V124/><F106/><T133/><D63/><U47/><E47/><V116/><F43/><T84/><D117/><U86/><E72/><V126/><REACH who="2" step="1"/><F116/><REACH who="2" step="2"/><T68/><D133/><U130/><E0/><V90/><AGARI ba="4,1" hai="49,55,57,61,67,70,74,77,82,90,94,96,124,126" m="30752" machi="90" ten="30,5900,0" yaku="1,1,2,1,0,1,52,1,53,0" doraHai="42" doraHaiUra="69" who="2" fromWho="2" sc="147,-24,882,-43,11,77,0,0" /><INIT seed="2,0,0,0,5,115" ten="123,839,88,0" oya="2" hai0="101,128,96,81,77,83,97,58,32,41,93,63,103" hai1="55,120,130,119,36,50,129,123,49,89,56,107,51" hai2="121,76,114,87,42,57,100,40,64,2,71,118,108" hai3="" shuffle="mt19937ar,9A087CC6,3C162A9E,630DC870,78D0FB57,AC07F1D3,D4E0B172,F7FD33F7,D34D3BC4"/><V47/><N who="2" m="31008" /><V3/><F114/><T70/><D32/><U68/><E107/><V122/><N who="2" m="31264" /><V72/><F108/><T39/><D70/><U106/><E106/><V95/><F71/><T84/><D128/><N who="1" m="49259" /><E68/><V110/><F118/><T75/><D41/><U133/><E36/><V109/><F72/><T62/><D39/><U78/><E78/><V80/><F100/><T38/><D38/><U134/><E89/><V66/><F95/><T92/><REACH who="0" step="1"/><D58/><REACH who="0" step="2"/><U132/><E119/><V91/><F57/><T105/><D105/><U116/><E116/><V37/><F110/><T131/><D131/><U43/><E43/><V61/><F109/><T99/><D99/><U127/><E127/><V104/><F42/><T135/><D135/><U0/><E0/><V74/><F104/><T88/><AGARI ba="0,1" hai="62,63,75,77,81,83,84,88,92,93,96,97,101,103" machi="88" ten="20,6000,1" yaku="1,1,0,1,7,1,9,1,54,1,53,0" doraHai="115" doraHaiUra="33" who="0" fromWho="0" sc="113,70,839,-20,88,-40,0,0" /><INIT seed="4,0,0,0,1,80" ten="183,819,48,0" oya="0" hai0="98,77,45,59,71,97,127,114,72,126,38,121,47" hai1="96,103,119,115,110,57,74,34,84,105,93,44,91" hai2="122,129,42,0,48,113,41,2,124,54,52,67,101" hai3="" shuffle="mt19937ar,4419166B,FC16971C,B5A923D8,736BFA0E,CDA75BCD,8FFF35A7,9341932A,BA0D9A00"/><T1/><N who="0" m="31008" /><T40/><D1/><U125/><E34/><V58/><N who="2" m="31264" /><V133/><F113/><T75/><D114/><U109/><E115/><V132/><F129/><T100/><D71/><U39/><E119/><V83/><F124/><N who="0" m="47658" /><D97/><U78/><E125/><V108/><F108/><T49/><D59/><U104/><E109/><V81/><F101/><T87/><D49/><U32/><E96/><V82/><F67/><T118/><D118/><U117/><E57/><V55/><F58/><T73/><D47/><U61/><E44/><V63/><F63/><T56/><D56/><U89/><E61/><V86/><F86/><T128/><D128/><U112/><E84/><V65/><F65/><T120/><N who="0" m="30752" /><T90/><D77/><U46/><E78/><V88/><F88/><T60/><D60/><U99/><E46/><V66/><F66/><T94/><D75/><U68/><E74/><V33/><F48/><T3/><D3/><N who="2" m="1066" /><F33/><T135/><D135/><AGARI ba="0,0" hai="41,42,52,54,55,81,82,83,132,133,135" m="1066,31264" machi="135" ten="40,8000,1" yaku="28,2,20,1,52,1,54,1" doraHai="80" who="2" fromWho="0" sc="183,-80,819,0,48,80,0,0" /><INIT seed="5,0,0,2,5,103" ten="103,819,128,0" oya="1" hai0="128,76,106,135,82,102,127,89,57,36,54,0,48" hai1="69,74,119,33,114,98,80,124,81,49,43,99,115" hai2="59,105,90,38,56,95,92,79,53,75,86,44,109" hai3="" shuffle="mt19937ar,C75A16CC,D9957BEB,2F2526BB,9FF03FD0,14B4566B,BA839534,71A3E71E,1AE83934"/><U46/><E33/><V1/><F1/><T96/><D0/><U67/><E119/><V129/><F129/><T126/><D128/><U111/><E111/><V72/><F109/><T87/><D135/><U118/><E118/><V65/><F105/><T66/><D36/><U132/><E132/><V100/><F79/><T84/><REACH who="0" step="1"/><D66/><REACH who="0" step="2"/><U133/><E133/><V104/><F65/><T2/><D2/><U35/><E35/><V116/><F38/><T94/><AGARI ba="0,1" hai="48,54,57,76,82,84,87,89,94,96,102,106,126,127" machi="94" ten="30,3000,0" yaku="1,1,0,1,52,1,53,0" doraHai="103" doraHaiUra="40" who="0" fromWho="0" sc="93,40,819,-20,128,-10,0,0" /><INIT seed="6,0,0,1,5,43" ten="133,799,118,0" oya="2" hai0="88,34,78,122,125,126,38,36,41,123,119,96,1" hai1="90,109,128,50,83,71,54,114,69,100,66,108,39" hai2="33,58,32,61,49,103,127,53,101,93,85,116,44" hai3="" shuffle="mt19937ar,FFA34D62,6DDBAC07,714105A3,87608519,B35192C4,34A7637A,B9C99E18,0230A9C3"/><V70/><F116/><T55/><N who="0" m="31264" /><T63/><N who="0" m="31520" /><T112/><D34/><U62/><E90/><V0/><F0/><T59/><D1/><U98/><E83/><V35/><F127/><N who="0" m="48650" /><D119/><U134/><E98/><V124/><F124/><T47/><D112/><U121/><N who="1" m="31008" /><U80/><E100/><V97/><F70/><T95/><D78/><U99/><E80/><V113/><F113/><T86/><D86/><U117/><E99/><V89/><REACH who="2" step="1"/><F85/><REACH who="2" step="2"/><T48/><AGARI ba="0,1" hai="36,38,41,47,48,55,59,63,88,95,96" m="48650,31520,31264" machi="48" ten="30,6000,1" yaku="18,1,52,3,54,1" doraHai="43" who="0" fromWho="0" sc="133,70,799,-20,108,-40,0,0" owari="203,-20,779,73,68,-53,0,0" /></mjloggm>