<mjloggm ver="2.3"><GO type="225"/><UN n0="%E8%B6%85%E3%83%92%E3%83%A2%E3%83%AA%E3%83%AD" n1="%E3%81%93%E3%82%93%E3%81%AB%E3%81%A1%E3%81%AF%E6%97%A5%E6%9B%9C%E6%97%A5" n2="%73%69%64%65" n3="%23%37%34%E5%A4%A7%E6%B2%BB%E9%83%8E" dan="17,16,17,16" rate="2091,2003,2100,2065" sx="F,M,M,M"/><TAIKYOKU oya="0"/><INIT seed="0,0,0,0,0,108" ten="250,250,250,250" oya="0" hai0="41,59,44,135,87,53,63,24,132,37,119,0,71" hai1="72,51,101,110,25,5,105,83,17,22,81,34,95" hai2="80,131,2,77,127,118,48,103,46,15,92,100,19" hai3="117,30,79,88,18,3,1,61,57,12,60,16,84" shuffle="mt19937ar,B3207D25,E49B90CA,C9B2C8F7,89274858,A76FB2EB,4814869D,2762C1C3,34D89BE0"/><T67/><D0/><U133/><E105/><V78/><F2/><W32/><G117/><T126/><D119/><U28/><E110/><V7/><F118/><W11/><G79/><N who="2" m="30217" /><F131/><W93/><G60/><T123/><D87/><U47/><E72/><V97/><F127/><W9/><G30/><T114/><D24/><U62/><E5/><V43/><F80/><W82/><G32/><T89/><D89/><U8/><E62/><V111/><F111/><W49/><G49/><N who="0" m="31151" /><D123/><U45/><E45/><V20/><F7/><W38/><G38/><T91/><D91/><AGARI ba="0,0" hai="15,19,20,43,46,48,91,92,97,100,103" m="30217" machi="91" ten="30,1000,0" yaku="8,1" doraHai="108" who="2" fromWho="0" sc="250,-10,250,0,250,10,250,0" /><INIT seed="1,0,0,4,2,51" ten="240,250,260,250" oya="1" hai0="134,13,129,30,86,84,44,66,23,133,17,25,83" hai1="46,76,48,110,108,14,11,22,12,75,69,120,53" hai2="135,103,5,47,95,109,7,122,71,124,41,125,74" hai3="42,90,34,15,65,85,4,105,9,39,37,27,18" shuffle="mt19937ar,F8890BAB,BBFBC9C8,52E45654,0726E1C6,80BDA9D5,0A2005F1,5865F66E,1B67A4EB"/><U88/><E69/><V97/><F122/><W28/><G105/><T96/><D129/><U52/><E120/><V2/><F71/><W68/><G42/><T93/><D66/><U55/><E22/><V100/><F74/><W113/><G113/><T3/><D3/><U60/><E60/><V36/><F109/><N who="1" m="42089" /><E88/><V114/><F114/><W91/><G91/><T56/><D44/><U79/><E14/><V32/><F2/><W21/><G65/><T118/><D118/><U130/><E130/><V29/><F47/><W24/><REACH who="3" step="1"/><G68/><REACH who="3" step="2"/><T78/><D133/><U57/><E57/><V20/><F135/><W0/><G0/><T1/><D1/><U127/><E127/><V87/><F125/><W59/><G59/><T101/><D134/><U19/><E75/><V40/><F124/><W6/><G6/><T63/><D56/><U38/><E38/><V98/><F5/><W82/><AGARI ba="0,1" hai="4,9,15,18,21,24,27,28,34,37,39,82,85,90" machi="82" ten="20,2700,0" yaku="1,1,0,1,7,1,53,0" doraHai="51" doraHaiUra="35" who="3" fromWho="3" sc="240,-7,250,-13,260,-7,240,37" /><INIT seed="2,0,0,3,3,15" ten="233,237,253,277" oya="2" hai0="16,40,86,7,74,90,58,5,42,62,30,21,79" hai1="83,107,11,68,82,61,129,70,125,123,53,112,118" hai2="67,119,95,20,135,34,124,100,73,45,105,6,57" hai3="52,116,2,23,66,8,109,114,28,60,96,80,44" shuffle="mt19937ar,2FE687B8,C3FE0B8E,89667189,21AC1528,30A6A682,2DF650A5,94CB79DB,2E4AB13C"/><V102/><F34/><W72/><G116/><T65/><D74/><U59/><E107/><V113/><F105/><W98/><G114/><T22/><D79/><U101/><E118/><V24/><F73/><W49/><G109/><T13/><D30/><U93/><E112/><V76/><F76/><W85/><G72/><T26/><D22/><U9/><E123/><V3/><F3/><W121/><G121/><T91/><D91/><U128/><E70/><V75/><F75/><W25/><G2/><T56/><D56/><U37/><E37/><V99/><F6/><N who="0" m="2058" /><D26/><U111/><E68/><V104/><F119/><W38/><G8/><N who="1" m="3146" /><E111/><V43/><F113/><W19/><G38/><T32/><D32/><U51/><E61/><V35/><F35/><W50/><G50/><T17/><D17/><U108/><E108/><V89/><F104/><W69/><REACH who="3" step="1"/><G28/><REACH who="3" step="2"/><T54/><D65/><U132/><E51/><V64/><F67/><W127/><G127/><T12/><D12/><U115/><E125/><V134/><F124/><W55/><G55/><T87/><D87/><U120/><E53/><V126/><F126/><W27/><G27/><T14/><D14/><U88/><E115/><V47/><F64/><W84/><G84/><T48/><D48/><U130/><E120/><V103/><F24/><W4/><G4/><T110/><D110/><U78/><E130/><V31/><F31/><W117/><G117/><T97/><D86/><U81/><E129/><V36/><F36/><W41/><G41/><T63/><D63/><U33/><E128/><V106/><F43/><W10/><G10/><RYUUKYOKU ba="0,1" sc="233,15,237,-15,253,-15,267,15" hai0="13,16,21,40,42,54,58,62,90,97" hai3="19,23,25,44,49,52,60,66,69,80,85,96,98" /><INIT seed="3,1,1,4,3,80" ten="248,222,238,282" oya="3" hai0="17,41,47,26,81,33,69,97,18,16,55,85,88" hai1="36,91,104,129,53,120,25,28,77,112,78,1,68" hai2="38,84,3,79,2,12,94,61,105,133,124,115,103" hai3="95,87,128,31,76,113,102,46,22,98,134,71,100" shuffle="mt19937ar,C540F58B,88C1A645,6A09389D,13C2CC30,8FDE65EE,7F826AC5,468A3197,F2553DD6"/><W9/><G71/><T19/><D69/><U35/><E120/><V96/><F115/><W34/><G34/><T75/><D75/><U49/><E112/><V121/><F38/><W5/><G113/><T82/><D55/><U20/><E36/><V110/><F121/><W37/><G134/><T29/><D97/><U14/><E104/><V109/><F133/><W114/><G114/><T127/><D127/><U89/><E68/><V73/><F124/><W4/><G128/><T126/><D126/><U54/><E1/><V59/><F12/><W64/><G64/><T10/><D81/><U50/><E129/><V11/><F73/><W56/><G56/><T122/><D122/><U51/><E35/><V0/><F11/><W123/><G123/><T74/><D74/><U58/><E14/><V23/><F23/><W86/><G76/><N who="1" m="29290" /><E51/><V44/><F44/><AGARI ba="1,1" hai="20,25,28,44,49,50,53,54,58,89,91" m="29290" machi="44" ten="30,1000,0" yaku="8,1" doraHai="80" who="1" fromWho="2" sc="248,0,222,23,238,-13,282,0" /><INIT seed="4,0,0,3,1,109" ten="248,245,225,282" oya="0" hai0="21,105,120,8,93,77,97,73,6,60,32,12,17" hai1="72,38,53,22,117,76,69,100,24,134,19,33,1" hai2="11,29,78,79,80,84,96,124,61,112,43,89,108" hai3="123,30,58,99,65,81,107,5,129,28,130,18,122" shuffle="mt19937ar,1E82BF5B,45390C3E,45A1E2E5,AA13D573,E7A7C4FE,47831681,3BC171F4,6015114B"/><T64/><D120/><N who="3" m="46121" /><G5/><T114/><D105/><U0/><E69/><V118/><F108/><W104/><G81/><T51/><D32/><U20/><E38/><V87/><F124/><W40/><G40/><T115/><D51/><U55/><E117/><V10/><F118/><W46/><G46/><T70/><D77/><N who="2" m="29194" /><F112/><N who="0" m="43050" /><D73/><U16/><E33/><V25/><F43/><W116/><G116/><T110/><D110/><U42/><E42/><V48/><F48/><W102/><G104/><T75/><D75/><U82/><E100/><V4/><F4/><W83/><G83/><T103/><D6/><U39/><E39/><V94/><F61/><N who="3" m="38071" /><G18/><T126/><D126/><U67/><E19/><V47/><F47/><W34/><G34/><T119/><D119/><U37/><E37/><V36/><F36/><W127/><G127/><T62/><D62/><U101/><E72/><V63/><F63/><W14/><G14/><T133/><D133/><U15/><E134/><V121/><F121/><W49/><G49/><T35/><D35/><U9/><E1/><V85/><F80/><W41/><G41/><T54/><D54/><U7/><E55/><V111/><F111/><W13/><G13/><T26/><D26/><U2/><E53/><V59/><F59/><W98/><G98/><T45/><D45/><U92/><E2/><V23/><AGARI ba="0,0" hai="10,11,23,25,29,84,85,87,89,94,96" m="29194" machi="23" ten="30,1100,0" yaku="8,1" doraHai="109" who="2" fromWho="2" sc="248,-5,245,-3,225,11,282,-3" /><INIT seed="5,0,0,5,2,85" ten="243,242,236,279" oya="1" hai0="55,83,51,134,41,126,124,19,110,1,67,23,13" hai1="130,74,114,27,91,82,11,10,5,105,34,92,66" hai2="25,80,0,43,101,30,21,39,26,9,135,70,132" hai3="48,14,60,95,65,133,104,42,79,54,69,84,38" shuffle="mt19937ar,2A67D504,F7A05CC1,77F579FE,FBC3CE91,03875AE3,0789F69A,C9E2C3C2,588EFA30"/><U59/><E105/><V49/><F39/><W128/><G104/><T61/><D1/><U50/><E114/><V121/><F70/><W75/><G133/><N who="2" m="51273" /><F121/><W116/><G116/><T131/><D110/><U112/><E112/><V87/><F101/><W100/><G128/><T64/><D131/><U15/><E130/><V20/><F0/><W35/><G35/><T81/><D41/><U103/><E34/><V40/><F9/><W18/><G75/><T28/><D28/><U63/><E27/><V125/><F49/><W94/><G100/><T57/><D67/><U3/><E50/><V117/><F117/><W115/><G115/><T107/><D107/><U31/><E31/><N who="2" m="17831" /><F125/><N who="0" m="48234" /><D134/><U76/><E103/><V113/><F113/><W89/><G79/><AGARI ba="0,0" hai="21,26,30,40,43,79,80,87" m="17831,51273" machi="79" ten="30,1000,0" yaku="20,1" doraHai="85" who="2" fromWho="3" sc="243,0,242,0,236,10,279,-10" /><INIT seed="6,0,0,4,3,18" ten="243,242,246,269" oya="2" hai0="62,106,59,120,135,93,79,82,118,22,87,81,99" hai1="127,76,89,96,113,45,2,48,105,98,33,125,65" hai2="43,130,74,53,114,95,100,128,26,51,58,7,36" hai3="57,64,83,126,5,85,68,24,97,0,39,46,19" shuffle="mt19937ar,401D9FAA,69B01C1F,428A9E3C,ED9A43E1,6CED0657,4102AC19,7BB69D81,ABCD7822"/><V91/><F74/><W13/><G68/><T101/><D120/><U115/><E2/><V86/><F114/><N who="1" m="43529" /><E33/><V60/><F36/><W16/><G126/><N who="1" m="48138" /><E65/><V77/><F77/><W29/><G0/><T63/><D118/><U109/><E109/><V17/><F7/><W31/><G97/><T52/><D135/><U56/><E56/><V50/><F100/><W67/><G39/><T54/><D106/><U14/><E76/><V71/><F43/><W12/><G46/><T107/><D107/><U75/><E75/><V25/><F25/><W47/><G47/><T129/><D129/><N who="2" m="49770" /><F71/><W78/><G5/><T70/><D70/><U108/><E108/><V37/><F37/><W27/><G57/><T88/><D54/><N who="1" m="29967" /><E105/><V9/><F9/><N who="3" m="6159" /><G64/><T34/><D34/><U4/><E89/><V40/><F40/><W42/><G42/><T15/><D63/><U3/><E3/><V133/><F133/><W23/><G67/><T90/><D90/><U73/><E73/><V84/><F84/><W32/><G32/><T10/><D79/><U122/><E122/><V30/><F30/><AGARI ba="0,0" hai="13,19,23,24,27,29,30,31,78,83,85" m="6159" machi="30" ten="30,3900,0" yaku="8,1,52,1,54,1" doraHai="18" who="3" fromWho="2" sc="243,0,242,0,246,-39,269,39" owari="243,-1,242,-11,207,-19,308,31" /></mjloggm>