<mjloggm ver="2.3"><GO type="225"/><UN n0="%E8%80%81%E9%A6%AC" n1="%E3%81%BF%E3%81%A3%E3%81%A4%E3%81%83%EF%BD%9E" n2="%E7%AE%A1%E5%AF%9D" n3="%E6%A1%9C%E8%8A%B1%E9%96%83%E3%80%85" dan="16,17,16,16" rate="2023,2183,2044,2055" sx="M,F,M,M"/><TAIKYOKU oya="0"/><INIT seed="0,0,0,5,4,56" ten="250,250,250,250" oya="0" hai0="84,10,36,129,23,72,55,44,119,4,99,3,31" hai1="108,11,57,49,35,106,22,30,32,123,86,20,74" hai2="59,117,109,133,128,5,33,91,61,16,90,96,115" hai3="13,125,21,66,122,60,26,97,118,73,98,110,104" shuffle="mt19937ar,C8005894,A212B645,1B3C1292,D2054158,D681A1CB,9BFAB3B5,55330A7C,8F3F1877"/><T40/><D119/><U68/><E74/><V85/><F115/><W112/><G118/><T113/><D113/><U120/><E106/><V8/><F117/><W92/><G112/><T103/><D72/><U101/><E68/><V127/><F33/><W15/><G73/><T51/><D129/><U38/><E38/><V34/><F34/><W48/><G110/><T63/><D84/><U71/><E71/><V41/><F109/><W81/><G125/><T64/><D31/><U52/><E101/><V58/><F41/><W134/><G134/><T87/><D87/><U114/><E108/><V43/><F43/><W116/><G116/><T82/><D82/><U126/><E126/><V95/><F127/><W45/><G104/><T102/><D23/><U77/><E114/><V37/><F37/><W54/><G81/><T100/><D99/><U53/><E11/><V18/><F133/><W83/><G83/><T6/><D6/><U17/><E86/><V111/><F58/><N who="3" m="37143" /><G122/><T94/><D94/><U42/><E77/><V105/><F128/><W62/><G62/><T19/><D19/><U27/><E35/><V78/><F78/><W25/><G98/><T121/><D121/><U28/><E32/><V65/><F111/><W132/><G132/><T2/><D2/><U89/><E123/><V135/><F135/><W39/><G39/><T50/><REACH who="0" step="1"/><D55/><REACH who="0" step="2"/><U24/><E53/><V80/><F105/><W93/><G93/><T47/><D47/><N who="1" m="25847" /><E120/><V88/><F90/><N who="3" m="55447" /><G21/><T7/><D7/><U29/><E89/><V131/><F131/><W130/><G130/><T12/><D12/><AGARI ba="0,1" hai="5,8,12,16,18,59,61,65,80,85,88,91,95,96" machi="12" ten="30,12000,2" yaku="6,1,7,1,8,1,52,1,54,2" doraHai="56" who="2" fromWho="0" sc="240,-120,250,0,250,130,250,0" /><AGARI ba="0,0" hai="12,13,15,25,26,45,48,54" m="55447,37143" machi="12" ten="30,3900,0" yaku="6,1,8,1,52,1" doraHai="56" who="3" fromWho="0" sc="120,-39,250,0,380,0,250,39" /><INIT seed="1,0,0,1,1,90" ten="81,250,380,289" oya="1" hai0="50,128,1,100,121,33,98,37,45,112,17,92,40" hai1="25,126,97,28,67,4,43,15,78,47,13,104,63" hai2="61,41,79,108,49,135,103,127,52,11,56,24,73" hai3="9,94,44,83,89,120,54,48,22,68,8,23,38" shuffle="mt19937ar,03CDD8DF,0D331175,FA64A683,FACDF888,3B6814E7,DE21B776,5A269AE0,7F917BBB"/><U30/><E78/><V19/><F108/><W122/><G68/><T116/><D112/><U123/><E123/><V27/><F135/><W55/><G38/><T16/><D116/><U86/><E28/><V6/><F127/><W88/><G83/><T0/><D121/><U64/><E86/><V10/><F103/><W46/><G48/><T5/><D128/><U131/><E67/><V95/><F19/><W65/><G65/><T70/><D70/><N who="1" m="42271" /><E4/><V59/><F10/><W53/><G53/><T124/><D124/><U51/><E126/><V62/><F62/><W106/><REACH who="3" step="1"/><G94/><REACH who="3" step="2"/><T2/><D33/><N who="1" m="20687" /><E131/><V66/><F95/><W7/><G7/><T113/><D113/><U18/><E18/><V114/><F114/><W84/><G84/><T39/><REACH who="0" step="1"/><D5/><REACH who="0" step="2"/><U110/><E110/><V119/><F6/><W74/><G74/><T99/><D99/><U134/><E134/><V107/><F73/><W109/><G109/><T77/><D77/><U14/><E97/><V58/><F79/><W133/><G133/><T118/><D118/><U32/><E32/><V71/><F119/><W85/><G85/><T81/><D81/><U31/><E104/><AGARI ba="0,2" hai="8,9,22,23,44,46,54,55,88,89,104,106,120,122" machi="104" ten="25,6400,0" yaku="1,1,22,2,54,1,53,0" doraHai="90" doraHaiUra="3" who="3" fromWho="1" sc="71,0,250,-64,380,0,279,84" /><INIT seed="2,0,0,2,1,52" ten="71,186,380,363" oya="2" hai0="24,111,38,116,93,60,35,101,78,100,56,92,82" hai1="112,23,12,97,65,34,109,58,26,72,19,63,18" hai2="53,70,87,55,44,48,128,8,108,102,115,28,125" hai3="17,0,51,71,66,69,50,40,31,77,33,37,135" shuffle="mt19937ar,169D2415,93DB5269,01C4AB51,3DB253D2,3525BAF1,85A5686D,CD0FDB44,F95B1E1C"/><V59/><F115/><W106/><G0/><T64/><D111/><U121/><E72/><V96/><F70/><W1/><G1/><T16/><D116/><U131/><E112/><V27/><F128/><W54/><G106/><T20/><D38/><U105/><E109/><V4/><F108/><W47/><G77/><T99/><D35/><U114/><E131/><V81/><F125/><W117/><G117/><T123/><D123/><U120/><E114/><V15/><F28/><W62/><G17/><T14/><D24/><U107/><E97/><V95/><F27/><W126/><G126/><T132/><D132/><U122/><E34/><V6/><F6/><W85/><G85/><T3/><D3/><U118/><E118/><V134/><F134/><W113/><G135/><T110/><D110/><U5/><E5/><V94/><F94/><W13/><G13/><T39/><D39/><U22/><AGARI ba="0,0" hai="12,18,19,22,23,26,58,63,65,105,107,120,121,122" machi="22" ten="40,5200,0" yaku="0,1,13,1,52,1" doraHai="52" who="1" fromWho="1" sc="71,-13,186,52,380,-26,363,-13" /><INIT seed="3,0,0,1,5,109" ten="58,238,354,350" oya="3" hai0="73,62,7,65,27,103,3,47,130,43,124,29,81" hai1="44,12,46,17,24,42,99,75,112,134,128,11,34" hai2="89,92,19,101,28,33,8,48,51,133,30,41,126" hai3="105,23,116,93,107,121,74,57,71,32,123,131,35" shuffle="mt19937ar,E7C43F04,6E9202D3,EB720A30,8D8C06CB,A2BCFD66,3F605C00,3051D08D,3191CF42"/><W56/><G116/><T115/><D130/><U31/><E75/><V87/><F33/><N who="3" m="12875" /><G23/><T45/><D103/><U38/><E128/><V98/><F133/><W69/><G131/><T82/><D124/><U113/><E134/><V26/><F126/><W4/><G93/><T53/><D53/><U16/><E17/><V9/><F41/><W13/><G13/><T91/><D91/><U10/><E10/><N who="2" m="4203" /><F19/><W2/><G74/><T64/><D62/><U68/><E68/><N who="3" m="26186" /><G4/><T100/><D100/><U55/><REACH who="1" step="1"/><E99/><REACH who="1" step="2"/><V40/><F30/><W37/><G2/><T129/><D129/><U96/><E96/><V135/><F135/><W22/><G22/><T80/><D73/><U83/><E83/><N who="2" m="49407" /><F40/><W36/><G123/><T120/><D82/><U0/><E0/><V58/><F101/><W14/><G121/><T117/><D120/><U76/><E76/><V78/><F78/><W90/><G90/><T20/><D3/><U119/><E119/><V88/><F28/><W79/><G79/><T6/><D117/><U67/><E67/><V1/><F1/><W125/><G125/><T122/><D122/><U60/><E60/><V114/><F114/><W39/><G14/><T59/><D29/><U86/><E86/><V85/><F98/><W108/><G108/><T50/><D115/><U70/><E70/><V132/><F132/><W118/><G118/><T15/><D15/><U106/><E106/><AGARI ba="0,1" hai="36,37,39,56,57,105,106,107" m="26186,12875" machi="106" ten="40,12000,1" yaku="28,2,26,2" doraHai="109" who="3" fromWho="1" sc="58,0,228,-120,354,0,350,130" owari="58,-34,108,-24,354,10,480,48" /></mjloggm>