<mjloggm ver="2.3"><GO type="185"/><UN n0="%EF%BC%BC%28%EF%BC%BE%6F%EF%BC%BE%29%EF%BC%8F%E2%98%85" n1="%E4%B8%89%E7%94%B0%E6%9D%91%E8%8C%9C" n2="%E3%81%B0%E3%81%8F%E3%81%92%E3%81%A3%E3%81%8D" n3="" dan="17,17,16,0" rate="2156,2209,2289,1500" sx="M,F,M,C"/><TAIKYOKU oya="0"/><INIT seed="0,0,0,2,3,129" ten="350,350,350,0" oya="0" hai0="54,49,71,106,64,87,91,124,34,67,35,72,68" hai1="105,51,45,33,85,39,65,46,32,80,93,135,100" hai2="48,66,53,111,117,83,81,62,42,108,119,88,76" hai3="" shuffle="mt19937ar,7C62353B,0392B67D,0411E862,21A7727E,48123709,A2BAE4CB,FB52DCBE,90CCFCC2"/><T56/><D72/><U126/><E105/><V92/><F42/><T134/><D106/><U60/><E126/><V127/><F127/><T36/><D124/><U102/><E100/><V107/><F107/><T110/><D36/><U52/><E46/><V61/><F48/><T79/><D79/><U122/><N who="1" m="31264" /><U47/><E47/><V123/><N who="2" m="31520" /><V90/><F53/><T109/><D67/><U70/><E39/><V63/><F66/><T115/><D115/><U120/><N who="1" m="30752" /><U43/><E43/><V58/><F58/><T97/><D97/><U98/><REACH who="1" step="1"/><E135/><REACH who="1" step="2"/><V121/><N who="2" m="31008" /><V37/><F37/><T113/><D134/><U86/><E86/><V69/><F69/><T114/><D113/><U57/><E57/><V40/><F40/><T2/><D114/><U74/><E74/><V1/><F1/><T104/><D2/><U78/><AGARI ba="0,1" hai="32,33,45,51,52,60,65,70,78,80,85,93,98,102" m="30752,31264" machi="78" ten="20,9000,2" yaku="1,1,0,1,7,1,52,2,54,1,53,1" doraHai="129" doraHaiUra="50" who="1" fromWho="1" sc="350,-60,340,100,350,-30,0,0" /><INIT seed="1,0,0,1,5,66" ten="290,440,320,0" oya="1" hai0="63,94,43,97,59,87,92,93,72,65,3,38,64" hai1="79,49,45,75,70,34,32,135,91,36,108,78,125" hai2="104,82,96,101,57,103,42,54,44,68,56,40,2" hai3="" shuffle="mt19937ar,7E882BBB,FB1C5A2D,1EA1401A,D5EEF426,DA55E6F6,CF7F42DF,AA4093A8,3D845B29"/><U80/><E78/><V115/><F2/><T95/><D3/><U76/><E76/><V134/><F68/><T77/><D72/><U122/><N who="1" m="31264" /><U100/><E135/><V67/><F115/><T128/><D128/><U85/><E36/><V105/><F82/><T33/><D33/><U50/><E125/><V88/><F67/><T53/><D38/><U60/><E100/><V113/><F113/><T116/><D43/><U114/><E114/><V90/><F134/><T127/><D116/><U83/><E108/><V107/><F107/><T39/><D39/><U119/><E119/><V102/><F102/><T131/><D131/><U111/><E111/><V99/><F44/><T117/><D117/><U124/><E124/><V62/><REACH who="2" step="1"/><F57/><REACH who="2" step="2"/><T133/><D133/><U109/><E109/><V35/><F35/><T81/><D127/><U110/><E110/><V47/><F47/><T132/><REACH who="0" step="1"/><D132/><REACH who="0" step="2"/><U58/><E32/><V69/><F69/><T89/><AGARI ba="0,2" hai="53,59,63,64,65,77,81,87,89,92,93,94,95,97" machi="89" ten="30,6000,1" yaku="1,1,2,1,0,1,8,1,53,1" doraHai="66" doraHaiUra="84" who="0" fromWho="0" sc="280,80,440,-40,310,-20,0,0" /><INIT seed="2,0,0,2,3,134" ten="360,400,290,0" oya="2" hai0="63,114,110,94,98,52,132,74,90,112,56,64,41" hai1="1,59,100,96,76,129,80,70,106,118,95,92,128" hai2="71,46,99,109,67,37,50,44,61,85,108,69,45" hai3="" shuffle="mt19937ar,5B7E4123,C49B6B63,8BB2BBA8,5AAC5896,CD664603,F098C1FA,1947FF25,D1EEFB6A"/><V123/><N who="2" m="31520" /><V68/><F99/><T49/><D132/><U53/><E70/><N who="2" m="27243" /><F85/><T88/><D74/><U78/><E78/><V93/><F93/><T135/><D135/><U3/><E118/><V125/><F125/><T57/><D110/><N who="2" m="42602" /><F37/><T77/><D77/><U48/><E106/><V65/><F67/><T47/><REACH who="0" step="1"/><D90/><REACH who="0" step="2"/><U113/><E1/><V62/><F62/><AGARI ba="0,1" hai="41,47,49,52,56,57,62,63,64,88,94,98,112,114" machi="62" ten="40,8000,1" yaku="1,1,2,1,54,2,53,0" doraHai="134" doraHaiUra="32" who="0" fromWho="2" sc="350,90,400,0,290,-80,0,0" /><INIT seed="4,0,0,3,2,62" ten="440,400,210,0" oya="0" hai0="64,108,36,106,73,83,1,89,87,118,80,135,129" hai1="112,68,71,38,81,126,94,86,63,42,44,103,114" hai2="35,52,96,75,55,32,111,132,41,121,82,119,37" hai3="" shuffle="mt19937ar,8B4AF9CC,51957A79,41C98EDA,9486ABDE,94FF6BA9,69D908E8,C1B4B340,DCE2CD33"/><T67/><D1/><U59/><E126/><V45/><N who="2" m="31008" /><V76/><F119/><T99/><D118/><U3/><E3/><V69/><F111/><T98/><D108/><U104/><E104/><V65/><F132/><T124/><D135/><U115/><E94/><V70/><F70/><T131/><D36/><U102/><E68/><V95/><F32/><T47/><D124/><U39/><E71/><V66/><F35/><T107/><D47/><U43/><E43/><V123/><N who="2" m="31520" /><V117/><F117/><T49/><D49/><U72/><E72/><V122/><N who="2" m="31264" /><V34/><F34/><T128/><D107/><U133/><E39/><V54/><REACH who="2" step="1"/><F69/><REACH who="2" step="2"/><T84/><D129/><U58/><E133/><V134/><F134/><T88/><D131/><U110/><E110/><V60/><F60/><T100/><D128/><U77/><E63/><V0/><F0/><T120/><D120/><U74/><E115/><V127/><F127/><T33/><D33/><U113/><E114/><V40/><F40/><T85/><D73/><U2/><E74/><V93/><F93/><T109/><D109/><U125/><E2/><V116/><F116/><T101/><D106/><U57/><E125/><V48/><F48/><T50/><D50/><RYUUKYOKU ba="0,1" sc="440,-20,400,10,200,10,0,0" hai1="38,42,44,57,58,59,77,81,86,102,103,112,113" hai2="37,41,45,52,54,55,65,66,75,76,82,95,96" /><INIT seed="5,1,1,4,5,105" ten="420,410,210,0" oya="1" hai0="64,111,75,38,116,97,92,126,133,40,86,101,49" hai1="89,53,82,56,42,132,68,32,131,55,61,102,39" hai2="95,83,77,122,115,78,84,62,107,125,121,60,37" hai3="" shuffle="mt19937ar,07F6EB92,A4CA5836,2D9799D0,D2A6EAAB,8D62F544,AB04A7DF,2F444DCE,99A93593"/><U50/><E32/><V93/><N who="2" m="31008" /><V128/><N who="2" m="31264" /><V123/><N who="2" m="31520" /><V85/><F37/><T88/><D111/><U100/><E132/><V41/><F41/><T57/><D133/><U0/><E0/><V51/><F107/><T81/><D126/><U117/><E117/><V1/><F1/><T45/><D116/><U34/><E34/><V46/><F125/><T36/><D64/><U58/><E131/><V98/><F128/><T127/><D127/><U65/><E56/><V99/><F115/><T110/><D110/><U70/><E55/><V129/><F129/><T90/><D75/><U104/><E104/><V109/><F109/><T80/><D57/><U59/><E59/><V118/><F118/><T106/><REACH who="0" step="1"/><D81/><REACH who="0" step="2"/><U103/><E82/><V79/><F83/><T135/><D135/><U112/><E58/><V130/><F130/><T71/><D71/><U44/><E70/><V47/><REACH who="2" step="1"/><F79/><REACH who="2" step="2"/><T74/><D74/><U91/><E112/><V73/><F73/><T120/><N who="0" m="30752" /><T2/><D2/><U35/><E35/><V66/><F66/><T69/><D69/><U96/><E65/><V72/><F72/><T108/><D108/><U76/><E68/><V3/><F3/><T113/><D113/><RYUUKYOKU ba="1,3" sc="410,10,410,-20,200,10,0,0" hai0="36,38,40,45,49,80,86,88,90,92,97,101,106" hai2="46,47,51,60,62,77,78,84,85,93,95,98,99" /><INIT seed="6,2,3,1,5,48" ten="420,390,210,0" oya="2" hai0="123,45,65,41,82,129,58,37,114,130,92,61,118" hai1="131,125,112,124,38,94,47,62,116,64,104,106,50" hai2="121,85,57,2,115,70,103,99,35,67,46,73,39" hai3="" shuffle="mt19937ar,05BF7830,344470FB,416BF340,4E850799,F773A051,16558D99,E5BC893C,92935C61"/><V52/><N who="2" m="31008" /><V105/><F2/><T119/><N who="0" m="31520" /><T53/><D114/><U83/><E112/><V91/><F115/><T102/><D82/><U122/><N who="1" m="31264" /><U33/><E116/><V127/><F35/><T88/><D102/><U55/><E38/><V76/><F127/><N who="1" m="48713" /><E131/><N who="0" m="50185" /><D65/><U32/><E83/><V56/><F39/><T44/><D44/><U86/><E86/><AGARI ba="2,3" hai="37,41,45,53,58,61,86,88,92,118,119" m="50185,31520" machi="86" ten="30,7700,0" yaku="19,1,52,2,54,1" doraHai="48" who="0" fromWho="1" sc="420,111,390,-81,210,0,0,0" owari="531,48,309,-9,210,-39,0,0" /></mjloggm>