<mjloggm ver="2.3"><GO type="185"/><UN n0="%E3%81%B0%E3%81%8F%E3%81%92%E3%81%A3%E3%81%8D" n1="%53%54%4F%53%48%49%59%41" n2="%E3%80%93%E3%81%84%E3%81%A1%E3%81%AF%E3%82%89%E3%80%93" n3="" dan="16,16,18,0" rate="2295,2075,2259,1500" sx="M,M,M,C"/><TAIKYOKU oya="0"/><INIT seed="0,0,0,5,2,32" ten="350,350,350,0" oya="0" hai0="48,54,84,93,110,57,134,82,127,85,3,95,94" hai1="58,116,113,111,61,51,78,87,67,135,131,75,125" hai2="126,122,90,68,130,47,40,49,72,124,53,37,52" hai3="" shuffle="mt19937ar,779E304C,0AC4546E,FCAEB8BE,7D8F5ECB,FF9465D4,253FC151,AD706916,194FEF85"/><T114/><D114/><U35/><E113/><V96/><N who="2" m="31264" /><V133/><F72/><T129/><D3/><U123/><N who="1" m="31520" /><U88/><E35/><V91/><F68/><T44/><D129/><U60/><E131/><V92/><F130/><T108/><D134/><U128/><E128/><V100/><F133/><T50/><D127/><N who="2" m="48682" /><F53/><T64/><D64/><U98/><E125/><V33/><F33/><T132/><D132/><U120/><N who="1" m="30752" /><U46/><E135/><V1/><F1/><T66/><D66/><U36/><E36/><V79/><F79/><T71/><D71/><U63/><E116/><V103/><F91/><T97/><D97/><U41/><E111/><N who="0" m="42537" /><D82/><U109/><E109/><V34/><F34/><T69/><D69/><U104/><E78/><V0/><F0/><T118/><D118/><U70/><E75/><V42/><F42/><AGARI ba="0,0" hai="42,44,48,50,54,57,84,85,93,94,95" m="42537" machi="42" ten="30,2900,0" yaku="14,1,10,1" doraHai="32" who="0" fromWho="2" sc="350,29,350,0,350,-29,0,0" /><INIT seed="0,1,0,3,4,89" ten="379,350,321,0" oya="0" hai0="34,3,106,103,125,100,133,121,129,41,37,134,77" hai1="105,43,124,76,68,131,52,72,79,104,84,71,130" hai2="62,65,1,99,116,55,92,117,87,2,74,63,128" hai3="" shuffle="mt19937ar,E4E07B5E,DD4BC471,76DECBF8,68704AA0,8EE69EEC,F024E82C,5BEB6F00,FBB41E7E"/><T98/><N who="0" m="31008" /><T61/><D3/><U32/><E43/><V112/><F74/><T42/><D34/><U66/><E32/><V123/><N who="2" m="31520" /><V39/><F39/><T127/><D77/><U114/><E114/><V83/><F112/><T56/><D103/><U132/><E72/><V120/><N who="2" m="30752" /><V135/><F128/><N who="1" m="49193" /><E132/><N who="0" m="50793" /><D129/><U35/><E35/><V50/><F135/><T119/><D119/><N who="2" m="45642" /><F2/><T110/><D110/><U88/><E124/><N who="0" m="47689" /><D37/><U75/><E75/><V57/><F1/><T122/><N who="0" m="31264" /><T47/><D47/><U82/><E79/><V33/><F33/><T97/><D97/><U36/><E76/><V40/><F99/><T93/><D106/><N who="1" m="41067" /><E66/><AGARI ba="1,0" hai="41,42,56,61,66,93,98,100" m="31264,47689,50793,31008" machi="66" ten="30,12000,1" yaku="20,1,18,1,52,3" doraHai="89" who="0" fromWho="1" sc="379,122,350,-122,321,0,0,0" /><INIT seed="0,2,0,2,2,60" ten="501,228,321,0" oya="0" hai0="116,77,97,111,63,95,59,86,115,62,46,84,113" hai1="76,53,37,57,89,107,85,92,110,90,65,33,71" hai2="79,104,39,114,2,41,64,34,52,42,134,93,126" hai3="" shuffle="mt19937ar,EA936D7C,890E5257,67B8AC66,C65E7122,D6662F5D,AE17911D,F9845D5B,BF66FB51"/><T127/><D116/><U3/><E33/><V50/><F104/><T120/><N who="0" m="30752" /><T109/><D46/><U67/><E71/><V106/><F106/><T123/><N who="0" m="31520" /><T133/><D127/><U91/><E107/><V83/><F126/><T36/><D36/><U82/><E37/><V54/><F114/><T108/><D133/><U121/><N who="1" m="31008" /><U38/><E38/><V103/><F2/><T43/><D43/><U49/><E3/><V44/><F134/><T45/><D45/><U94/><E110/><V135/><F135/><T105/><D105/><U40/><E40/><V129/><F34/><T56/><D62/><U118/><E118/><V68/><F42/><T35/><D35/><U88/><REACH who="1" step="1"/><E94/><REACH who="1" step="2"/><V99/><F39/><T87/><D77/><U98/><AGARI ba="2,1" hai="49,53,57,65,67,76,82,85,88,89,90,91,92,98" m="31008" machi="98" ten="30,12000,3" yaku="1,1,2,1,0,1,8,1,52,3,54,1,53,0" doraHai="60" doraHaiUra="132" who="1" fromWho="1" sc="501,-82,218,134,321,-42,0,0" /><INIT seed="1,0,0,5,3,57" ten="419,352,279,0" oya="1" hai0="100,107,49,38,98,112,67,37,61,65,88,3,105" hai1="55,132,39,48,97,117,0,114,90,51,56,104,103" hai2="36,59,53,43,116,111,94,42,89,99,71,127,126" hai3="" shuffle="mt19937ar,838F4BD9,386963BD,30655E96,C1E78C00,4E3CF014,68E17D5F,B5C0322A,2DBBFCBA"/><U87/><E39/><V34/><F34/><T70/><D3/><U80/><E0/><V106/><F116/><T40/><D112/><U96/><E117/><V46/><F111/><T45/><D107/><U50/><E114/><V32/><F32/><T54/><D67/><U2/><E2/><V1/><F1/><T33/><D33/><U72/><E132/><V91/><F43/><T44/><REACH who="0" step="1"/><D88/><REACH who="0" step="2"/><U74/><REACH who="1" step="1"/><E97/><REACH who="1" step="2"/><V86/><F99/><T41/><D41/><U101/><E101/><V78/><F42/><T122/><N who="0" m="31264" /><T113/><D113/><U60/><AGARI ba="0,2" hai="48,50,51,55,56,60,72,74,80,87,90,96,103,104" machi="60" ten="30,4000,0" yaku="1,1,0,1,52,1,53,0" doraHai="57" doraHaiUra="62" who="1" fromWho="1" sc="409,-20,342,60,279,-20,0,0" /><INIT seed="1,1,0,4,3,43" ten="389,402,259,0" oya="1" hai0="66,63,33,123,107,115,94,78,0,2,54,3,103" hai1="49,93,116,50,88,73,99,36,112,39,35,64,92" hai2="111,106,131,120,95,57,56,127,91,75,65,47,74" hai3="" shuffle="mt19937ar,2BA95B5D,89106DAA,64F1D2E8,4E97BE87,C2EEC5B2,F4CE0F90,39E31CE7,55C8930A"/><U68/><E35/><V84/><N who="2" m="30752" /><V46/><F111/><T114/><N who="0" m="31520" /><T62/><D33/><U108/><E73/><V59/><F106/><T101/><D78/><U113/><E108/><V133/><F127/><T69/><D107/><U71/><E64/><V118/><F118/><T58/><REACH who="0" step="1"/><D94/><REACH who="0" step="2"/><U102/><E116/><V100/><F131/><T128/><D128/><U97/><REACH who="1" step="1"/><E102/><AGARI ba="1,1" hai="0,2,3,54,58,62,63,66,69,101,102,103,114,115" m="31520" machi="102" ten="40,2600,0" yaku="1,1,52,1,53,0" doraHai="43" doraHaiUra="86" who="0" fromWho="1" sc="379,38,402,-28,259,0,0,0" /><INIT seed="2,0,0,2,2,125" ten="417,374,259,0" oya="2" hai0="85,103,79,3,35,65,110,44,72,89,133,126,63" hai1="135,102,78,43,100,87,132,38,134,48,32,50,45" hai2="59,47,96,99,95,114,37,68,77,49,119,53,62" hai3="" shuffle="mt19937ar,77B4C07D,ECBC2459,232A7688,F3CABCAB,FC4191E9,B0F5B3B0,85AF18D0,78FE0658"/><V54/><F114/><T121/><N who="0" m="31008" /><T66/><D3/><U74/><E32/><V60/><F119/><T111/><D35/><U91/><E78/><V36/><F77/><T0/><D0/><U71/><E74/><V42/><F99/><T55/><D126/><U81/><E71/><V116/><F116/><T2/><D2/><U105/><E105/><V117/><F117/><T52/><D103/><AGARI ba="0,0" hai="38,43,45,48,50,81,87,91,100,102,103,132,134,135" machi="103" ten="40,1300,0" yaku="20,1" doraHai="125" who="1" fromWho="0" sc="417,-13,374,13,259,0,0,0" /><INIT seed="4,0,0,2,1,133" ten="404,387,259,0" oya="0" hai0="120,52,77,69,59,93,102,116,75,49,119,104,81" hai1="80,94,66,33,46,88,131,47,96,62,61,85,113" hai2="130,90,135,89,40,98,54,115,57,42,91,114,92" hai3="" shuffle="mt19937ar,DAAC2A95,34EFCBE7,19251C92,7332B870,A5274864,64424581,22B886EB,52D0C7B1"/><T128/><N who="0" m="30752" /><T109/><D69/><U127/><E33/><V122/><N who="2" m="31264" /><V70/><F70/><T72/><D109/><U68/><E131/><V1/><F1/><T60/><D128/><U118/><E118/><V99/><F135/><T53/><D104/><U51/><E113/><V82/><F130/><T107/><D107/><U112/><E112/><N who="2" m="43051" /><F82/><T100/><D75/><U86/><E62/><V38/><F38/><T134/><D134/><U126/><E86/><V129/><F129/><T36/><D36/><U32/><E32/><V73/><F73/><T64/><D64/><U106/><E106/><V110/><F110/><T79/><D79/><U83/><E83/><V56/><F92/><T34/><D34/><U71/><E71/><V67/><F67/><T105/><D105/><U103/><REACH who="1" step="1"/><E47/><REACH who="1" step="2"/><V111/><F111/><T74/><D74/><U97/><E97/><N who="2" m="36875" /><F57/><T78/><D93/><U95/><E95/><V45/><F45/><T0/><D0/><U50/><E50/><AGARI ba="0,1" hai="40,42,50,54,56,89,90,91" m="36875,43051,31264" machi="50" ten="30,2000,0" yaku="15,1,52,1" doraHai="133" who="2" fromWho="1" sc="404,0,377,-20,259,30,0,0" /><INIT seed="5,0,0,0,1,46" ten="404,357,289,0" oya="1" hai0="124,78,41,33,43,95,94,108,66,75,79,3,107" hai1="92,51,61,87,116,73,39,133,62,42,38,135,71" hai2="118,36,132,128,58,110,63,37,59,34,98,120,53" hai3="" shuffle="mt19937ar,87DBA6C9,B7410C26,A0408ED9,C0BE577F,2B06834E,5A943AB9,C33E26ED,EDF58956"/><U130/><E73/><V50/><N who="2" m="30752" /><V49/><F34/><T72/><D33/><U47/><E116/><V64/><F98/><T84/><D107/><U77/><E130/><V83/><F83/><T74/><D3/><U112/><E112/><V115/><F118/><T105/><D105/><U102/><E102/><V45/><F128/><T126/><D108/><U54/><E77/><V127/><F110/><T68/><D66/><U70/><E92/><V106/><F106/><T114/><D75/><U109/><E87/><V55/><F115/><T88/><D114/><U56/><E109/><V121/><N who="2" m="31008" /><V52/><F127/><T122/><N who="0" m="31264" /><T129/><D129/><U60/><E39/><N who="2" m="14923" /><F132/><AGARI ba="0,0" hai="38,42,47,51,54,56,60,61,62,70,71,132,133,135" machi="132" ten="40,12000,1" yaku="20,1,34,3,52,1" doraHai="46" who="1" fromWho="2" sc="404,0,357,120,289,-120,0,0" /><INIT seed="5,1,0,4,5,48" ten="404,477,169,0" oya="1" hai0="104,84,36,73,80,1,63,68,50,58,117,0,72" hai1="123,37,126,54,41,3,74,125,133,131,85,116,105" hai2="128,110,69,130,42,35,40,2,55,64,112,44,53" hai3="" shuffle="mt19937ar,6A56CDF6,5F88B0AD,6673C571,EF40A3B8,B1045138,3EFFFF2D,BC955213,0973BED9"/><U59/><RYUUKYOKU type="yao9" ba="1,0" sc="404,0,477,0,169,0,0,0" hai1="3,37,41,54,59,74,85,105,116,123,125,126,131,133" /><INIT seed="5,2,0,4,2,134" ten="404,477,169,0" oya="1" hai0="118,82,79,113,0,32,119,98,100,76,45,130,106" hai1="86,54,44,50,115,129,59,114,131,81,52,83,77" hai2="68,38,49,40,72,127,135,63,102,133,94,78,103" hai3="" shuffle="mt19937ar,AC4AF813,38B09B7F,27730959,5432C03A,14CAB474,08AE2B0B,7CFCBAF9,A55128B1"/><U57/><E83/><V87/><F38/><T84/><D32/><U88/><E77/><V39/><F39/><T34/><D0/><U55/><E59/><V123/><N who="2" m="31520" /><V37/><F37/><T80/><D34/><U91/><E91/><V110/><F110/><T128/><D45/><U96/><E96/><V125/><F68/><T56/><D56/><U36/><E36/><V42/><F63/><T1/><D1/><U3/><E3/><V48/><F72/><T33/><D33/><U104/><E104/><V71/><F71/><T109/><D109/><U2/><E2/><V41/><F41/><T120/><N who="0" m="30752" /><T74/><D113/><N who="1" m="43019" /><E57/><V69/><F69/><T73/><D84/><U65/><E65/><V122/><N who="2" m="31264" /><V99/><F87/><T58/><D58/><U97/><E97/><V95/><F99/><T66/><D66/><U116/><E116/><AGARI ba="2,0" hai="73,74,76,79,80,82,98,100,106,116,118,119,128,130" m="30752" machi="116" ten="40,16000,3" yaku="9,1,12,1,23,2,34,3,52,1" doraHai="134" who="0" fromWho="1" sc="404,164,477,-164,169,0,0,0" /><INIT seed="6,0,0,1,1,92" ten="568,313,169,0" oya="2" hai0="113,133,95,69,94,101,78,127,57,118,46,81,106" hai1="71,111,59,64,109,38,70,55,93,114,99,76,100" hai2="73,62,107,83,130,116,129,80,105,67,42,35,0" hai3="" shuffle="mt19937ar,753FB71C,8F6DC0B8,CE9A3D03,E9A15FCA,65CF95E7,9E689A40,3D6846D5,08485930"/><V39/><F35/><T44/><D69/><U32/><E32/><V48/><F0/><T65/><D106/><N who="2" m="40458" /><F48/><T89/><D95/><U40/><E76/><V61/><F42/><T49/><D94/><U134/><E134/><V123/><N who="2" m="31520" /><V84/><F39/><T104/><D133/><U121/><N who="1" m="31008" /><U36/><E114/><V2/><F2/><T50/><D113/><U52/><E55/><V68/><F116/><T108/><D118/><U47/><E38/><V135/><F135/><T91/><D65/><U128/><E128/><N who="2" m="49259" /><F73/><T60/><D50/><U37/><E37/><V82/><F61/><T58/><D60/><U53/><E53/><V86/><AGARI ba="0,0" hai="62,67,68,80,82,83,84,86" m="49259,31520,40458" machi="86" ten="40,2600,0" yaku="19,1,52,1" doraHai="92" who="2" fromWho="2" sc="568,-13,313,-13,169,26,0,0" /><INIT seed="6,1,0,4,4,38" ten="555,300,195,0" oya="2" hai0="100,135,101,48,120,124,88,76,91,110,107,67,0" hai1="113,75,47,35,86,117,65,73,90,134,108,61,114" hai2="96,71,133,102,43,125,57,68,116,85,1,118,77" hai3="" shuffle="mt19937ar,3FE18C34,B0AB5DE2,920351EA,6ABC73B9,75FF1C44,FCBBEAA6,2C0898F1,B161A746"/><V56/><F1/><T80/><N who="0" m="30752" /><T82/><D0/><U74/><E35/><V122/><N who="2" m="31264" /><V40/><F77/><T44/><D107/><U32/><E32/><V52/><F85/><T45/><D76/><U92/><E108/><V81/><F81/><T83/><D110/><U106/><E106/><V36/><F96/><T93/><D67/><U58/><E117/><N who="2" m="45163" /><F102/><N who="0" m="39530" /><D91/><U39/><E134/><V95/><F95/><T2/><D135/><U121/><N who="1" m="31008" /><U105/><E105/><V46/><F133/><T112/><D2/><U54/><E39/><V84/><F84/><T37/><D37/><U103/><E103/><V78/><F78/><T63/><D93/><U126/><E126/><V69/><F125/><T33/><D124/><U111/><E111/><V51/><F36/><T97/><D97/><U42/><E75/><V70/><N who="2" m="17408" /><DORA hai="89" /><V59/><AGARI ba="1,0" hai="40,43,46,51,52,56,57,59" m="17408,45163,31264" machi="59" ten="70,12000,2" yaku="4,1,34,2,52,3,54,1" doraHai="38,89" who="2" fromWho="2" sc="555,-61,300,-61,195,122,0,0" /><INIT seed="6,2,0,1,1,68" ten="494,239,317,0" oya="2" hai0="88,2,121,42,66,92,58,71,48,122,116,118,94" hai1="43,87,85,126,98,84,51,111,45,46,70,64,100" hai2="77,39,47,106,130,125,79,99,134,73,96,127,110" hai3="" shuffle="mt19937ar,52C55134,C5D77DA3,8FBB76D1,439E3E4D,32A1C71D,370D62CB,21F5B75F,455347B5"/><V90/><F47/><T83/><D2/><U61/><E111/><V80/><F39/><T49/><D71/><U101/><E126/><N who="2" m="48139" /><F110/><T82/><D58/><U67/><E67/><V59/><F59/><T35/><D66/><U129/><E129/><V93/><F130/><T53/><D53/><U133/><E133/><V1/><F1/><T65/><D65/><U124/><E124/><V86/><F134/><T117/><D117/><U76/><E101/><V95/><F79/><T102/><D102/><U50/><E76/><V0/><F0/><T74/><D42/><U128/><E128/><V37/><F37/><T52/><D52/><U54/><REACH who="1" step="1"/><E85/><REACH who="1" step="2"/><V81/><F99/><T131/><N who="0" m="31008" /><T114/><D74/><U115/><E115/><V72/><F72/><T108/><D114/><U57/><E57/><V105/><F96/><T120/><D120/><U55/><E55/><V75/><F75/><T3/><D3/><U97/><E97/><V123/><N who="2" m="31520" /><V89/><F89/><T78/><D88/><U119/><E119/><V56/><F56/><T41/><D78/><U132/><E132/><V112/><F112/><T38/><D118/><U34/><E34/><V33/><F73/><T135/><N who="0" m="31264" /><T113/><D116/><RYUUKYOKU ba="2,1" sc="494,-10,229,20,317,-10,0,0" hai1="43,45,46,50,51,54,61,64,70,84,87,98,100" owari="494,44,249,-35,307,-9,0,0" /></mjloggm>