<mjloggm ver="2.3"><GO type="169"/><UN n0="%E4%B8%80%E6%96%B9%E9%80%9A%E8%A1%8C" n1="%E3%81%99%E3%81%9A%E3%82%81%E3%82%AF%E3%83%AC%E3%82%A4%E3%82%B8%E3%83%BC" n2="%E3%83%80%E3%83%A0%E3%83%9E%E3%83%8B%E3%82%A2" n3="%E3%82%A2%E3%83%B3%E3%82%B3%E3%83%AD%E3%82%AD%E3%83%B3%E3%82%B0" dan="16,16,16,17" rate="2053,2123,2105,2145" sx="M,M,M,M"/><TAIKYOKU oya="0"/><INIT seed="0,0,0,1,4,41" ten="250,250,250,250" oya="0" hai0="0,19,134,72,46,97,44,95,9,104,51,127,48" hai1="93,45,56,58,94,119,84,68,128,85,47,115,73" hai2="66,52,100,17,59,26,60,67,102,55,50,69,126" hai3="7,28,2,8,101,89,3,120,76,6,10,42,80" shuffle="mt19937ar,DCD2A775,AEED1AA5,F2F6F8C8,95CF803B,6A671796,790FC469,547DC52E,58EA02BB"/><T88/><D72/><U131/><E73/><V110/><F126/><W30/><G120/><T125/><D104/><U114/><REACH who="1" step="1"/><E68/><REACH who="1" step="2"/><V111/><F69/><W54/><G101/><T117/><D117/><AGARI ba="0,1" hai="45,47,56,58,84,85,93,94,114,115,117,119,128,131" machi="117" ten="25,16000,3" yaku="1,1,2,1,22,2,52,2,53,2" doraHai="41" doraHaiUra="113" who="1" fromWho="0" sc="250,-160,240,170,250,0,250,0" /><INIT seed="1,0,0,4,3,37" ten="90,410,250,250" oya="1" hai0="85,109,113,86,48,57,107,46,42,39,56,69,121" hai1="13,60,134,129,94,65,114,18,11,35,20,127,50" hai2="120,84,112,125,27,58,74,98,106,59,21,97,26" hai3="73,64,47,12,77,80,62,49,102,29,2,92,110" shuffle="mt19937ar,0A285BDC,A2ABD699,F13CCC03,51789545,71812231,D501D0BC,E4A34B67,8E34E0F7"/><U117/><E117/><V15/><F74/><W123/><G2/><T9/><D113/><U5/><E114/><V38/><F112/><W132/><G123/><T34/><D34/><U91/><E35/><V67/><F38/><W68/><G132/><T103/><D69/><U99/><E129/><V0/><F0/><W22/><G110/><T119/><D119/><U90/><E127/><V24/><F120/><W19/><G29/><T40/><D121/><U101/><E134/><V8/><F125/><W36/><G36/><T93/><D109/><U55/><E65/><V78/><F106/><W105/><G105/><T10/><D107/><U133/><E60/><N who="2" m="38295" /><F59/><N who="0" m="22602" /><D39/><U54/><E133/><V45/><F45/><W124/><G124/><T33/><D33/><U96/><E50/><V32/><F32/><W61/><G61/><T70/><D70/><U108/><E108/><V76/><F21/><W52/><G92/><T100/><D42/><U72/><E72/><V89/><F78/><W128/><G102/><N who="0" m="38955" /><D93/><N who="1" m="56383" /><E101/><V130/><F76/><W23/><G128/><T95/><D95/><U63/><E63/><V1/><F1/><W88/><G88/><T16/><D10/><AGARI ba="0,0" hai="10,12,19,22,23,47,49,52,62,64,68,73,77,80" machi="10" ten="30,2000,0" yaku="7,1,54,1" doraHai="37" who="3" fromWho="0" sc="90,-20,410,0,250,0,250,20" /><INIT seed="2,0,0,3,5,97" ten="70,410,250,270" oya="2" hai0="32,24,39,31,35,0,53,69,85,101,90,50,122" hai1="125,8,111,116,15,80,83,20,52,108,98,56,40" hai2="121,36,112,82,87,133,6,114,100,68,28,89,4" hai3="92,120,10,124,95,63,17,30,22,93,55,104,132" shuffle="mt19937ar,61619AFA,13F596AA,CC035667,391F0713,616F86A4,CB13DB44,7B0BFFF7,ABFA86BD"/><V94/><F68/><W115/><G120/><T128/><D69/><U49/><E116/><V77/><F36/><W105/><G124/><T130/><D122/><U107/><E125/><V103/><F121/><W29/><G132/><T34/><D39/><U11/><E40/><V7/><F133/><W117/><G117/><T74/><D0/><U129/><E20/><V106/><F28/><N who="3" m="10859" /><G105/><T81/><D74/><U19/><E8/><V45/><F45/><W46/><G104/><T76/><D76/><U51/><E51/><V73/><REACH who="2" step="1"/><F106/><REACH who="2" step="2"/><W91/><G115/><AGARI ba="0,1" hai="4,6,7,73,77,82,87,89,94,100,103,112,114,115" machi="115" ten="40,18000,2" yaku="1,1,2,1,52,2,53,3" doraHai="97" doraHaiUra="1" who="2" fromWho="3" sc="70,0,410,0,240,190,270,-180" /><INIT seed="2,1,0,0,3,13" ten="70,410,430,90" oya="2" hai0="111,79,121,123,108,9,107,57,36,71,104,14,124" hai1="61,103,21,127,102,70,30,69,95,24,132,116,31" hai2="130,81,44,96,8,50,62,125,66,76,38,33,2" hai3="4,63,115,84,110,0,25,109,92,6,26,134,68" shuffle="mt19937ar,65D21CAC,5680E5ED,75D062B7,3B262AE8,28E315AB,A9A04E0F,D5E09B1E,D0EFCD3C"/><V67/><F33/><W53/><G115/><T27/><D71/><U87/><E116/><V73/><F130/><W65/><G134/><T82/><D36/><U113/><E113/><V41/><F125/><W39/><G39/><T52/><D27/><U16/><E132/><V94/><F50/><W105/><G105/><N who="0" m="40523" /><D124/><U98/><E127/><V93/><F62/><W119/><G119/><T45/><D45/><U11/><E102/><V20/><F20/><W48/><G92/><T29/><D29/><U5/><E87/><V59/><F59/><W78/><G84/><N who="0" m="48223" /><D14/><U12/><REACH who="1" step="1"/><E70/><REACH who="1" step="2"/><V37/><F37/><W15/><G0/><T122/><D122/><U18/><E18/><V80/><F80/><W10/><G4/><T64/><D123/><U55/><E55/><V126/><F126/><W34/><G78/><T77/><D121/><U85/><E85/><V114/><F114/><W35/><G35/><T106/><D77/><U135/><E135/><V117/><F117/><W40/><G40/><T28/><D52/><U19/><E19/><V56/><F67/><AGARI ba="1,1" hai="5,11,12,16,21,24,30,31,61,67,69,95,98,103" machi="67" ten="40,5200,0" yaku="1,1,52,1,54,1,53,0" doraHai="13" doraHaiUra="112" who="1" fromWho="2" sc="70,0,400,65,430,-55,90,0" /><INIT seed="3,0,0,5,0,71" ten="70,465,375,90" oya="3" hai0="126,34,11,86,43,4,48,69,62,22,15,61,129" hai1="104,1,82,54,9,98,102,12,109,79,99,92,52" hai2="114,45,89,76,70,21,38,40,122,73,41,101,35" hai3="133,75,37,120,46,64,96,3,134,39,74,68,128" shuffle="mt19937ar,0F9D1BD6,83493108,8F658A51,3218D656,809CDCBD,18F4EE60,71F45C8F,7B30BDAB"/><W121/><G3/><T83/><D34/><U26/><E109/><V5/><F70/><W49/><G96/><T131/><D126/><U14/><E26/><V130/><F35/><W7/><G7/><T87/><D22/><U116/><E1/><V67/><F40/><W19/><G19/><T24/><D24/><U31/><E31/><V16/><F122/><N who="3" m="47211" /><G128/><N who="0" m="49227" /><D69/><U119/><E12/><V124/><F130/><W6/><G6/><T51/><D86/><U108/><E108/><V47/><F124/><W20/><G20/><T103/><D103/><U57/><E57/><V132/><F101/><W78/><G78/><N who="0" m="46583" /><D51/><U111/><E111/><V10/><F89/><W50/><G50/><T32/><D32/><U59/><E98/><V53/><F76/><W42/><G75/><T81/><D81/><U44/><E82/><V65/><F73/><W36/><G74/><T106/><D106/><U63/><E79/><V113/><F5/><W90/><G90/><T17/><D17/><U72/><E104/><V100/><F10/><W125/><G125/><T28/><D28/><U135/><E72/><V8/><F100/><W55/><G42/><T33/><D33/><U88/><E88/><V110/><F110/><W93/><G93/><T127/><D127/><U91/><E91/><V0/><F8/><W84/><G84/><T25/><D25/><U27/><E27/><V66/><F0/><W18/><G18/><T117/><D117/><U56/><E116/><V94/><F94/><W97/><G97/><T2/><D2/><U29/><E119/><V115/><F16/><W30/><G30/><RYUUKYOKU ba="0,0" sc="70,15,465,-15,375,-15,90,15" hai0="4,11,15,43,48,61,62" hai3="36,37,39,46,49,55,64,68,133,134" /><INIT seed="3,1,0,4,4,66" ten="85,450,360,105" oya="3" hai0="38,99,95,75,15,89,46,23,42,16,134,14,67" hai1="68,13,2,54,106,92,76,93,88,33,62,26,120" hai2="19,111,91,47,114,100,63,126,71,98,18,73,125" hai3="86,29,84,115,12,8,36,128,119,83,9,131,70" shuffle="mt19937ar,E7EC057D,DC672D5A,42F9EE22,DC0AFA4B,E75D7972,FE20CFC5,609A7817,9208D5F4"/><W110/><G36/><T104/><D134/><U117/><E2/><V102/><F73/><W30/><G119/><T87/><D75/><U122/><E106/><V65/><F114/><W27/><G115/><T77/><D67/><U129/><E76/><V97/><F111/><W39/><G39/><T82/><REACH who="0" step="1"/><D104/><REACH who="0" step="2"/><U85/><E117/><V49/><F125/><W48/><G110/><T112/><D112/><U31/><E122/><V25/><F126/><W35/><G131/><T78/><D78/><U69/><E120/><V6/><F65/><W127/><G127/><T52/><D52/><U11/><E129/><V53/><F53/><W7/><G128/><T5/><D5/><U81/><E54/><V79/><F6/><W64/><G64/><T118/><D118/><U135/><E135/><V57/><F79/><W130/><G130/><T94/><D94/><U109/><E109/><V60/><F102/><W61/><G83/><T20/><D20/><U103/><E92/><V133/><F100/><W37/><G9/><T72/><D72/><U1/><E103/><V56/><F91/><W40/><G8/><T90/><D90/><U24/><E81/><V3/><F133/><W32/><G7/><T121/><D121/><U59/><E93/><V17/><F25/><AGARI ba="1,1" hai="14,15,16,23,25,38,42,46,77,82,87,89,95,99" machi="25" ten="30,3900,0" yaku="1,1,7,1,54,1,53,0" doraHai="66" doraHaiUra="34" who="0" fromWho="2" sc="75,52,450,0,360,-42,105,0" /><INIT seed="4,0,0,2,0,2" ten="127,450,318,105" oya="0" hai0="22,93,56,120,96,85,16,124,106,114,28,89,119" hai1="129,66,91,121,44,102,70,48,80,118,21,131,51" hai2="59,69,30,27,81,31,4,75,99,107,43,40,50" hai3="7,10,46,47,115,98,36,53,71,61,24,25,54" shuffle="mt19937ar,077D5767,287CA400,8C5B4E54,52238E37,608B00AE,3FDD579C,C2BE6BE6,77D5E40C"/><T83/><D119/><U32/><E118/><V110/><F69/><W125/><G125/><T58/><D120/><U6/><E32/><V35/><F110/><W101/><G115/><T109/><D124/><U55/><E102/><V113/><F31/><W111/><G111/><T92/><D109/><U84/><E121/><V1/><F113/><W74/><G74/><T63/><D114/><U68/><E66/><V108/><F108/><W52/><G71/><T97/><D28/><U17/><E6/><V130/><F130/><N who="1" m="49673" /><E48/><V103/><F75/><W34/><G61/><T77/><D106/><U90/><E91/><V126/><F81/><W41/><G46/><T37/><D37/><U127/><E127/><V95/><F107/><W132/><G132/><T39/><D39/><U82/><E82/><V19/><F19/><W42/><G42/><T0/><D0/><U116/><E116/><V112/><F112/><W14/><REACH who="3" step="1"/><G34/><REACH who="3" step="2"/><T117/><D117/><U13/><AGARI ba="0,1" hai="13,17,21,44,51,55,68,70,80,84,90" m="49673" machi="13" ten="30,1100,0" yaku="19,1" doraHai="2" who="1" fromWho="1" sc="127,-5,450,21,318,-3,95,-3" /><INIT seed="5,0,0,4,3,27" ten="122,471,315,92" oya="1" hai0="8,47,124,95,5,97,51,93,79,22,135,9,88" hai1="92,24,31,36,33,114,106,76,68,66,12,105,40" hai2="70,63,87,44,3,125,39,49,64,45,32,134,107" hai3="14,62,55,29,86,98,108,121,56,52,77,128,26" shuffle="mt19937ar,E1943843,E09B2B67,76C3DC59,42DB1532,44EEEB9A,7E1DD78C,09F93E73,78319263"/><U103/><E76/><V42/><F107/><W50/><G121/><T85/><D135/><U71/><E105/><V101/><F3/><W112/><G108/><T17/><D124/><U94/><E71/><V59/><F101/><W57/><G112/><T65/><D65/><U69/><E69/><V75/><F75/><W1/><G1/><T0/><D79/><U99/><E114/><V10/><F10/><W60/><G128/><T110/><D110/><U118/><E118/><V48/><F87/><W37/><G37/><T100/><D0/><U117/><E117/><V123/><F32/><W81/><G14/><N who="0" m="9527" /><D5/><U78/><E78/><V73/><F73/><W2/><G2/><T20/><D20/><U19/><E40/><AGARI ba="0,0" hai="8,9,40,47,51,85,88,93,95,97,100" m="9527" machi="40" ten="30,2000,0" yaku="8,1,54,1" doraHai="27" who="0" fromWho="1" sc="122,20,471,-20,315,0,92,0" /><INIT seed="6,0,0,1,3,117" ten="142,451,315,92" oya="2" hai0="41,67,119,5,98,91,107,126,134,66,30,6,108" hai1="82,13,48,23,49,62,43,59,15,8,21,35,71" hai2="39,60,29,16,2,65,101,133,11,4,111,18,70" hai3="131,88,112,61,104,74,12,25,118,17,120,56,9" shuffle="mt19937ar,7D34CB70,F04F1EF2,C2998C1D,5CC4D997,EF0F313F,F1433AEC,8D3BC06C,F95A6C0F"/><V52/><F39/><W7/><G118/><T68/><D119/><U36/><E35/><V28/><F111/><W93/><G104/><T86/><D108/><U54/><E15/><V109/><F109/><W37/><G37/><T47/><D126/><U97/><E36/><V72/><F72/><W89/><G131/><T87/><D134/><U132/><E71/><V77/><F77/><W80/><G112/><T84/><D30/><U3/><E3/><V27/><F133/><W55/><G120/><T94/><D107/><U50/><E43/><V38/><F38/><W40/><G40/><T114/><D114/><U95/><E82/><V75/><F75/><W130/><G130/><T100/><D100/><N who="1" m="60479" /><E132/><V85/><F29/><W105/><G105/><T115/><D115/><U10/><E10/><V69/><F69/><W128/><G128/><T106/><D106/><U42/><E42/><V113/><F113/><W20/><G89/><T78/><D78/><U34/><E34/><V58/><F101/><W63/><G74/><T73/><D73/><U127/><E127/><V24/><F85/><N who="3" m="50215" /><G93/><T123/><D68/><U46/><E46/><V44/><F44/><W26/><G26/><T32/><D32/><U124/><E124/><V83/><F83/><W121/><G121/><T81/><D123/><U103/><E103/><V53/><F24/><W45/><G45/><T92/><D81/><U90/><E90/><V76/><F76/><W64/><G64/><N who="0" m="24619" /><D94/><U102/><E102/><V31/><F31/><W57/><G57/><T116/><D116/><U125/><E125/><V110/><F110/><RYUUKYOKU ba="0,0" sc="142,10,451,10,315,-30,92,10" hai0="5,6,41,47,84,86,87,91,92,98" hai1="8,13,21,23,48,49,50,54,59,62" hai3="7,9,12,17,20,25,55,56,61,63" /><INIT seed="7,1,0,5,2,67" ten="152,461,285,102" oya="3" hai0="106,26,110,48,102,58,79,14,24,83,3,109,50" hai1="86,84,123,70,69,36,74,47,44,122,104,55,73" hai2="45,23,100,20,97,111,64,31,81,39,130,66,134" hai3="35,9,75,92,121,71,10,85,80,120,108,60,37" shuffle="mt19937ar,CA4276E2,81F7A704,FA454F26,04A00AB1,1ACCFD38,E9C9C182,51C35F31,EC0BC061"/><W18/><G37/><T30/><D3/><U63/><E63/><V29/><F111/><W7/><G108/><T90/><D90/><U56/><E56/><V57/><F134/><W34/><G75/><T87/><D110/><U32/><E55/><V46/><F130/><W40/><G92/><T125/><D109/><U59/><E59/><V124/><F124/><W77/><G40/><T127/><D14/><U82/><E82/><V6/><F6/><W21/><G34/><N who="0" m="20807" /><D26/><U16/><E16/><V116/><F116/><W117/><G35/><T107/><D58/><U128/><E104/><N who="0" m="39977" /><D102/><U1/><E36/><V28/><F39/><W42/><G42/><T61/><D61/><U72/><E72/><V2/><F2/><W54/><G117/><T135/><D135/><U91/><E32/><V12/><F12/><W112/><G112/><T62/><D62/><U4/><E1/><V33/><F33/><W118/><G118/><T51/><D51/><U89/><E4/><V93/><F81/><W103/><G103/><T43/><D43/><U113/><E113/><V131/><F131/><AGARI ba="1,0" hai="44,47,69,70,73,74,84,86,89,91,122,123,128,131" machi="131" ten="25,6400,0" yaku="22,2,52,2" doraHai="67" who="1" fromWho="2" sc="152,0,461,67,285,-67,102,0" owari="152,-25,528,63,218,2,102,-40" /></mjloggm>