<mjloggm ver="2.3"><GO type="185"/><UN n0="%E3%81%A8%E3%81%8A%E3%82%8B%53%43%31" n1="%E4%B8%89%E7%94%B0%E6%9D%91%E8%8C%9C" n2="%E3%81%9F%E3%82%80%E3%81%A8%E3%83%BC" n3="" dan="16,17,16,0" rate="2086,2215,2097,1500" sx="M,F,M,C"/><TAIKYOKU oya="0"/><INIT seed="0,0,0,1,0,90" ten="350,350,350,0" oya="0" hai0="95,100,81,131,75,57,47,60,120,45,55,77,127" hai1="37,134,59,115,91,71,121,65,40,103,123,117,80" hai2="79,51,97,82,102,125,96,98,56,133,69,106,132" hai3="" shuffle="mt19937ar,39D7F283,825DF800,3865FBE0,D86237A0,74514BF4,20E33641,6164F25E,E22ABB03"/><T68/><N who="0" m="30752" /><T110/><D131/><U119/><N who="1" m="31008" /><U118/><N who="1" m="31520" /><U52/><E115/><V99/><F69/><T113/><D113/><U88/><E103/><V61/><F51/><T94/><D127/><U70/><E134/><N who="2" m="51819" /><F56/><T101/><D110/><U50/><E80/><V62/><F125/><T114/><D114/><U53/><E53/><V2/><F2/><T72/><D72/><AGARI ba="0,0" hai="61,62,72,79,82,96,97,98,99,102,106" m="51819" machi="72" ten="30,1000,0" yaku="20,1" doraHai="90" who="2" fromWho="0" sc="350,-10,350,0,350,10,0,0" /><INIT seed="1,0,0,4,4,112" ten="340,350,360,0" oya="1" hai0="0,1,33,64,129,2,79,39,90,32,113,81,74" hai1="125,127,80,51,110,132,126,84,35,85,41,135,131" hai2="87,89,69,117,52,130,124,114,37,97,68,53,63" hai3="" shuffle="mt19937ar,2176B387,6706BED5,53A1F15C,FB1AF944,E5888C71,3788ADA0,59ABFE2C,7D8FF18A"/><U71/><E35/><V55/><F114/><T111/><D113/><U47/><E71/><V72/><F72/><T59/><D39/><U95/><E110/><V104/><F124/><T93/><D111/><U119/><E119/><V82/><F130/><T58/><D129/><U106/><E106/><V48/><F37/><T36/><D36/><U92/><E131/><V91/><F117/><T100/><D100/><U116/><E116/><V44/><F63/><T61/><REACH who="0" step="1"/><D59/><REACH who="0" step="2"/><U49/><E125/><V45/><F68/><T43/><D43/><U56/><E56/><V62/><F69/><T70/><D70/><U46/><E41/><V101/><F44/><T65/><D65/><U38/><E38/><V86/><REACH who="2" step="1"/><F62/><REACH who="2" step="2"/><T108/><D108/><U96/><E127/><V77/><F77/><T98/><AGARI ba="0,2" hai="0,1,2,32,33,58,61,64,74,79,81,90,93,98" machi="98" ten="30,3000,0" yaku="1,1,0,1,53,1" doraHai="112" doraHaiUra="107" who="0" fromWho="0" sc="330,50,350,-20,350,-10,0,0" /><INIT seed="2,0,0,2,5,81" ten="380,330,340,0" oya="2" hai0="100,124,83,119,0,38,125,92,68,96,123,66,53" hai1="88,120,76,110,69,95,80,90,50,48,2,129,64" hai2="133,134,116,91,56,61,112,46,107,75,113,122,108" hai3="" shuffle="mt19937ar,E5B6ED9D,D8E5BB74,993EF183,7C5EC121,05AB0662,1E60975C,F0614F7F,6FD97064"/><V84/><F75/><T87/><N who="0" m="31520" /><T35/><D119/><U37/><N who="1" m="30752" /><U73/><E2/><V94/><F116/><T63/><D38/><U59/><E37/><V40/><F107/><T62/><D0/><U132/><E132/><N who="2" m="50795" /><F108/><T71/><D35/><U135/><E135/><V47/><N who="2" m="31264" /><V78/><F78/><T54/><D71/><U131/><E110/><V39/><F46/><T74/><D74/><U128/><E69/><V72/><F72/><T49/><D63/><U106/><E106/><V97/><F97/><T51/><D49/><N who="1" m="19051" /><E95/><V36/><F36/><T70/><D70/><U101/><E101/><V118/><F118/><T117/><D117/><U43/><E43/><V60/><F60/><AGARI ba="0,0" hai="59,60,64,73,76,80,88,90,128,129,131" m="19051,30752" machi="60" ten="40,5200,0" yaku="19,1,52,1,54,1" doraHai="81" who="1" fromWho="2" sc="380,0,330,52,340,-52,0,0" /><INIT seed="4,0,0,2,1,71" ten="380,382,288,0" oya="0" hai0="112,59,47,35,82,44,86,84,109,64,108,96,132" hai1="117,40,63,3,124,69,2,100,130,52,68,120,101" hai2="85,133,36,99,125,70,87,97,128,76,62,53,48" hai3="" shuffle="mt19937ar,CCA8FB8D,953A27ED,83F3F058,456D1BCB,02217CB9,CD8251C8,EBF16038,13EB44B7"/><T121/><N who="0" m="31008" /><T51/><D35/><U135/><N who="1" m="30752" /><U105/><E117/><V60/><F128/><T66/><D112/><U115/><E115/><V94/><F133/><T45/><D132/><U93/><E135/><V107/><F125/><T38/><D38/><U46/><E105/><V1/><F1/><T61/><D96/><U106/><E106/><V129/><F129/><T116/><D116/><U134/><E124/><V79/><F36/><T122/><N who="0" m="31264" /><T92/><D92/><U50/><E130/><V81/><F107/><T56/><D66/><U83/><E83/><V73/><F70/><T78/><REACH who="0" step="1"/><D84/><REACH who="0" step="2"/><U118/><E134/><V58/><F97/><T49/><D49/><U88/><E118/><V0/><F0/><T39/><D39/><U72/><E2/><V98/><F98/><T55/><AGARI ba="0,1" hai="44,45,47,51,55,56,59,61,64,78,82,86,108,109" m="31264,31008" machi="55" ten="30,8000,1" yaku="1,1,0,1,52,2,53,1" doraHai="71" doraHaiUra="77" who="0" fromWho="0" sc="370,90,382,-40,288,-40,0,0" /><INIT seed="4,1,0,1,0,85" ten="460,342,248,0" oya="0" hai0="65,57,41,112,118,60,108,116,101,78,63,81,34" hai1="72,1,115,130,96,104,117,62,36,119,38,126,132" hai2="67,39,59,113,51,73,88,75,50,106,45,82,111" hai3="" shuffle="mt19937ar,D0B2E88D,D01ABC7E,E8D2AA28,49C2414C,E847A24A,9128B9C6,92E80598,7C58E930"/><T90/><D34/><U37/><RYUUKYOKU type="yao9" ba="1,0" sc="460,0,342,0,248,0,0,0" hai1="1,36,37,38,62,72,96,104,115,117,119,126,130,132" /><INIT seed="4,2,0,1,2,92" ten="460,342,248,0" oya="0" hai0="33,95,63,105,108,47,76,52,99,0,107,36,126" hai1="66,50,67,89,101,109,58,132,56,65,124,106,49" hai2="53,116,129,54,73,131,135,60,122,45,32,38,81" hai3="" shuffle="mt19937ar,A0E6EECB,444D1856,E82B9AC1,227D6751,CB82D276,4BECC391,5F6CF001,BD1F7214"/><T85/><D0/><U94/><E109/><V128/><F32/><T37/><D33/><U79/><E132/><V130/><N who="2" m="31264" /><V84/><F73/><T57/><D108/><U91/><E124/><V120/><N who="2" m="30752" /><V96/><F135/><T62/><D126/><U64/><E79/><V110/><F110/><T74/><D74/><U48/><E106/><V78/><F116/><T59/><D47/><U46/><E46/><V100/><N who="2" m="32768" /><DORA hai="88" /><V72/><F72/><T69/><D69/><U97/><N who="1" m="16384" /><DORA hai="111" /><U51/><N who="1" m="12288" /><DORA hai="1" /><U123/><N who="1" m="31520" /><U71/><REACH who="1" step="1"/><E71/><REACH who="1" step="2"/><V90/><F78/><T125/><D125/><U133/><E133/><V118/><F118/><T40/><D107/><U98/><E98/><V35/><F35/><T44/><D105/><U70/><E70/><V86/><F86/><T77/><D77/><U55/><E55/><V43/><REACH who="2" step="1"/><F60/><REACH who="2" step="2"/><T87/><D76/><U83/><E83/><V119/><F119/><T112/><D63/><U41/><E41/><V104/><AGARI ba="2,2" hai="38,43,45,53,54,81,84,90,96,100,104" m="32768,30752,31264" machi="104" ten="60,9000,2" yaku="1,1,0,1,19,1,52,3,53,1" doraHai="92,88,111,1" doraHaiUra="115,61,80,75" who="2" fromWho="2" sc="460,-62,332,-32,238,114,0,0" /><INIT seed="5,0,0,5,5,115" ten="398,300,352,0" oya="1" hai0="66,126,81,2,39,76,119,67,79,105,123,43,61" hai1="128,111,124,35,106,98,54,33,41,103,56,48,72" hai2="133,99,131,0,97,49,110,3,70,80,100,44,84" hai3="" shuffle="mt19937ar,46D85EEE,A432CA54,F08C23A8,A583359C,38AD2FF7,A6C716E8,1B332009,E62C48F2"/><U117/><E111/><V73/><F70/><T51/><N who="0" m="31520" /><T104/><D2/><U95/><E72/><V83/><F110/><T78/><D126/><U88/><E124/><V89/><F131/><T109/><D109/><U132/><E132/><V42/><F133/><T68/><D39/><U135/><E135/><V90/><F97/><T94/><D67/><U113/><E113/><V40/><F40/><T108/><D108/><U65/><E128/><V82/><F73/><T122/><N who="0" m="31264" /><T125/><D125/><U59/><E117/><V112/><F112/><T93/><D81/><U37/><E65/><V64/><F64/><T75/><D75/><U101/><E59/><V134/><F134/><T120/><N who="0" m="30752" /><T47/><REACH who="0" step="1"/><D119/><REACH who="0" step="2"/><U57/><E33/><V34/><F34/><T116/><D116/><U50/><E35/><V58/><F0/><T63/><D63/><U91/><E106/><AGARI ba="0,1" hai="43,47,51,61,66,68,76,78,79,93,94,104,105,106" m="30752,31264,31520" machi="106" ten="40,8000,1" yaku="1,1,52,3,53,0" doraHai="115" doraHaiUra="69" who="0" fromWho="1" sc="388,90,300,-80,352,0,0,0" /><INIT seed="6,0,0,1,2,102" ten="478,220,352,0" oya="2" hai0="37,74,132,67,41,134,53,66,98,61,79,33,52" hai1="115,82,47,72,35,90,133,123,77,83,76,42,32" hai2="39,105,57,122,85,34,120,88,75,113,62,91,92" hai3="" shuffle="mt19937ar,4D135F2A,9E6A13D6,C5A95428,4E2AFD69,408448ED,906D0D2D,ED82BD7C,DEE6F64D"/><V104/><F34/><T96/><D33/><U78/><N who="1" m="31520" /><U81/><E115/><V63/><N who="2" m="30752" /><V0/><F0/><T106/><D79/><U44/><E32/><V109/><N who="2" m="31264" /><V55/><F113/><T54/><D74/><U131/><E35/><V86/><F75/><T84/><D84/><U51/><E72/><V129/><F39/><T70/><D67/><U43/><E131/><V108/><F129/><T65/><D65/><U45/><E133/><N who="0" m="51305" /><D106/><U46/><E90/><V97/><F62/><T124/><D124/><U107/><REACH who="1" step="1"/><E43/><REACH who="1" step="2"/><V101/><REACH who="2" step="1"/><F104/><AGARI ba="0,1" hai="42,44,45,46,47,51,76,77,78,81,82,83,104,107" m="31520" machi="104" ten="50,12000,2" yaku="1,1,2,1,29,2,52,3,53,0" doraHai="102" doraHaiUra="112" who="1" fromWho="2" sc="478,0,210,130,352,-120,0,0" owari="478,43,340,-6,232,-37,0,0" /></mjloggm>