<mjloggm ver="2.3"><GO type="225"/><UN n0="%E3%83%80%E3%83%A0%E3%83%9E%E3%83%8B%E3%82%A2" n1="%23%37%34%E5%A4%A7%E6%B2%BB%E9%83%8E" n2="%E6%A1%9C%E4%BA%95%E3%82%A2%E3%82%BD%E3%82%B3" n3="%E5%BE%85%E3%81%A1%E3%81%A8%E3%82%89%E3%81%9A" dan="16,16,16,16" rate="2142,2068,2072,2048" sx="M,M,M,M"/><TAIKYOKU oya="0"/><INIT seed="0,0,0,3,1,88" ten="250,250,250,250" oya="0" hai0="1,5,18,103,59,41,42,34,81,118,112,22,117" hai1="49,57,54,67,95,134,26,72,29,38,97,10,89" hai2="11,50,39,110,71,86,78,8,79,9,102,129,114" hai3="70,0,115,131,132,58,128,68,61,100,77,120,47" shuffle="mt19937ar,2BFE16DF,C7FA22F9,7CF99693,E48B40BE,E3FAFEBE,EAD5A7DD,F2A22AAF,375912B6"/><T55/><D34/><U27/><E134/><V106/><F39/><W82/><G100/><T25/><D112/><U96/><E38/><V15/><F114/><W126/><G115/><T31/><D103/><U60/><E72/><V56/><F71/><W92/><G0/><T123/><D123/><U52/><E10/><N who="2" m="4203" /><F106/><W24/><G24/><T36/><D5/><U21/><E54/><N who="2" m="31831" /><F110/><W133/><G47/><T37/><D1/><U40/><E40/><V13/><F13/><W32/><G32/><T121/><D121/><U111/><E111/><V105/><F105/><W74/><G120/><T48/><D37/><U113/><E113/><V35/><F35/><W7/><G7/><T124/><D124/><U45/><E26/><V90/><F102/><W93/><G126/><T87/><D31/><U127/><E127/><V44/><F44/><W84/><G74/><T2/><D2/><U101/><E101/><V98/><F98/><AGARI ba="0,0" hai="21,27,29,45,49,52,57,60,67,89,95,96,97,98" machi="98" ten="30,7700,0" yaku="7,1,8,1,52,1,54,1" doraHai="88" who="1" fromWho="2" sc="250,0,250,77,250,-77,250,0" /><INIT seed="1,0,0,5,2,11" ten="250,327,173,250" oya="1" hai0="65,28,45,32,113,129,84,53,123,96,24,35,55" hai1="2,93,49,41,94,135,42,31,130,0,125,105,108" hai2="29,87,26,117,99,60,104,112,131,118,76,116,119" hai3="97,22,23,74,21,64,71,79,59,122,5,120,6" shuffle="mt19937ar,16A05E40,0DA4C956,2A461F00,1B8E8956,8884C0D0,2861BC5B,4D3B8D03,FB04224D"/><U43/><E105/><V62/><F112/><W109/><G71/><T16/><D123/><U4/><E135/><V128/><N who="2" m="30208" /><DORA hai="68" /><V14/><F14/><W110/><G79/><T132/><D132/><U8/><E130/><V66/><F87/><W12/><G97/><T10/><D129/><U103/><E125/><V19/><F19/><W114/><G74/><T124/><D124/><U89/><E0/><V30/><F62/><W70/><G70/><T13/><D65/><U48/><E108/><N who="3" m="41578" /><G114/><T107/><D113/><U134/><E134/><V78/><F128/><W77/><G77/><T72/><D72/><U36/><E36/><V15/><F15/><W126/><G126/><T57/><D84/><U133/><E133/><V37/><F37/><W98/><G98/><T90/><D35/><U54/><E54/><V18/><F131/><W52/><G64/><T100/><D90/><U91/><E31/><V83/><F83/><W39/><G39/><T25/><D25/><U67/><E67/><V3/><F78/><W111/><G111/><T1/><D1/><U44/><E103/><V101/><F76/><W61/><G6/><T9/><D55/><U38/><E38/><V69/><REACH who="2" step="1"/><F3/><REACH who="2" step="2"/><W106/><G122/><T40/><D45/><U121/><E121/><V58/><F58/><W56/><G120/><T95/><D57/><U34/><E44/><V46/><F46/><W88/><G59/><T127/><D16/><U75/><E75/><V115/><F115/><W27/><G12/><T73/><D127/><U50/><E2/><V82/><F82/><W17/><G17/><RYUUKYOKU ba="0,1" sc="250,-10,327,-10,163,30,250,-10" hai2="18,26,29,30,60,66,69,99,101,104" /><INIT seed="2,1,1,1,4,36" ten="240,317,193,240" oya="2" hai0="33,107,79,123,86,112,35,63,5,82,51,44,57" hai1="6,32,66,62,24,2,14,96,58,80,3,12,116" hai2="67,85,89,38,70,64,93,99,59,19,119,9,84" hai3="13,98,60,1,17,77,104,40,28,27,109,125,69" shuffle="mt19937ar,9C992031,334E8F91,D09E7493,4E365BF9,A4FE6FF5,58D713FE,4306E89A,8B3CC90A"/><V91/><F119/><W65/><G109/><T87/><D107/><U124/><E116/><V23/><F70/><W71/><G125/><T117/><D123/><U113/><E124/><V76/><F38/><W47/><G1/><T61/><D117/><U26/><E113/><V68/><F68/><W73/><G71/><T128/><D112/><U43/><E80/><N who="2" m="47111" /><F9/><W120/><G120/><T49/><D128/><U97/><E32/><V20/><F20/><W30/><G77/><T118/><D118/><U8/><E2/><V126/><F126/><W88/><G73/><T31/><D31/><U48/><E3/><V103/><F59/><W56/><G69/><T41/><D87/><U102/><E12/><N who="2" m="9703" /><F103/><W72/><G72/><T37/><D37/><U90/><E90/><V114/><F114/><W21/><G104/><T52/><REACH who="0" step="1"/><D5/><REACH who="0" step="2"/><U101/><E6/><V22/><F22/><N who="3" m="11567" /><G30/><T108/><D108/><U133/><E97/><V105/><F105/><W131/><G131/><T81/><D81/><AGARI ba="1,2" hai="64,67,81,85,89,91,93,99" m="9703,47111" machi="81" ten="30,1500,0" yaku="8,1" doraHai="36" who="2" fromWho="0" sc="230,-18,317,0,193,38,240,0" /><INIT seed="2,2,0,4,3,92" ten="212,317,231,240" oya="2" hai0="26,83,14,24,98,104,72,43,120,77,107,135,95" hai1="63,124,12,23,126,2,30,3,4,133,128,29,62" hai2="96,25,7,15,21,127,102,89,114,105,85,68,39" hai3="125,5,112,99,60,46,88,108,34,81,9,109,8" shuffle="mt19937ar,2F08011F,E3F6075F,6D676622,44EE9E93,F84F6E36,19C48D9D,66CFB63F,89AFB0DA"/><V84/><F39/><W80/><G34/><T71/><D71/><U129/><E63/><V131/><F68/><W134/><G112/><T40/><D120/><U18/><E62/><V123/><F123/><W31/><G134/><T100/><D135/><U118/><E133/><V76/><F114/><W86/><G31/><N who="1" m="11786" /><E118/><V19/><F127/><N who="1" m="48681" /><E4/><V115/><F115/><W93/><G125/><T45/><D14/><U33/><E33/><V70/><F70/><W65/><G46/><T78/><D78/><U51/><E51/><V59/><F131/><AGARI ba="2,0" hai="2,3,12,18,23,128,129,131" m="48681,11786" machi="131" ten="30,7700,0" yaku="19,1,18,1,34,2" doraHai="92" who="1" fromWho="2" sc="212,0,317,83,231,-83,240,0" /><INIT seed="3,0,0,5,4,15" ten="212,400,148,240" oya="3" hai0="95,66,62,37,69,70,89,60,48,126,7,93,9" hai1="77,14,47,52,33,49,26,107,83,110,97,28,43" hai2="34,63,11,84,96,68,53,61,130,120,1,104,127" hai3="45,114,31,19,41,36,115,30,92,102,100,50,79" shuffle="mt19937ar,5EC60476,A4BC53E0,36639668,CC669125,A1D4AD1B,DC14C287,772A473E,735A45CC"/><W117/><G117/><T58/><D37/><U73/><E110/><V42/><F127/><W82/><G36/><T64/><D126/><U40/><E107/><V125/><F125/><W18/><G115/><T12/><D48/><U99/><E40/><V90/><F130/><W65/><G65/><T109/><D109/><U105/><E105/><V88/><F120/><W116/><G116/><T121/><D121/><U75/><E75/><V132/><F132/><W6/><G6/><T13/><D58/><U16/><E43/><V51/><F42/><W85/><G114/><T129/><D129/><U122/><E122/><V118/><F118/><W76/><G79/><T5/><D89/><U78/><E77/><V8/><F34/><W0/><G0/><T32/><D32/><U123/><E123/><V54/><F1/><W135/><G135/><T24/><D24/><U10/><AGARI ba="0,0" hai="10,14,16,26,28,33,47,49,52,73,78,83,97,99" machi="10" ten="20,8000,1" yaku="0,1,7,1,52,1,54,2" doraHai="15" who="1" fromWho="1" sc="212,-20,400,80,148,-20,240,-40" owari="192,-16,480,48,128,-27,200,-5" /></mjloggm>