<mjloggm ver="2.3"><GO type="225"/><UN n0="%E3%83%80%E3%83%A0%E3%83%9E%E3%83%8B%E3%82%A2" n1="%E9%9B%AA%E5%9B%BD%E8%82%B2%E3%81%A1" n2="%E3%83%81%E3%83%A3%E3%82%AA%E3%83%AA" n3="%E3%81%BF%E3%81%A3%E3%81%A4%E3%81%83%EF%BD%9E" dan="16,17,17,17" rate="2140,2122,2119,2168" sx="M,M,M,F"/><TAIKYOKU oya="0"/><INIT seed="0,0,0,2,1,97" ten="250,250,250,250" oya="0" hai0="70,93,69,125,65,116,84,95,119,39,56,96,83" hai1="128,7,58,13,52,78,63,126,79,44,135,89,49" hai2="102,57,122,61,113,133,110,68,118,55,15,90,54" hai3="105,123,94,99,92,8,82,22,27,121,51,33,46" shuffle="mt19937ar,2753A1CE,947E1DDE,47D463C3,D8C8B305,AD2A2F5F,05559089,56A03E59,036FC5A4"/><T85/><D39/><U47/><E126/><V5/><F113/><W35/><G105/><T77/><D56/><U114/><E114/><V38/><F38/><W64/><G64/><T19/><D65/><U45/><E128/><V103/><F122/><N who="3" m="46603" /><G8/><T73/><D19/><U120/><E135/><V37/><F37/><W23/><G82/><T50/><D50/><U111/><E111/><V2/><F2/><W129/><G129/><T109/><D69/><U20/><E120/><V67/><F110/><W48/><G23/><T81/><D70/><U75/><E75/><V10/><F133/><W31/><G51/><T59/><D59/><U132/><E132/><V14/><F118/><N who="0" m="45098" /><D109/><U3/><E3/><V98/><F15/><W26/><G26/><T42/><D42/><U62/><E89/><V76/><F76/><N who="1" m="29225" /><E20/><V11/><F11/><AGARI ba="0,0" hai="7,11,13,44,45,47,49,52,58,62,63" m="29225" machi="11" ten="30,2000,0" yaku="8,1,54,1" doraHai="97" who="1" fromWho="2" sc="250,0,250,20,250,-20,250,0" /><INIT seed="1,0,0,1,5,60" ten="250,270,230,250" oya="1" hai0="135,78,53,66,46,8,17,6,92,54,52,7,97" hai1="83,73,29,94,49,85,62,19,80,26,117,87,79" hai2="126,84,71,104,108,18,107,34,42,69,93,1,10" hai3="89,72,61,74,56,128,127,111,65,90,130,86,30" shuffle="mt19937ar,2EC42FC3,870CAEFA,86E0F7D7,CB9FF045,FA3A96BF,74799A8C,5E6BE4B8,BF90DF9E"/><U55/><E117/><V106/><F34/><W22/><G111/><T12/><D78/><U9/><E94/><V88/><F108/><W112/><G112/><T28/><D28/><U114/><E114/><V5/><F126/><W0/><G0/><T101/><D135/><U44/><E62/><V110/><F110/><W75/><G127/><T102/><D102/><U116/><E116/><V45/><REACH who="2" step="1"/><F18/><REACH who="2" step="2"/><W33/><G33/><T15/><D46/><U11/><E19/><V16/><F16/><W125/><G125/><T38/><D38/><AGARI ba="0,1" hai="1,5,10,38,42,45,69,71,84,88,93,104,106,107" machi="38" ten="40,2600,0" yaku="1,1,54,1,53,0" doraHai="60" doraHaiUra="31" who="2" fromWho="0" sc="250,-26,270,0,220,36,250,0" /><INIT seed="2,0,0,2,0,37" ten="224,270,256,250" oya="2" hai0="79,55,1,41,36,73,32,34,20,18,76,8,6" hai1="45,53,120,85,83,10,23,134,40,42,38,24,70" hai2="33,87,58,39,89,46,119,123,129,99,60,91,125" hai3="118,72,48,114,94,0,27,28,127,52,96,7,117" shuffle="mt19937ar,B65E72AD,A6265963,19CDF327,9EA29EE6,58EDEE34,FF3915C8,26220564,D79F7377"/><V101/><F119/><W13/><G72/><T90/><D90/><U77/><E134/><V75/><F75/><W128/><G0/><T4/><D4/><U44/><E70/><V74/><F74/><W2/><G2/><T103/><D103/><U3/><E120/><V108/><F123/><W130/><G114/><T132/><D55/><U31/><E53/><V68/><F68/><W71/><G71/><T22/><D132/><U16/><E3/><V67/><F33/><W93/><G13/><T50/><D50/><U121/><E121/><V97/><F129/><N who="3" m="49771" /><G7/><T47/><D79/><U5/><E5/><V56/><F125/><W81/><G81/><N who="0" m="45199" /><D22/><U84/><E84/><V126/><F126/><W11/><G11/><T82/><D82/><U98/><E98/><V9/><F9/><W86/><G86/><T64/><D64/><U95/><E95/><N who="3" m="36362" /><G96/><T29/><D29/><U26/><E10/><V104/><F99/><W14/><G14/><AGARI ba="0,0" hai="1,6,8,14,18,20,32,34,36,41,47" m="45199" machi="14" ten="30,2000,0" yaku="25,1,52,1" doraHai="37" who="0" fromWho="3" sc="224,20,270,0,256,0,250,-20" /><INIT seed="3,0,0,0,0,131" ten="244,270,256,230" oya="3" hai0="78,80,12,60,129,13,61,63,88,95,120,18,55" hai1="0,111,117,33,133,85,87,132,1,20,90,114,102" hai2="75,54,65,16,14,110,101,128,73,43,44,27,59" hai3="94,26,53,42,71,100,81,98,72,51,10,48,62" shuffle="mt19937ar,EDD1A490,B40424F3,42EE3308,56E7CFAA,AABC217E,CEE11C9B,6D9B9F36,DFEDE58F"/><W104/><G42/><T112/><D120/><U67/><E33/><V123/><F128/><W86/><G10/><T68/><D129/><U6/><E114/><V109/><F123/><W83/><G83/><T29/><D29/><U11/><E117/><V92/><F27/><W126/><G126/><T56/><D68/><U24/><E102/><V57/><F65/><W21/><G71/><T47/><D47/><U106/><E106/><V116/><F116/><W77/><G53/><T84/><D112/><U108/><E67/><V25/><F25/><W82/><G62/><T36/><D36/><U66/><E66/><V93/><F75/><W37/><G37/><T89/><D89/><U30/><E1/><V45/><F73/><W74/><G74/><T9/><REACH who="0" step="1"/><D13/><REACH who="0" step="2"/><U118/><E118/><V127/><F127/><W40/><G40/><T17/><D17/><U135/><E87/><AGARI ba="0,1" hai="9,12,18,55,56,60,61,63,78,80,84,87,88,95" machi="87" ten="30,8000,1" yaku="1,1,7,1,8,1,54,1,53,1" doraHai="131" doraHaiUra="50" who="0" fromWho="1" sc="234,90,270,-80,256,0,230,0" owari="324,32,190,-21,256,1,230,-12" /></mjloggm>