<mjloggm ver="2.3"><GO type="225"/><UN n0="%E6%9C%A7%E5%A4%8F%E6%9C%88" n1="%73%69%64%65" n2="%E3%81%B6%E3%81%A3%E3%81%A8%E3%81%B3%E4%BE%8D" n3="%E3%82%AF%E3%83%AB%E3%83%AB%E2%98%86" dan="17,17,16,16" rate="2139,2095,2072,2036" sx="M,M,M,F"/><TAIKYOKU oya="0"/><INIT seed="0,0,0,2,2,38" ten="250,250,250,250" oya="0" hai0="126,133,51,93,134,106,15,129,116,55,10,46,20" hai1="108,109,50,128,104,101,17,48,30,1,118,90,123" hai2="121,41,82,56,11,8,45,6,76,19,59,16,24" hai3="96,35,58,127,39,29,47,53,105,102,43,31,122" shuffle="mt19937ar,6E79FFCF,7EB08EBF,E2940439,A731FC91,5D318746,99FBFA6A,C9558226,DB743F6C"/><T98/><D116/><U94/><E118/><V84/><F121/><W21/><G122/><T111/><D106/><U22/><E123/><V112/><F112/><W61/><G35/><T28/><D129/><U135/><E1/><V103/><F103/><W125/><REACH who="3" step="1"/><G21/><REACH who="3" step="2"/><T52/><D134/><U115/><E22/><N who="2" m="13383" /><F6/><W23/><G23/><T9/><D133/><U42/><E135/><V26/><F26/><W27/><G27/><N who="0" m="16487" /><D126/><AGARI ba="0,1" hai="29,31,39,43,47,53,58,61,96,102,105,125,126,127" machi="126" ten="40,5200,0" yaku="1,1,18,1,52,1,53,0" doraHai="38" doraHaiUra="114" who="3" fromWho="0" sc="250,-52,250,0,250,0,240,62" /><INIT seed="1,0,0,2,4,87" ten="198,250,250,302" oya="1" hai0="119,112,55,24,42,71,51,109,123,106,6,125,21" hai1="66,18,75,135,92,90,68,105,127,7,118,59,46" hai2="98,36,35,5,65,53,120,114,37,23,63,97,104" hai3="1,129,19,29,48,26,101,28,4,103,54,45,134" shuffle="mt19937ar,082B42E0,DE3DA962,3E66B69C,8DC54923,EA776DB1,2F1AC19C,C242D671,46B78302"/><U102/><E68/><V2/><F120/><W13/><G1/><T117/><D106/><U33/><E33/><V60/><F23/><W77/><G129/><T27/><D112/><U85/><E118/><V124/><F114/><W111/><G111/><T76/><D109/><U100/><E75/><V40/><F35/><W107/><G134/><T31/><D71/><U78/><E135/><V133/><F133/><W9/><G77/><T130/><D130/><U58/><E78/><V52/><F40/><W132/><G132/><T94/><D123/><U50/><E7/><V84/><F84/><W93/><G107/><T131/><D131/><U122/><E122/><V121/><F121/><W38/><G38/><T30/><D42/><U34/><E34/><V91/><F5/><W126/><G126/><T39/><D39/><U41/><E127/><V20/><F20/><N who="3" m="13599" /><G103/><N who="1" m="39466" /><E105/><V61/><F104/><W67/><G67/><T83/><D125/><U96/><E66/><V3/><F65/><W64/><G64/><T128/><D6/><U47/><E47/><V14/><F124/><W88/><G101/><T69/><D69/><U44/><E44/><V79/><F36/><W116/><G116/><T56/><D128/><U115/><E115/><V32/><F37/><W49/><G48/><T43/><D119/><U70/><E70/><V95/><F3/><W11/><G11/><T12/><D117/><U74/><E74/><V80/><F2/><W0/><G0/><T73/><D51/><U81/><E18/><V108/><F108/><W15/><G15/><T16/><D73/><U110/><E110/><RYUUKYOKU ba="0,0" sc="198,-15,250,15,250,-15,302,15" hai1="41,46,50,58,59,81,85,90,92,96" hai3="4,9,13,28,29,45,49,54,88,93" /><INIT seed="1,1,0,0,2,62" ten="183,265,235,317" oya="1" hai0="97,25,74,125,42,84,115,80,126,58,124,41,29" hai1="50,99,39,78,91,82,101,96,22,122,106,88,60" hai2="117,70,118,0,76,34,135,130,67,17,116,61,47" hai3="69,111,11,103,55,79,134,4,112,113,31,12,89" shuffle="mt19937ar,04B077F1,CB7AA2B8,652AA3B7,7762E7CC,BCEB44E5,06DB3D4E,85D55C4E,2F21EFDB"/><U81/><E39/><V5/><F17/><W94/><G103/><T64/><D74/><U28/><E122/><V120/><F120/><W18/><G79/><T49/><D97/><U66/><E50/><V100/><F76/><W53/><G31/><T108/><D115/><U133/><E133/><V52/><F135/><W129/><G134/><T26/><D108/><U98/><E106/><V9/><F100/><W73/><G73/><T2/><D2/><U7/><E7/><V85/><F85/><W32/><G32/><T105/><D105/><U3/><E3/><V110/><F34/><W51/><G111/><T37/><D37/><U24/><E101/><V54/><F110/><W95/><G129/><T16/><D29/><U87/><REACH who="1" step="1"/><E81/><REACH who="1" step="2"/><V48/><REACH who="2" step="1"/><F130/><REACH who="2" step="2"/><W121/><G121/><T1/><D125/><U93/><E93/><V27/><F27/><W68/><G95/><T57/><D26/><U35/><E35/><V40/><AGARI ba="1,2" hai="0,5,9,40,47,48,52,54,61,67,70,116,117,118" machi="40" ten="30,7900,0" yaku="1,1,0,1,52,1,54,1,53,0" doraHai="62" doraHaiUra="131" who="2" fromWho="2" sc="183,-21,255,-40,225,102,317,-21" /><INIT seed="2,0,0,0,2,116" ten="162,215,327,296" oya="2" hai0="52,61,71,15,67,73,48,19,4,123,128,53,27" hai1="58,96,86,13,98,34,39,135,57,38,122,117,89" hai2="40,129,127,20,109,92,55,8,45,16,32,66,103" hai3="105,126,23,0,91,108,120,106,14,64,87,88,31" shuffle="mt19937ar,755DB62B,829BF10E,634F7E6F,9D5A16C4,0D7E223C,762753F4,54A2F5E7,29DD1D82"/><V56/><F32/><W83/><G0/><T125/><D73/><U60/><E34/><V134/><F134/><W78/><G64/><T28/><D128/><U63/><E117/><V118/><F118/><W133/><G31/><T69/><D125/><U114/><E114/><V35/><F35/><W36/><G36/><T111/><D111/><U6/><E135/><V94/><F66/><W110/><G133/><T119/><D119/><U54/><E39/><V131/><F8/><W46/><G46/><T10/><D71/><U70/><E38/><N who="2" m="21655" /><F103/><W79/><G23/><T26/><D123/><U75/><E75/><V93/><F127/><W43/><G14/><T7/><D53/><U90/><E70/><V47/><F47/><W113/><G43/><T12/><D28/><U18/><E6/><V50/><F109/><N who="3" m="42091" /><G126/><T51/><D51/><U101/><E101/><V95/><F95/><W130/><G113/><T115/><D115/><U82/><E90/><N who="3" m="34346" /><G78/><T74/><D7/><U37/><E37/><V124/><F94/><W80/><G80/><T41/><D41/><U42/><E42/><V72/><F124/><W121/><G130/><N who="2" m="49673" /><F72/><W97/><G97/><T85/><D74/><U33/><E33/><V1/><F1/><W100/><G100/><T81/><D4/><U30/><E98/><V3/><F3/><W62/><G62/><T107/><D61/><U44/><E96/><V76/><F76/><W112/><G112/><T132/><D132/><U102/><E63/><V99/><F99/><W17/><G17/><T77/><D67/><U84/><E60/><V24/><AGARI ba="0,0" hai="16,20,24,50,55,56,92,93" m="49673,21655" machi="24" ten="30,6000,0" yaku="5,1,19,1,54,1" doraHai="116" who="2" fromWho="2" sc="162,-20,215,-20,327,60,296,-20" /><INIT seed="2,1,0,0,2,70" ten="142,195,387,276" oya="2" hai0="32,41,36,34,43,128,14,117,97,76,89,134,57" hai1="115,72,118,85,22,127,31,112,40,66,108,102,63" hai2="90,124,38,37,16,74,56,101,53,59,23,3,29" hai3="86,109,19,92,84,103,91,96,132,123,21,28,130" shuffle="mt19937ar,598652DB,467207B0,3DFAD983,19B1B9DD,DE81BB59,61A07EC8,2579A4EC,D371A398"/><V88/><F3/><W17/><G109/><T93/><D134/><U51/><E72/><V98/><F74/><W18/><G132/><T83/><D128/><U5/><E5/><V44/><F29/><W52/><G130/><T95/><D117/><U116/><E102/><V20/><F124/><W15/><G123/><T82/><D14/><U7/><E7/><V135/><F135/><W79/><G28/><T125/><D125/><U87/><E127/><V0/><F0/><W106/><G79/><T67/><D67/><U55/><E31/><V61/><F23/><W78/><G78/><T119/><D119/><U126/><E22/><V60/><F101/><W26/><G86/><T39/><D76/><U42/><E87/><V113/><F113/><N who="1" m="43593" /><E85/><V107/><F107/><W27/><G27/><T133/><D133/><U104/><E104/><V30/><F30/><W10/><G26/><T8/><D57/><N who="1" m="37231" /><E126/><V4/><F4/><W24/><G24/><T122/><D89/><U47/><E108/><V100/><F100/><W1/><G1/><T45/><D8/><U13/><E13/><V77/><F77/><W12/><G12/><T121/><D45/><N who="1" m="28143" /><E42/><V35/><F35/><W71/><G10/><T99/><AGARI ba="1,0" hai="32,34,36,39,41,43,82,83,93,95,97,99,121,122" machi="99" ten="25,8000,1" yaku="0,1,22,2,52,2" doraHai="70" who="0" fromWho="0" sc="142,83,195,-21,387,-41,276,-21" /><INIT seed="3,0,0,2,4,106" ten="225,174,346,255" oya="3" hai0="60,46,108,129,119,96,91,68,67,44,120,82,117" hai1="53,95,133,85,122,128,17,50,80,18,15,131,55" hai2="64,92,12,49,51,10,27,101,30,89,58,132,76" hai3="41,135,102,94,97,47,4,2,8,115,5,130,40" shuffle="mt19937ar,0C982341,B85345C8,CEE4D798,C67AEFE0,F9B1D176,0961DC75,836D0CA0,87EFCACB"/><W84/><G115/><T73/><D120/><U104/><E104/><V1/><F1/><W126/><G126/><T3/><D3/><U121/><E95/><V37/><F37/><W56/><G130/><N who="1" m="49706" /><E85/><V20/><F76/><W78/><G135/><T87/><D129/><U59/><E80/><V103/><F132/><W38/><G5/><T36/><D96/><U6/><E6/><N who="2" m="3159" /><F64/><W54/><G41/><T118/><D108/><U11/><E133/><V65/><F65/><W57/><REACH who="3" step="1"/><G54/><REACH who="3" step="2"/><T21/><D118/><U42/><E42/><V90/><F90/><W99/><G99/><T88/><D91/><U14/><E55/><N who="2" m="32111" /><F51/><W43/><G43/><T29/><D119/><U112/><E50/><V66/><F66/><W26/><G26/><T116/><D117/><U28/><E53/><V45/><F45/><W83/><AGARI ba="0,1" hai="2,4,8,38,40,47,56,57,78,83,84,94,97,102" machi="83" ten="30,6000,0" yaku="1,1,0,1,53,1" doraHai="106" doraHaiUra="71" who="3" fromWho="3" sc="225,-20,174,-20,346,-20,245,70" /><INIT seed="3,1,0,0,4,101" ten="205,154,326,315" oya="3" hai0="57,30,89,9,29,4,97,38,96,3,123,80,32" hai1="34,73,61,40,26,121,83,10,105,99,7,127,71" hai2="37,84,59,124,17,42,70,132,43,87,135,65,51" hai3="53,6,58,12,47,55,102,122,49,31,77,64,60" shuffle="mt19937ar,506F7C07,043D3963,80EF5CBE,78520E32,0F250873,612BAA46,32C53564,DAA2DD12"/><W18/><G122/><T116/><D123/><U108/><E121/><V45/><F124/><W90/><G6/><T22/><D38/><U112/><E40/><V50/><F17/><W46/><G31/><T133/><D116/><U28/><E127/><V72/><F72/><W106/><G77/><T35/><D133/><N who="2" m="51274" /><F70/><W114/><G114/><T119/><D119/><U15/><E112/><V79/><F37/><W125/><G125/><T76/><D22/><U129/><E129/><V78/><F65/><W67/><G106/><T14/><D3/><U95/><E108/><V91/><F87/><W21/><G102/><T100/><D35/><U27/><E27/><V86/><F84/><W68/><G68/><T39/><D39/><U111/><E111/><V13/><F13/><W69/><G69/><T2/><D2/><U104/><E73/><V33/><F33/><W115/><G115/><T75/><D32/><U63/><E83/><N who="2" m="49631" /><F59/><N who="3" m="33199" /><G90/><T36/><D36/><U8/><E8/><V54/><F54/><W113/><G113/><T92/><REACH who="0" step="1"/><D57/><REACH who="0" step="2"/><U19/><E7/><V62/><F62/><W94/><G94/><AGARI ba="1,1" hai="4,9,14,29,30,75,76,80,89,92,94,96,97,100" machi="94" ten="30,7700,0" yaku="1,1,2,1,7,1,53,1" doraHai="101" doraHaiUra="1" who="0" fromWho="3" sc="195,90,154,0,326,0,315,-80" owari="285,4,154,-25,326,32,235,-11" /></mjloggm>