<mjloggm ver="2.3"><GO type="225"/><UN n0="%E3%83%80%E3%83%A0%E3%83%9E%E3%83%8B%E3%82%A2" n1="%E4%BA%8C%E4%B8%89%E8%B5%A4%E4%BA%94%EF%BC%94%EF%BC%96%EF%BC%98" n2="%E3%83%A1%E3%82%BF%E3%83%95%E3%82%A1%E3%83%BC" n3="%6B%6F%67%65%70%61%6E" dan="16,16,16,16" rate="2141,2092,2062,2067" sx="M,M,M,M"/><TAIKYOKU oya="0"/><INIT seed="0,0,0,0,0,103" ten="250,250,250,250" oya="0" hai0="119,32,29,52,12,14,4,80,11,20,70,37,76" hai1="6,57,97,94,114,107,130,51,60,106,9,122,5" hai2="27,116,10,120,110,40,15,85,124,95,67,99,31" hai3="0,91,58,1,84,19,98,71,42,123,81,55,117" shuffle="mt19937ar,587BF8B6,E5769D78,C29D2F71,E07FE5A9,32C8BE5C,846BFB88,E70552EA,CE9F6CA8"/><T53/><D70/><U44/><E122/><V83/><F120/><W18/><G123/><T54/><D37/><U77/><E130/><V118/><F110/><W126/><G117/><T89/><D119/><U108/><E108/><V50/><F124/><W68/><G126/><T35/><D89/><U135/><E135/><V30/><F67/><W21/><G71/><T74/><REACH who="0" step="1"/><D12/><REACH who="0" step="2"/><U109/><E109/><V86/><F118/><W61/><G68/><T16/><D16/><U17/><E17/><V127/><F15/><W66/><G19/><T64/><D64/><U34/><E5/><V72/><F116/><W111/><G66/><T24/><AGARI ba="0,1" hai="4,11,14,20,24,29,32,35,52,53,54,74,76,80" machi="24" ten="30,6000,0" yaku="1,1,0,1,54,1,53,0" doraHai="103" doraHaiUra="38" who="0" fromWho="0" sc="240,70,250,-20,250,-20,250,-20" /><INIT seed="0,1,0,0,4,5" ten="310,230,230,230" oya="0" hai0="48,92,55,62,113,38,131,120,49,124,78,80,56" hai1="125,116,22,121,77,109,69,86,129,74,94,20,119" hai2="37,41,39,42,18,14,103,45,40,117,122,50,16" hai3="24,61,21,25,17,70,27,101,36,0,108,83,134" shuffle="mt19937ar,50E29FF2,4E24FB6D,54E3BB6E,43F076FE,F7022C7D,0F86A5EA,F0E61C89,C8DB0979"/><T76/><D38/><U95/><E69/><V98/><F122/><W44/><G0/><T26/><D120/><U110/><E121/><V31/><F31/><W34/><G108/><N who="1" m="41578" /><E22/><V128/><F128/><W115/><G115/><T10/><D113/><U43/><E20/><V99/><F117/><N who="1" m="45129" /><E43/><V84/><F84/><W13/><G34/><T127/><D131/><U30/><E30/><V82/><F82/><W57/><G70/><T15/><D26/><U133/><E129/><V29/><F29/><W118/><G27/><T46/><D48/><U132/><E74/><V105/><F99/><W7/><G25/><T1/><D1/><U87/><E125/><N who="0" m="48201" /><D92/><N who="1" m="35371" /><E77/><V64/><F39/><W51/><G36/><T93/><D93/><U89/><E89/><V68/><F37/><W23/><G24/><T114/><D114/><U72/><E72/><V79/><F79/><W97/><G118/><T33/><D33/><U71/><E71/><V66/><F68/><W90/><G90/><T35/><D35/><U6/><E6/><V9/><REACH who="2" step="1"/><F18/><REACH who="2" step="2"/><W60/><G17/><N who="0" m="8439" /><D80/><U28/><E28/><V53/><AGARI ba="1,1" hai="9,14,16,40,41,42,45,50,53,64,66,98,103,105" machi="53" ten="30,7900,0" yaku="1,1,0,1,52,1,54,1,53,0" doraHai="5" doraHaiUra="81" who="2" fromWho="2" sc="310,-40,230,-21,220,92,230,-21" /><INIT seed="1,0,0,2,2,45" ten="270,209,312,209" oya="1" hai0="92,38,123,93,113,9,26,66,126,78,74,104,111" hai1="39,68,79,114,19,90,50,101,85,67,83,134,95" hai2="87,31,55,103,49,36,127,110,86,130,32,80,115" hai3="120,57,14,23,11,13,131,64,117,41,118,54,107" shuffle="mt19937ar,E5C3E33E,C14801D2,64A7BFFF,1B88E50A,833B1EFB,7BD88F84,D0EBEFB0,BF9B6EE8"/><U62/><E114/><V18/><F115/><W27/><G120/><T96/><D104/><U97/><E134/><V133/><F36/><W63/><G107/><T72/><D38/><U69/><E39/><V28/><F133/><W73/><G73/><T6/><D66/><U116/><E116/><N who="3" m="44650" /><G131/><T16/><D123/><U20/><E68/><V40/><F40/><W8/><G41/><T124/><D113/><U76/><REACH who="1" step="1"/><E50/><REACH who="1" step="2"/><V77/><F49/><N who="3" m="30927" /><G8/><T47/><D9/><U121/><E121/><V51/><F130/><W3/><G11/><T48/><D6/><U56/><E56/><V91/><F51/><W81/><G3/><T33/><D48/><U15/><AGARI ba="0,1" hai="15,19,20,62,67,69,76,79,83,85,90,95,97,101" machi="15" ten="20,7800,0" yaku="1,1,0,1,7,1,53,1" doraHai="45" doraHaiUra="60" who="1" fromWho="1" sc="270,-26,199,88,312,-26,209,-26" /><INIT seed="1,1,0,2,2,35" ten="244,287,286,183" oya="1" hai0="86,123,125,62,109,79,19,64,95,87,0,6,13" hai1="74,49,116,53,60,83,112,34,30,75,10,20,73" hai2="14,27,113,80,43,55,2,63,61,39,121,129,59" hai3="133,110,31,104,107,17,42,128,92,56,91,68,1" shuffle="mt19937ar,C0EF0247,DC2E415C,762577D5,9D6C58B2,30CFDC44,C8C54F83,A32F72B5,7740F5CA"/><U108/><E112/><V130/><F121/><W28/><G68/><T122/><D123/><U46/><E116/><V100/><F113/><W38/><G31/><T78/><D122/><U22/><E108/><V33/><F100/><W119/><G28/><T67/><D109/><U120/><E120/><V52/><F2/><W15/><G1/><T47/><D47/><U5/><E60/><V16/><F80/><W105/><G110/><T85/><D95/><U117/><E117/><V93/><F93/><W97/><G119/><T21/><D125/><U45/><E45/><N who="2" m="23807" /><F27/><W71/><G71/><T7/><D6/><U96/><E96/><V12/><F33/><W131/><G42/><T51/><D51/><U8/><E8/><N who="2" m="6151" /><F14/><W3/><G3/><T81/><D79/><U29/><E83/><V48/><F55/><W90/><G38/><T134/><D134/><U76/><E76/><V36/><F36/><W24/><G133/><T111/><D111/><U66/><E66/><V106/><F106/><W72/><G72/><T99/><D99/><U41/><E41/><V124/><F124/><W84/><G24/><T54/><D54/><U32/><E30/><V70/><F63/><W11/><REACH who="3" step="1"/><G56/><REACH who="3" step="2"/><T94/><D0/><N who="1" m="295" /><E29/><V58/><F58/><W114/><G114/><T65/><D7/><U88/><E32/><V135/><F135/><W103/><G103/><T98/><D62/><U132/><E34/><V4/><F4/><W77/><G77/><T37/><D37/><U26/><E132/><V101/><F101/><AGARI ba="1,1" hai="13,19,21,64,65,67,78,81,85,86,87,94,98,101" machi="101" ten="40,1300,0" yaku="8,1" doraHai="35" who="0" fromWho="2" sc="244,26,287,0,286,-16,173,0" /><INIT seed="2,0,0,2,5,57" ten="270,287,270,173" oya="2" hai0="10,94,82,124,107,126,64,54,62,111,131,84,21" hai1="8,89,70,121,122,6,61,36,9,55,34,51,59" hai2="71,29,135,46,11,127,80,31,63,39,109,52,28" hai3="95,130,114,67,4,26,116,75,68,37,48,0,44" shuffle="mt19937ar,63C5A32B,92E088C4,281EFE5B,FD47C9AD,34195171,80603D83,64393895,9A5314F9"/><V38/><F109/><W76/><G116/><T83/><D107/><U19/><E34/><V14/><F127/><N who="0" m="48682" /><D111/><U17/><E36/><V3/><F3/><W27/><G37/><T16/><D10/><U56/><E89/><V15/><F135/><W106/><G106/><T81/><D54/><N who="1" m="31839" /><E70/><V119/><F119/><W118/><G4/><T112/><D94/><U12/><E8/><V115/><F115/><W88/><G0/><T74/><D74/><U123/><AGARI ba="0,0" hai="6,9,12,17,19,55,59,61,121,122,123" m="31839" machi="123" ten="30,2000,0" yaku="13,1,52,1" doraHai="57" who="1" fromWho="1" sc="270,-5,287,20,270,-10,173,-5" /><INIT seed="3,0,0,3,2,44" ten="265,307,260,168" oya="3" hai0="7,119,123,36,126,113,100,125,103,81,9,70,102" hai1="58,92,50,114,134,17,24,53,42,109,1,8,94" hai2="14,5,43,118,10,40,72,93,128,64,33,2,55" hai3="63,51,98,82,107,83,124,89,11,85,131,96,25" shuffle="mt19937ar,8B2E2B45,49FE44FF,A16F5140,BEB8E8F4,DA118BDA,41C1AAD9,9AF43B94,73D9EC96"/><W80/><G63/><T34/><D34/><U104/><E104/><V49/><F72/><W105/><G25/><T111/><D70/><U38/><E114/><V91/><F118/><W121/><G11/><T54/><D36/><U116/><E116/><V31/><F64/><W108/><G121/><T129/><D119/><U56/><E134/><V37/><F37/><W79/><G51/><T115/><D123/><U35/><E109/><V13/><F128/><W4/><G4/><T122/><D122/><U59/><E42/><V46/><F14/><W41/><G41/><T84/><D54/><U18/><E38/><V106/><F106/><N who="3" m="40459" /><G131/><T68/><D68/><U48/><E1/><V120/><F120/><W127/><G108/><T73/><D73/><U12/><E35/><V45/><F2/><W57/><G57/><N who="1" m="22122" /><E50/><V88/><F45/><W29/><G29/><T112/><D129/><U78/><E78/><V21/><F33/><W101/><G101/><T76/><REACH who="0" step="1"/><D111/><REACH who="0" step="2"/><U97/><E97/><N who="3" m="37482" /><G79/><T61/><D61/><U67/><E67/><V69/><F69/><W133/><G133/><T74/><D74/><U19/><E24/><N who="2" m="16783" /><F91/><W32/><G32/><T90/><D90/><U62/><E62/><V47/><F47/><W66/><G66/><T132/><D132/><U60/><E60/><V77/><F77/><W39/><G39/><T86/><D86/><AGARI ba="0,1" hai="5,10,13,40,43,46,49,55,86,88,93" m="16783" machi="86" ten="30,3900,0" yaku="8,1,52,1,54,1" doraHai="44" who="2" fromWho="0" sc="255,-39,307,0,260,49,168,0" owari="216,-13,307,6,309,30,168,-23" /></mjloggm>