<mjloggm ver="2.3"><GO type="225"/><UN n0="%E3%83%80%E3%83%A0%E3%83%9E%E3%83%8B%E3%82%A2" n1="%E4%BA%8C%E4%B8%89%E8%B5%A4%E4%BA%94%EF%BC%94%EF%BC%96%EF%BC%98" n2="%E3%81%BF%E3%81%A3%E3%81%A4%E3%81%83%EF%BD%9E" n3="%52%65%64%4D%61%67%69%63" dan="16,16,17,16" rate="2138,2096,2162,2021" sx="M,M,F,M"/><TAIKYOKU oya="0"/><INIT seed="0,0,0,4,4,78" ten="250,250,250,250" oya="0" hai0="5,21,66,35,95,43,89,2,33,65,12,30,126" hai1="13,48,15,71,121,104,90,128,45,58,67,83,100" hai2="79,131,124,101,76,119,1,120,92,135,44,98,132" hai3="37,68,105,55,0,81,125,17,127,20,52,96,88" shuffle="mt19937ar,92274547,83F32A7F,B6AB747D,5760456A,D7007ECA,D5AFCB8D,4E2F8B90,C71D1152"/><T59/><D2/><U110/><E121/><V18/><F1/><W38/><G68/><T107/><D107/><U7/><E71/><V112/><F18/><W102/><G0/><T108/><D126/><N who="3" m="48137" /><G37/><T85/><D43/><U84/><E110/><V86/><F44/><W4/><G4/><T60/><D108/><U32/><E32/><V22/><F22/><W36/><G38/><T93/><D65/><U63/><E128/><V54/><F54/><W114/><G114/><T8/><REACH who="0" step="1"/><D95/><REACH who="0" step="2"/><U103/><E104/><N who="2" m="63543" /><F124/><W49/><G36/><T80/><D80/><U28/><E83/><N who="2" m="47463" /><F120/><W3/><G3/><T40/><D40/><U19/><E67/><V51/><F112/><W26/><G49/><T82/><D82/><U99/><E48/><V64/><F64/><W94/><G81/><T129/><D129/><U41/><E41/><V122/><F51/><W9/><G9/><T14/><D14/><U16/><E15/><V34/><F79/><W6/><G6/><T25/><AGARI ba="0,1" hai="5,8,12,21,25,30,33,35,59,60,66,85,89,93" machi="25" ten="30,6000,0" yaku="1,1,0,1,53,1" doraHai="78" doraHaiUra="87" who="0" fromWho="0" sc="240,70,250,-20,250,-20,250,-20" /><INIT seed="0,1,0,3,2,34" ten="310,230,230,230" oya="0" hai0="83,53,73,105,121,85,35,18,48,6,127,23,19" hai1="70,59,65,26,86,52,79,31,100,39,21,119,109" hai2="37,118,38,129,103,108,133,101,95,57,17,106,111" hai3="20,122,56,12,36,58,60,130,117,61,98,124,135" shuffle="mt19937ar,D45EC974,4E747DC7,88AA35E2,E53D18D4,528AC61E,EAF6397C,926A3523,3A325657"/><T47/><D105/><U125/><E119/><V132/><F106/><W78/><G36/><N who="2" m="13929" /><F118/><W29/><G117/><T32/><D73/><U116/><E116/><V123/><F123/><W97/><G122/><T25/><D121/><U113/><E39/><V46/><F46/><W45/><G135/><N who="2" m="51785" /><F129/><W131/><G124/><T54/><D127/><U81/><E125/><V115/><F115/><W43/><G78/><T28/><D35/><U15/><E113/><V69/><F69/><W107/><G107/><T67/><D32/><U94/><E70/><V75/><F75/><W42/><G45/><T87/><D67/><U96/><E109/><N who="2" m="42059" /><F95/><W14/><REACH who="3" step="1"/><G20/><REACH who="3" step="2"/><T126/><D126/><U5/><E21/><V134/><F134/><W49/><G49/><T44/><D47/><U84/><E79/><V4/><F17/><W110/><G110/><T16/><D6/><U114/><E5/><V22/><F4/><W11/><G11/><T51/><D48/><U104/><E114/><V64/><F22/><W76/><G76/><T71/><D51/><U24/><E104/><V27/><F27/><W7/><G7/><T74/><D44/><U50/><E26/><V68/><F68/><W89/><G89/><T90/><D74/><U66/><E24/><V82/><F103/><W33/><G33/><T55/><D71/><U0/><E100/><V30/><F101/><W77/><G77/><N who="0" m="46319" /><D19/><U92/><E50/><V112/><F112/><W88/><G88/><T72/><D72/><U99/><E59/><V8/><F57/><W41/><G41/><T63/><D63/><U9/><E9/><RYUUKYOKU ba="1,1" sc="310,15,230,-15,230,-15,220,15" hai0="16,18,23,25,28,53,54,55,87,90" hai3="12,14,29,42,43,56,58,60,61,97,98,130,131" /><INIT seed="0,2,1,3,2,85" ten="325,215,215,235" oya="0" hai0="53,115,134,65,92,3,23,62,128,64,81,89,16" hai1="33,77,56,6,116,9,48,122,117,73,31,54,102" hai2="47,55,19,21,4,76,14,29,68,51,63,10,67" hai3="34,59,40,71,46,57,15,12,36,105,80,2,11" shuffle="mt19937ar,13C4E657,28DC6D11,8C633E5C,5F59D1B6,54D8388D,FE722EF3,73109A39,16E00A14"/><T18/><D3/><U94/><E122/><V121/><F29/><W88/><G71/><T98/><D115/><U99/><E73/><V20/><F121/><W104/><G34/><T79/><D134/><U45/><E77/><V74/><F74/><W112/><G112/><T0/><D0/><U120/><E120/><V132/><F76/><W87/><G2/><T58/><D128/><U60/><E33/><V70/><F132/><W95/><G15/><T27/><D18/><U114/><E31/><V133/><F133/><W131/><G131/><T107/><D107/><U38/><E38/><V37/><F70/><W25/><G25/><T100/><D100/><U84/><E84/><AGARI ba="2,1" hai="16,23,27,53,58,62,64,65,79,81,84,89,92,98" machi="84" ten="30,18000,2" yaku="7,1,25,2,8,1,52,1,54,1" doraHai="85" who="0" fromWho="1" sc="325,196,215,-186,215,0,235,0" /><INIT seed="0,3,0,5,3,35" ten="521,29,215,235" oya="0" hai0="127,112,87,8,19,2,101,69,10,105,110,54,58" hai1="65,48,122,116,126,80,16,15,13,64,30,25,11" hai2="129,34,1,72,90,53,21,67,61,18,26,77,28" hai3="89,27,46,22,0,59,120,93,38,36,5,107,118" shuffle="mt19937ar,9C71FE6A,A1208994,369667F7,CA210596,26102580,ACB11840,6F6FB99D,1F4D27C2"/><T133/><D112/><U123/><E116/><V49/><F129/><W97/><G118/><T39/><D69/><U125/><E80/><V31/><F72/><W85/><G120/><N who="1" m="46122" /><E48/><V92/><F77/><W82/><G107/><T131/><D39/><U3/><E64/><V50/><F34/><W113/><G113/><T124/><D131/><U68/><E65/><V94/><F1/><W70/><G70/><T73/><D73/><U103/><E103/><V81/><F81/><W42/><G59/><T111/><D101/><U109/><E68/><V45/><F50/><W71/><G71/><T114/><D105/><U135/><E135/><V84/><REACH who="2" step="1"/><F94/><REACH who="2" step="2"/><W96/><G36/><T9/><D114/><U79/><E79/><V6/><F6/><W95/><G93/><T88/><D133/><U104/><E104/><V128/><F128/><W100/><G95/><N who="0" m="54687" /><D2/><U108/><E3/><V75/><F75/><W106/><G106/><T83/><D83/><U76/><E76/><V117/><F117/><W56/><G100/><T66/><D66/><U55/><E55/><V60/><F60/><W4/><G0/><T7/><D7/><U132/><E132/><V119/><F119/><W130/><G130/><T121/><D121/><U12/><E126/><V40/><F40/><W44/><G4/><T98/><D127/><U86/><E125/><V115/><F115/><W51/><G5/><T24/><D124/><U57/><E86/><V37/><F37/><W20/><G38/><T29/><D98/><U134/><E134/><V62/><F62/><W17/><G96/><T43/><D43/><RYUUKYOKU ba="3,1" sc="521,-10,29,-10,205,30,235,-10" hai2="18,21,26,28,31,45,49,53,61,67,84,90,92" /><INIT seed="1,4,1,1,3,34" ten="511,19,235,225" oya="1" hai0="41,19,117,2,132,104,77,101,47,80,123,27,131" hai1="7,23,22,21,84,102,12,20,29,122,28,43,5" hai2="98,124,125,54,86,93,73,3,63,46,129,56,110" hai3="107,96,49,88,75,106,119,83,115,71,52,18,111" shuffle="mt19937ar,9B03AF2B,C8553321,B1C547D6,C2EE351B,987E24B7,550D40B6,40FE5E54,AEAFB804"/><U42/><E122/><V68/><F73/><W13/><G71/><T65/><D65/><U133/><E133/><V78/><F68/><W116/><G115/><T38/><D123/><U25/><E102/><V26/><F46/><N who="3" m="27703" /><G111/><T8/><D19/><N who="1" m="10343" /><E84/><V6/><F110/><W39/><G39/><T31/><D117/><N who="3" m="45129" /><G75/><N who="0" m="43071" /><D131/><U128/><E128/><V103/><F129/><W99/><G83/><T112/><D112/><U130/><E130/><V62/><F63/><W15/><G15/><T55/><D55/><U135/><E135/><V120/><F120/><W30/><G30/><N who="1" m="11882" /><E43/><V85/><F26/><W51/><G51/><T58/><D58/><U40/><E42/><V109/><F109/><W87/><G87/><T89/><D89/><U10/><E40/><V64/><F54/><W97/><G88/><T114/><D101/><U72/><E72/><V4/><F86/><W24/><G24/><T17/><D114/><U59/><E59/><V82/><F4/><N who="1" m="1609" /><E10/><AGARI ba="4,1" hai="10,13,18,96,97,99,106,107" m="45129,27703" machi="10" ten="30,2000,0" yaku="12,1,54,1" doraHai="34" who="3" fromWho="1" sc="511,0,19,-32,235,0,225,42" owari="511,50,-13,-41,235,-11,267,2" /></mjloggm>