<mjloggm ver="2.3"><GO type="225"/><UN n0="%73%69%67%65%6E%6F%72%69" n1="%EF%BC%88%EF%BC%8A%EF%BC%9E%EF%BC%9C%EF%BC%89" n2="%E3%83%AA%E3%83%AA%E3%82%A2%E3%83%BC%E3%83%8C" n3="%45%56%41%4E%53%49%55" dan="17,17,17,16" rate="2126,2200,2110,2061" sx="M,F,F,M"/><TAIKYOKU oya="0"/><INIT seed="0,0,0,5,1,81" ten="250,250,250,250" oya="0" hai0="43,96,49,65,29,75,132,113,129,82,44,52,80" hai1="9,61,31,15,111,87,100,116,54,5,24,32,46" hai2="127,55,74,106,27,115,37,3,122,28,38,110,97" hai3="123,56,40,89,22,107,109,126,85,45,42,73,130" shuffle="mt19937ar,FE783B3B,D5D2C90A,9764EBFE,A3A663A1,6D690016,32C09FED,15BBF995,F84D5303"/><T11/><D113/><U7/><E116/><V134/><RYUUKYOKU type="yao9" ba="0,0" sc="250,0,250,0,250,0,250,0" hai2="3,27,28,37,38,55,74,97,106,110,115,122,127,134" /><INIT seed="0,1,0,4,4,116" ten="250,250,250,250" oya="0" hai0="73,39,22,124,96,48,129,79,63,90,86,105,98" hai1="43,87,78,60,0,93,112,4,120,125,104,74,133" hai2="21,37,123,20,75,53,57,109,65,16,64,14,47" hai3="41,17,33,127,130,80,12,7,82,56,94,128,15" shuffle="mt19937ar,56E1C016,1AD69B88,8460B5A6,449D733B,29DBD61A,9198790F,D99775FB,4582595B"/><T58/><D39/><U113/><E104/><V135/><F75/><W102/><G127/><T5/><D124/><U10/><E125/><V119/><F119/><W2/><G33/><T34/><D34/><U44/><E133/><V107/><F107/><W46/><G7/><T76/><D129/><N who="3" m="49769" /><G2/><T103/><D5/><U9/><E9/><V83/><F135/><W59/><G15/><T25/><D48/><U55/><E55/><V31/><F109/><W115/><G115/><N who="1" m="44106" /><E60/><V69/><F69/><W18/><G18/><N who="0" m="12503" /><D73/><U121/><E87/><V97/><F97/><N who="0" m="37482" /><D103/><U77/><E93/><V32/><F32/><W114/><G94/><N who="0" m="54615" /><D105/><U89/><E89/><V122/><F83/><N who="3" m="31787" /><G102/><T61/><D61/><U27/><E27/><V117/><F117/><W91/><G91/><T3/><D3/><U29/><E29/><V70/><F70/><W71/><G71/><T67/><AGARI ba="1,0" hai="58,63,67,76,79" m="54615,37482,12503" machi="67" ten="30,1500,0" yaku="8,1" doraHai="116" who="0" fromWho="0" sc="250,18,250,-6,250,-6,250,-6" /><INIT seed="0,2,0,3,1,43" ten="268,244,244,244" oya="0" hai0="95,65,127,66,116,64,115,33,124,107,47,16,73" hai1="12,24,2,60,38,57,21,96,122,81,91,18,5" hai2="52,86,0,78,106,84,118,88,133,45,110,83,23" hai3="30,32,89,134,20,9,41,6,17,93,31,63,77" shuffle="mt19937ar,0BCE64FC,4F575221,5E405EB8,10ED0BBE,12184AF8,6E436E5A,F1E053F6,F424F4A8"/><T125/><D107/><U90/><E122/><V98/><F0/><W19/><G134/><T131/><D116/><U100/><E38/><V135/><F118/><W13/><G77/><T50/><D115/><U61/><E2/><V130/><F110/><W53/><G32/><T101/><D73/><U72/><E61/><V44/><F130/><W62/><G41/><N who="0" m="24943" /><D33/><U4/><E90/><V92/><F23/><W128/><G128/><T34/><D34/><U39/><E39/><V74/><F52/><W67/><G53/><T123/><D131/><U55/><E12/><V36/><F36/><W126/><G126/><T59/><D123/><U80/><E72/><V111/><F111/><W14/><G6/><N who="1" m="2666" /><E100/><N who="2" m="62743" /><F86/><W51/><G51/><T112/><D112/><U113/><E113/><V117/><F117/><W71/><REACH who="3" step="1"/><G63/><REACH who="3" step="2"/><T28/><D124/><U49/><E49/><V8/><F8/><W121/><G121/><T102/><D125/><U37/><E37/><V11/><F11/><W87/><AGARI ba="2,1" hai="9,13,14,17,19,20,30,31,62,67,71,87,89,93" machi="87" ten="20,2700,0" yaku="1,1,0,1,7,1,53,0" doraHai="43" doraHaiUra="79" who="3" fromWho="3" sc="268,-15,244,-9,244,-9,234,43" /><INIT seed="1,0,0,2,2,103" ten="253,235,235,277" oya="1" hai0="1,114,101,98,60,2,81,13,8,77,105,12,131" hai1="118,17,109,130,70,46,128,85,56,9,106,15,53" hai2="11,97,6,28,61,112,123,113,29,19,42,126,7" hai3="129,96,48,58,26,73,4,88,86,30,55,36,20" shuffle="mt19937ar,97A1409E,44E09248,CF8B813D,48F6810C,EBCFC06B,53B6CD67,E76C4E49,4DD9392A"/><U99/><E118/><V116/><F116/><W41/><G129/><N who="1" m="49770" /><E70/><V47/><F97/><W100/><G73/><T120/><D131/><U108/><E85/><V62/><F123/><W102/><G4/><T34/><D114/><N who="2" m="44138" /><F126/><W87/><G36/><T33/><D120/><U125/><E46/><V74/><F74/><W39/><G39/><T51/><D13/><U115/><E115/><V38/><F19/><W27/><G41/><T92/><D51/><N who="1" m="30783" /><E125/><V24/><F7/><W93/><G27/><T25/><D60/><N who="2" m="23146" /><F24/><W54/><G54/><T22/><D1/><AGARI ba="0,0" hai="1,6,11,28,29,38,42,47" m="23146,44138" machi="1" ten="30,1000,0" yaku="11,1" doraHai="103" who="2" fromWho="0" sc="253,-10,235,0,235,10,277,0" /><INIT seed="2,0,0,1,1,126" ten="243,235,245,277" oya="2" hai0="86,78,73,42,15,65,74,22,87,110,82,67,25" hai1="75,3,134,101,120,20,84,34,99,125,81,14,35" hai2="52,62,60,106,71,61,31,76,39,111,24,59,8" hai3="26,102,63,96,45,5,114,28,133,54,12,16,129" shuffle="mt19937ar,EEDF53E1,DBFAC8C4,560E740D,A7A0CAEB,67B5817A,5BD9DE1A,393E5A37,E5788A68"/><V6/><F39/><W117/><G117/><T29/><D110/><U94/><E3/><V41/><F106/><W23/><G133/><T95/><D42/><U21/><E134/><V89/><F41/><W109/><G109/><T93/><D74/><U10/><E75/><V72/><F111/><W90/><G129/><T105/><D105/><U131/><E131/><V128/><F128/><W64/><G114/><T4/><D73/><U18/><E125/><V50/><F89/><W46/><G5/><T49/><D49/><U38/><E38/><V113/><F113/><W77/><G77/><T57/><D57/><U98/><E98/><V40/><F40/><W80/><G54/><T119/><D119/><U13/><E21/><V1/><F76/><W132/><G132/><T19/><D4/><U130/><E120/><V103/><F72/><W104/><G80/><T0/><D0/><U9/><E130/><V88/><F88/><W51/><G51/><T112/><D112/><U56/><E56/><V11/><F11/><W69/><REACH who="3" step="1"/><G90/><REACH who="3" step="2"/><T122/><D122/><U115/><E115/><V107/><F71/><W55/><G55/><T118/><D118/><U58/><E81/><V33/><REACH who="2" step="1"/><F50/><REACH who="2" step="2"/><W66/><G66/><N who="0" m="25099" /><D78/><U124/><E124/><V79/><F79/><W53/><G53/><T116/><D116/><U37/><E37/><V83/><F83/><W47/><G47/><T48/><D48/><U108/><E108/><V121/><F121/><W27/><G27/><T100/><D82/><U17/><E58/><V2/><F2/><W32/><AGARI ba="0,2" hai="12,16,23,26,28,32,45,46,63,64,69,96,102,104" machi="32" ten="20,12000,2" yaku="1,1,0,1,7,1,25,2,54,1,53,0" doraHai="126" doraHaiUra="127" who="3" fromWho="3" sc="243,-30,235,-30,235,-60,267,140" /><INIT seed="3,0,0,1,1,27" ten="213,205,175,407" oya="3" hai0="82,72,13,52,90,54,105,78,56,30,93,47,125" hai1="25,106,7,107,116,39,42,67,124,86,133,111,36" hai2="104,35,128,114,91,95,60,15,98,32,38,70,57" hai3="0,69,123,1,46,43,126,68,22,122,94,120,103" shuffle="mt19937ar,F07AE1AF,29A2A7A3,F8936E7B,F282CF54,45047A4F,B0A8949D,199325B4,975925F4"/><W131/><G22/><T49/><D105/><U3/><E67/><V31/><F38/><N who="3" m="21879" /><G94/><T132/><D125/><U71/><E71/><N who="3" m="27210" /><G103/><T108/><D132/><U58/><E111/><V97/><F114/><W16/><G16/><T66/><D108/><U14/><E86/><V45/><F70/><W115/><G115/><T92/><D66/><U24/><E116/><V9/><F45/><W110/><G110/><T61/><D90/><U5/><E14/><V127/><F127/><W33/><G126/><T89/><D89/><U117/><E124/><V84/><F128/><W10/><G33/><T29/><D13/><U101/><E117/><V134/><F134/><W100/><G100/><T83/><D83/><U75/><E133/><V81/><F104/><W119/><G119/><T8/><D8/><U21/><E101/><V99/><F95/><W62/><G62/><T19/><D19/><U74/><E21/><V51/><F51/><W59/><G59/><T41/><D92/><U121/><E58/><V23/><F9/><W34/><G34/><T40/><D93/><U102/><E102/><V50/><F50/><W88/><G88/><T48/><D48/><U64/><E3/><V96/><N who="2" m="25088" /><DORA hai="113" /><V109/><F109/><W135/><G135/><T63/><D63/><U55/><E106/><V11/><F11/><W112/><G10/><T87/><D72/><N who="1" m="27691" /><E107/><V2/><F2/><W77/><G1/><T20/><D20/><U18/><E36/><V118/><F118/><W73/><G0/><T28/><AGARI ba="0,0" hai="28,29,30,40,41,47,49,52,54,56,61,78,82,87" machi="28" ten="30,12000,2" yaku="0,1,8,1,52,3,54,1" doraHai="27,113" who="0" fromWho="0" sc="213,120,205,-30,175,-30,407,-60" owari="333,8,175,-17,145,-25,347,34" /></mjloggm>