<mjloggm ver="2.3"><GO type="225"/><UN n0="%73%69%67%65%6E%6F%72%69" n1="%E3%83%9B%E3%83%A2%E3%83%8F%E3%83%A0" n2="%E7%8A%AC%EF%BC%88%E3%81%84%E3%81%AC%EF%BC%89" n3="%E5%88%BB%E5%AD%90%E5%B8%82%E6%B0%91" dan="17,16,16,17" rate="2163,2083,2094,2103" sx="M,M,M,M"/><TAIKYOKU oya="0"/><INIT seed="0,0,0,2,3,121" ten="250,250,250,250" oya="0" hai0="67,60,25,85,117,76,38,58,45,80,43,33,10" hai1="103,0,59,61,5,122,64,92,90,91,129,55,74" hai2="101,8,105,96,36,124,72,27,56,95,78,42,2" hai3="40,46,116,123,81,102,31,134,3,77,109,131,88" shuffle="mt19937ar,AE09E5B3,9510C3DC,AE8D5E4B,F1C69178,243AEE1D,70EF0A94,98684EF9,DA6AE78D"/><T65/><D117/><U41/><E74/><V99/><F124/><W84/><G3/><T79/><D10/><U4/><E122/><V70/><F70/><W83/><G123/><T9/><D9/><U57/><E129/><V100/><F36/><W23/><G116/><T120/><D120/><U128/><E41/><V111/><F42/><W104/><G131/><T12/><D12/><U118/><E118/><V48/><F27/><W73/><G134/><T130/><D130/><U108/><E108/><V1/><F8/><W71/><G71/><T127/><D127/><U125/><E125/><V20/><F20/><W34/><G34/><T28/><REACH who="0" step="1"/><D79/><REACH who="0" step="2"/><U50/><E128/><V14/><F14/><W113/><G113/><T112/><D112/><U44/><E0/><V94/><F1/><W13/><G13/><T107/><D107/><U16/><E4/><V49/><F2/><W30/><G104/><T26/><D26/><U22/><E5/><V135/><F105/><W82/><G77/><T89/><D89/><U114/><E114/><V29/><F78/><W106/><G88/><T15/><D15/><N who="1" m="9503" /><E103/><V32/><F100/><W6/><G102/><T93/><D93/><U47/><E90/><V133/><F101/><W54/><G106/><T62/><D62/><U52/><E64/><AGARI ba="0,1" hai="25,28,33,38,43,45,58,60,64,65,67,76,80,85" machi="64" ten="30,5800,0" yaku="1,1,7,1,53,1" doraHai="121" doraHaiUra="21" who="0" fromWho="1" sc="240,68,250,-58,250,0,250,0" /><INIT seed="0,1,0,0,1,40" ten="308,192,250,250" oya="0" hai0="5,107,83,56,80,96,102,111,11,116,122,64,32" hai1="23,0,131,4,100,31,74,71,72,10,108,126,29" hai2="61,75,43,94,81,16,50,34,121,79,118,89,124" hai3="55,41,84,130,65,119,78,66,20,92,51,103,67" shuffle="mt19937ar,F6E8C119,9CCD7011,C237372C,564C4B07,2E3FF260,ACD99DDB,38F42F86,FB92CAE9"/><T123/><D116/><U76/><E71/><V37/><F121/><W42/><G119/><T8/><D32/><U90/><E131/><V70/><F118/><W22/><G130/><T38/><D38/><U2/><E108/><V24/><F124/><W49/><G49/><T129/><D129/><U113/><E113/><V52/><F43/><N who="3" m="16395" /><G103/><T86/><D111/><U68/><E68/><V104/><F37/><W28/><G28/><T93/><D107/><U95/><E100/><V99/><F104/><W1/><G1/><T48/><D83/><U19/><E2/><V110/><F110/><W53/><G53/><T44/><D56/><U87/><E126/><V69/><F61/><W47/><G78/><T127/><D64/><U7/><E7/><V21/><REACH who="2" step="1"/><F34/><REACH who="2" step="2"/><W128/><G128/><T98/><D127/><U132/><E74/><V97/><F97/><W13/><G13/><T45/><D96/><U3/><E72/><V135/><F135/><W112/><G112/><T46/><D48/><U105/><E132/><V73/><F73/><W9/><G51/><T63/><D63/><U30/><E105/><V88/><F88/><W39/><G39/><T60/><D60/><U57/><E0/><V85/><F85/><W14/><G84/><T106/><D106/><U133/><E133/><V25/><F25/><W101/><G101/><T77/><D123/><U12/><E76/><V17/><F17/><W33/><G33/><T134/><D122/><U125/><E125/><V15/><F15/><W6/><G14/><N who="0" m="5391" /><D134/><U114/><E114/><V27/><F27/><W58/><G6/><RYUUKYOKU ba="1,1" sc="308,10,192,10,240,10,250,-30" hai0="11,44,45,46,77,80,86,93,98,102" hai1="3,4,10,12,19,23,29,30,31,57,87,90,95" hai2="16,21,24,50,52,69,70,75,79,81,89,94,99" /><INIT seed="0,2,1,1,3,39" ten="318,202,250,220" oya="0" hai0="96,23,117,25,33,123,75,103,111,71,34,100,35" hai1="54,29,85,102,24,118,46,53,62,99,28,48,22" hai2="135,76,68,40,126,116,18,90,110,19,127,132,105" hai3="109,37,56,134,84,21,45,87,113,12,36,1,31" shuffle="mt19937ar,45E1EE46,A2A9902F,5CF92C9E,C36F6F97,FD82FB44,579F708E,5FC6F78B,1ED72085"/><T70/><D117/><U27/><E118/><V92/><F105/><W121/><G1/><T122/><D75/><U58/><E85/><V32/><F116/><W112/><G121/><T13/><D13/><U60/><E60/><V6/><F68/><W42/><G36/><T51/><D111/><U10/><E10/><V95/><F32/><W93/><G109/><T119/><D119/><U86/><E86/><V69/><F69/><W57/><G134/><N who="2" m="51241" /><F110/><W11/><G57/><T38/><D38/><U107/><REACH who="1" step="1"/><E27/><REACH who="1" step="2"/><V26/><F26/><W89/><G87/><T17/><D122/><U20/><E20/><V94/><F90/><W82/><G11/><T8/><D123/><U43/><E43/><V9/><F40/><W83/><G84/><T64/><D8/><U108/><E108/><V97/><F97/><W88/><G21/><T14/><D96/><U133/><E133/><V106/><F76/><W4/><G42/><T50/><D25/><U104/><E104/><V61/><F61/><W55/><G12/><T131/><D35/><U52/><E52/><V65/><F106/><W73/><G55/><T7/><D34/><U47/><E47/><V115/><F9/><W125/><G45/><T114/><D33/><U67/><E67/><V3/><F65/><W74/><G93/><T101/><D64/><U72/><E72/><V130/><F94/><W66/><G74/><T63/><D63/><U120/><E120/><V2/><F92/><W129/><G73/><T79/><D23/><U128/><E128/><V81/><F130/><W30/><G129/><T0/><D131/><RYUUKYOKU ba="2,2" sc="318,-10,192,30,250,-10,220,-10" hai1="22,24,28,29,46,48,53,54,58,62,99,102,107" /><INIT seed="1,3,2,2,5,41" ten="308,222,240,210" oya="1" hai0="108,51,85,103,75,119,64,37,66,124,72,134,127" hai1="132,112,120,65,99,100,86,18,35,74,36,33,23" hai2="121,93,128,11,20,82,21,106,69,62,40,47,76" hai3="43,129,118,110,63,4,8,101,125,61,89,12,46" shuffle="mt19937ar,844AF9F8,76C3D8A4,0F123D47,AE23F638,48A0C1F7,1242C42A,E4DCEA42,8FD27450"/><U30/><E74/><V19/><F121/><W96/><G110/><T28/><D37/><U77/><E36/><V48/><F106/><W67/><G129/><T15/><D119/><U16/><E120/><V58/><F128/><W87/><G118/><T1/><D1/><U131/><E112/><V68/><F93/><W3/><G125/><N who="0" m="48203" /><D108/><U92/><E131/><V9/><F68/><W70/><G63/><T94/><D28/><U50/><E132/><V34/><F34/><W111/><G111/><T6/><D134/><U80/><E65/><N who="0" m="25193" /><D51/><U57/><E35/><V105/><F69/><W45/><G3/><T44/><D44/><U104/><E104/><V39/><F105/><W123/><G123/><T22/><D6/><U115/><E33/><V102/><F39/><W109/><G43/><T0/><D0/><U116/><E115/><V79/><F102/><W78/><G109/><T31/><D85/><U84/><E84/><N who="2" m="48199" /><F79/><W25/><G78/><T98/><D15/><U135/><E135/><V13/><F9/><W54/><G25/><AGARI ba="3,2" hai="22,25,31,72,75,94,98,103" m="25193,48203" machi="25" ten="30,1000,0" yaku="18,1" doraHai="41" who="0" fromWho="3" sc="308,39,222,0,240,0,210,-19" /><INIT seed="2,0,0,5,5,129" ten="347,222,240,191" oya="2" hai0="131,60,118,12,32,79,72,44,46,27,87,7,91" hai1="11,115,100,125,19,4,94,14,35,21,75,74,123" hai2="9,56,99,98,62,65,16,82,78,111,6,101,108" hai3="107,55,8,122,113,77,54,39,109,24,80,112,28" shuffle="mt19937ar,FDCA8173,2269C127,50427CB7,5355D778,6459616D,BF78AE4B,077FD558,A2A34220"/><V92/><F99/><W49/><G39/><T121/><D121/><U41/><E115/><V40/><F40/><W52/><G122/><T58/><D131/><U86/><E125/><V38/><F38/><W53/><G107/><T120/><D120/><U0/><E123/><V105/><F105/><W89/><G89/><T93/><D118/><U25/><E41/><V33/><F33/><W68/><G68/><T13/><D72/><U96/><E86/><V63/><F62/><W31/><G109/><T71/><D79/><U133/><E133/><V95/><F95/><W57/><G8/><N who="0" m="4127" /><D32/><U23/><E23/><V61/><F61/><W15/><G15/><T84/><D71/><U1/><E1/><V85/><REACH who="2" step="1"/><F16/><REACH who="2" step="2"/><W70/><G70/><T132/><D60/><U37/><E37/><V130/><F130/><W73/><REACH who="3" step="1"/><G28/><AGARI ba="0,1" hai="0,4,11,14,19,21,25,28,35,74,75,94,96,100" machi="28" ten="40,2600,0" yaku="24,2" doraHai="129" who="1" fromWho="3" sc="347,0,222,36,230,0,191,-26" /><INIT seed="3,0,0,5,5,80" ten="347,258,230,165" oya="3" hai0="91,38,18,58,51,90,22,128,104,13,49,83,9" hai1="129,71,109,36,94,0,131,50,82,40,42,10,110" hai2="124,79,122,74,76,95,81,33,23,97,87,32,4" hai3="121,120,64,48,126,85,123,24,53,107,101,37,134" shuffle="mt19937ar,844A33CC,EB3A3A09,B5BECD24,D3A1A114,B5F3B44E,502B103F,8A07DDED,002E88F9"/><W8/><G37/><T65/><D38/><U3/><E71/><V45/><F4/><W77/><G126/><T86/><D104/><U54/><E82/><V43/><F124/><W61/><G134/><T135/><D128/><N who="1" m="49227" /><E94/><V20/><F122/><W16/><G101/><T93/><D135/><U59/><E10/><V31/><F33/><W25/><G107/><T52/><D65/><U89/><E89/><V57/><F32/><W132/><G132/><T56/><D9/><U92/><E92/><V55/><F74/><W63/><G64/><T46/><D51/><U102/><E102/><V39/><F79/><W21/><G24/><T70/><D70/><U125/><E125/><V114/><F31/><W118/><G118/><T7/><D7/><U67/><E67/><V133/><F114/><W27/><G27/><T28/><D28/><U112/><E112/><V98/><F133/><W35/><G35/><T17/><D17/><U66/><E66/><V115/><F115/><W62/><G8/><T116/><D116/><U60/><E36/><V113/><F113/><W84/><REACH who="3" step="1"/><G77/><REACH who="3" step="2"/><T111/><D111/><U108/><E108/><V130/><F130/><W105/><G105/><T6/><D6/><U78/><E110/><V12/><F39/><W75/><G75/><T88/><D93/><U68/><E78/><AGARI ba="0,1" hai="13,18,22,46,49,52,56,58,78,83,86,88,90,91" machi="78" ten="40,8000,1" yaku="8,1,52,1,54,2" doraHai="80" who="0" fromWho="1" sc="347,90,258,-80,230,0,155,0" owari="437,43,178,-17,230,-2,155,-24" /></mjloggm>