<mjloggm ver="2.3"><GO type="225"/><UN n0="%4E%6F%2E%32" n1="%E3%82%88%E3%81%A3%E3%81%A1" n2="%E3%81%B5%E3%82%8B%E3%81%AD%E3%81%93%40%E4%BD%95%E5%88%87%E3%82%8B" n3="%E3%83%9C%E3%83%84" dan="16,16,16,16" rate="2071,2085,2066,2044" sx="M,M,M,M"/><TAIKYOKU oya="0"/><INIT seed="0,0,0,4,2,88" ten="250,250,250,250" oya="0" hai0="96,105,93,87,119,92,44,11,24,124,86,90,68" hai1="4,97,102,67,82,80,64,131,122,84,126,29,95" hai2="127,77,28,63,109,16,123,48,5,98,133,74,3" hai3="37,72,31,99,39,41,115,112,1,73,14,108,62" shuffle="mt19937ar,07868A80,258B7D63,2AB5853A,BA265C9A,659EA638,BB4ED408,01C3988D,44BFE0AA"/><T104/><D119/><U22/><E122/><V118/><F123/><W54/><G1/><T20/><D68/><U121/><E131/><V135/><F118/><W57/><G108/><T117/><D124/><U30/><E121/><V75/><F28/><W23/><G72/><T26/><D117/><U38/><E38/><V21/><F127/><W60/><G73/><T65/><D65/><U110/><E110/><V7/><F109/><W66/><G31/><T83/><D44/><U8/><E126/><V114/><F114/><W27/><G27/><T36/><D36/><U106/><E106/><V18/><F48/><W78/><G78/><N who="0" m="46455" /><D105/><U45/><E45/><V125/><F125/><W101/><G41/><T9/><D104/><U71/><E71/><V19/><F21/><W132/><G132/><N who="2" m="50761" /><F3/><W49/><G60/><T47/><D47/><U69/><E69/><V81/><F75/><W134/><G134/><T53/><D53/><U52/><E52/><V2/><F2/><W91/><G91/><N who="0" m="55359" /><D26/><U85/><E67/><V34/><F34/><W46/><G37/><T12/><D12/><N who="1" m="5127" /><E64/><V15/><F15/><W100/><G39/><T40/><D40/><U113/><E113/><V6/><F63/><W116/><G116/><T130/><D130/><U0/><E0/><V129/><F129/><W128/><G128/><T111/><D111/><U10/><E80/><V17/><N who="2" m="4096" /><DORA hai="59" /><V13/><F13/><W79/><G112/><T76/><D76/><N who="1" m="46151" /><E10/><V35/><F35/><W32/><G32/><T50/><D50/><U107/><E22/><V94/><F6/><W89/><G115/><RYUUKYOKU ba="0,0" sc="250,10,250,10,250,10,250,-30" hai0="9,11,20,24,87,90,92" hai1="29,30,85,95,97,102,107" hai2="5,7,74,77,81,94,98" /><INIT seed="0,1,0,0,0,57" ten="260,260,260,220" oya="0" hai0="21,33,129,34,72,0,94,117,79,20,19,88,14" hai1="56,67,63,7,40,104,106,4,78,66,27,76,102" hai2="83,64,122,43,8,107,82,105,125,42,75,31,80" hai3="49,118,103,108,128,13,28,59,68,47,130,84,120" shuffle="mt19937ar,E2B09758,4EC628AA,40623BBB,4B8B899E,5A9B14F1,2C9CED59,EE620FBB,B2D31F8F"/><T62/><D117/><U112/><E112/><V92/><F75/><W23/><G118/><T124/><D0/><U9/><E67/><V39/><F122/><W24/><G68/><T18/><D129/><U71/><E71/><V48/><F39/><W114/><G114/><T96/><D124/><U53/><E40/><V10/><F125/><W46/><G108/><T30/><D30/><U12/><E4/><V54/><F64/><W58/><G120/><T111/><D111/><U73/><E27/><V123/><F123/><W15/><G103/><T41/><D41/><U134/><E134/><V135/><F135/><W36/><G84/><T133/><D133/><U109/><E109/><V35/><F105/><W98/><G98/><T50/><D50/><U16/><E7/><V17/><F107/><W115/><G46/><T2/><D2/><U91/><E104/><V22/><F31/><W25/><G25/><N who="0" m="14487" /><D72/><U93/><E73/><V119/><F35/><W51/><G51/><T86/><D79/><U45/><E102/><V26/><F119/><W100/><G36/><T121/><D121/><U77/><E106/><V99/><F43/><W52/><G100/><T95/><D34/><U5/><E5/><V113/><F42/><W1/><G1/><T11/><D33/><U81/><E81/><V44/><REACH who="2" step="1"/><F113/><REACH who="2" step="2"/><W116/><G115/><T101/><D11/><U32/><E32/><V74/><F74/><W38/><G38/><T3/><D3/><U126/><E126/><V90/><AGARI ba="1,1" hai="8,10,17,22,26,44,48,54,80,82,83,90,92,99" machi="90" ten="30,4000,0" yaku="1,1,0,1,8,1,53,0" doraHai="57" doraHaiUra="127" who="2" fromWho="2" sc="260,-21,260,-11,250,53,220,-11" /><INIT seed="1,0,0,1,4,100" ten="239,249,303,209" oya="1" hai0="123,57,89,99,122,24,19,27,90,120,53,37,121" hai1="56,135,68,63,28,15,32,44,41,76,96,13,88" hai2="72,8,1,4,43,59,115,14,93,51,49,131,82" hai3="62,48,98,18,94,97,42,117,6,77,101,50,103" shuffle="mt19937ar,05DF379B,9B195633,36FF7E48,08C8328D,14C2AE99,A44E3E45,9BD93EAE,CA3686FD"/><U60/><E68/><V22/><F115/><W45/><G117/><T86/><N who="0" m="30720" /><DORA hai="16" /><T11/><D37/><U75/><E135/><V0/><F131/><W92/><G6/><T106/><D106/><U25/><E76/><V79/><F93/><W112/><G112/><T7/><D99/><U67/><E75/><V128/><F128/><W133/><G133/><T116/><D116/><U111/><E63/><V126/><F126/><W38/><G77/><T107/><D107/><U110/><E96/><V124/><F124/><W85/><G85/><T134/><D134/><U12/><REACH who="1" step="1"/><E88/><REACH who="1" step="2"/><N who="0" m="33897" /><D86/><U10/><E10/><V108/><F108/><W125/><G125/><T102/><D102/><U66/><E66/><V83/><F79/><W105/><G105/><T29/><D29/><U20/><E20/><V54/><F72/><W40/><G40/><T87/><D87/><U2/><E2/><V81/><F1/><W17/><REACH who="3" step="1"/><G62/><REACH who="3" step="2"/><N who="0" m="36143" /><D19/><AGARI ba="0,2" hai="17,18,19,38,42,45,48,50,92,94,97,98,101,103" machi="19" ten="40,2600,0" yaku="1,1,9,1,53,0" doraHai="100,16" doraHaiUra="58,23" who="3" fromWho="0" sc="239,-26,239,0,303,0,199,46" /><INIT seed="2,0,0,0,1,43" ten="213,239,303,245" oya="2" hai0="21,115,56,95,30,29,48,104,53,96,97,11,8" hai1="47,38,86,64,44,50,133,94,122,118,107,58,87" hai2="102,131,132,51,7,135,134,4,126,13,10,99,23" hai3="26,62,83,12,108,57,0,89,66,39,128,112,78" shuffle="mt19937ar,760B01E6,597ABF23,4BD64A3D,E2615EEF,2336C9FC,C91983D1,4FECD002,B64A6EBE"/><V33/><F33/><W77/><G0/><T54/><D115/><U45/><E107/><N who="2" m="63967" /><F126/><W105/><G105/><T116/><D104/><U81/><E118/><V92/><F92/><W46/><G12/><T100/><D116/><U27/><E122/><V52/><F23/><W31/><G108/><T82/><D97/><U127/><E38/><V93/><F93/><W22/><G128/><T84/><D54/><U117/><E117/><V35/><F35/><W70/><G70/><T98/><D98/><U59/><E127/><V90/><F90/><W25/><G112/><T20/><D20/><U41/><E133/><V101/><F101/><W111/><G111/><T32/><D32/><U85/><E27/><V34/><F34/><W75/><G25/><T79/><REACH who="0" step="1"/><D21/><REACH who="0" step="2"/><U71/><E94/><V129/><F4/><W2/><G22/><T24/><D24/><U103/><E103/><V60/><F60/><W130/><G62/><T37/><D37/><U16/><E81/><V69/><F69/><W124/><G39/><T113/><D113/><U119/><E119/><V121/><F121/><W110/><G26/><T67/><D67/><U6/><E71/><V65/><F65/><W125/><G66/><T3/><D3/><U1/><E64/><V36/><F36/><W19/><G2/><T28/><AGARI ba="0,1" hai="8,11,28,29,30,48,53,56,79,82,84,95,96,100" machi="28" ten="30,4000,0" yaku="1,1,0,1,8,1,53,0" doraHai="43" doraHaiUra="63" who="0" fromWho="0" sc="203,50,239,-10,303,-20,245,-10" /><INIT seed="3,0,0,1,3,64" ten="253,229,283,235" oya="3" hai0="82,92,52,14,48,113,76,30,15,134,65,102,90" hai1="81,124,101,36,87,99,83,25,72,26,119,98,132" hai2="86,118,4,85,28,32,61,38,120,58,35,56,121" hai3="95,128,80,39,40,17,54,79,6,37,70,0,109" shuffle="mt19937ar,0AA11D44,4022D188,A4E5C4F4,DC55BBAD,199DACA6,E1BA386D,6841CF0B,102FD2FE"/><W53/><G128/><T49/><D134/><U21/><E36/><V16/><F38/><W42/><G70/><T47/><D30/><U110/><E132/><V7/><F118/><W117/><G117/><T10/><D65/><U67/><E119/><V3/><F28/><W44/><G109/><T73/><D113/><U103/><E110/><V11/><F4/><W114/><G114/><T84/><D102/><U96/><E124/><V94/><F58/><W105/><G105/><T34/><D34/><U66/><E72/><V51/><F51/><W93/><G17/><T46/><REACH who="0" step="1"/><D10/><REACH who="0" step="2"/><U19/><E66/><N who="2" m="39207" /><F35/><W62/><G39/><T59/><D59/><U71/><E103/><V75/><F32/><W69/><G69/><T5/><D5/><U116/><E116/><V60/><F16/><W131/><G131/><T9/><D9/><U112/><E112/><V74/><F11/><W88/><G6/><T12/><D12/><N who="1" m="9447" /><E101/><V106/><F7/><W68/><G0/><T126/><D126/><U20/><E20/><V122/><F3/><W33/><G33/><T123/><D123/><U27/><E67/><V13/><F13/><W57/><G68/><T43/><AGARI ba="0,1" hai="14,15,43,46,47,48,49,52,73,76,82,84,90,92" machi="43" ten="20,5200,0" yaku="1,1,0,1,7,1,54,1,53,0" doraHai="64" doraHaiUra="24" who="0" fromWho="0" sc="243,62,229,-13,283,-13,235,-26" owari="305,30,216,-13,270,2,209,-19" /></mjloggm>