<mjloggm ver="2.3"><GO type="225"/><UN n0="%E3%82%AF%E3%83%AB%E3%83%AB%E2%98%86" n1="%E9%95%B7%E6%9D%91%E3%83%93%E3%83%83%E3%82%B0" n2="%E9%9B%B2%E9%9B%80%E6%81%AD%E5%BC%A5" n3="%E9%9B%81%E7%BA%8F" dan="16,16,17,16" rate="2039,2088,2175,2080" sx="F,M,M,M"/><TAIKYOKU oya="0"/><INIT seed="0,0,0,5,0,17" ten="250,250,250,250" oya="0" hai0="49,63,30,37,42,47,75,114,108,20,110,62,52" hai1="77,4,102,104,120,118,36,90,0,130,14,12,84" hai2="2,95,39,117,131,61,135,122,76,9,100,10,16" hai3="43,24,25,22,38,53,93,26,133,54,112,109,65" shuffle="mt19937ar,D19A793E,9E2668F7,AAFDECF3,99739E3A,1DE5E880,2D698103,7E35B579,63FE7B4C"/><T126/><D114/><U98/><E120/><V33/><F122/><W15/><G112/><T71/><D75/><U113/><E118/><V73/><F33/><W94/><G133/><T28/><D126/><U57/><E36/><V8/><F39/><W46/><G109/><N who="0" m="42091" /><D71/><U5/><E77/><V129/><F135/><W34/><G34/><T60/><D20/><U103/><E103/><V41/><F41/><W50/><G65/><T92/><D92/><N who="3" m="35433" /><G38/><T19/><D19/><AGARI ba="0,0" hai="15,19,22,24,25,26,43,46,50,53,54" m="35433" machi="19" ten="30,2000,0" yaku="8,1,52,1" doraHai="17" who="3" fromWho="0" sc="250,-20,250,0,250,0,250,20" /><INIT seed="1,0,0,1,1,26" ten="230,250,250,270" oya="1" hai0="93,32,106,104,19,10,21,11,15,92,25,30,77" hai1="94,58,0,41,90,78,59,14,84,120,54,107,57" hai2="67,63,108,43,123,131,68,29,124,4,42,98,5" hai3="112,53,81,17,22,75,117,100,122,74,72,91,61" shuffle="mt19937ar,3E45DFC0,162C7B55,90A5999B,02AF0022,175D9D10,670B705F,CBAEFEE2,767D9FFC"/><U33/><E0/><V126/><F123/><W51/><G117/><T127/><D127/><N who="2" m="48682" /><F108/><W16/><G122/><T83/><D10/><U49/><E120/><V113/><F131/><W82/><G112/><T35/><D35/><U95/><E107/><V119/><F119/><W9/><G100/><T46/><D46/><U134/><E134/><V50/><F113/><W47/><G61/><T80/><D106/><U12/><E41/><N who="2" m="15371" /><F50/><W101/><G101/><T130/><D104/><U69/><E69/><V6/><F98/><W37/><G37/><T111/><D111/><U102/><E33/><V115/><F115/><W23/><G17/><T87/><D130/><U89/><E102/><V133/><F133/><W39/><G39/><T65/><D65/><U45/><REACH who="1" step="1"/><E78/><REACH who="1" step="2"/><V129/><F129/><W86/><REACH who="3" step="1"/><G82/><REACH who="3" step="2"/><T114/><D114/><U64/><E64/><V110/><F110/><W55/><G55/><T105/><D105/><U62/><E62/><V76/><F76/><W128/><G128/><T36/><D36/><U38/><E38/><V121/><F121/><W125/><G125/><T71/><D71/><U13/><E13/><AGARI ba="0,2" hai="9,13,16,22,23,47,51,53,72,74,75,81,86,91" machi="13" ten="40,8000,1" yaku="1,1,25,2,54,1,53,0" doraHai="26" doraHaiUra="73" who="3" fromWho="1" sc="230,0,240,-80,250,0,260,100" /><INIT seed="2,0,0,0,5,73" ten="230,160,250,360" oya="2" hai0="40,32,83,21,61,119,77,118,125,9,120,79,53" hai1="4,80,65,113,22,46,130,12,81,51,127,45,8" hai2="135,131,109,104,82,106,34,57,134,42,28,35,94" hai3="60,29,123,49,55,54,99,58,115,95,89,105,5" shuffle="mt19937ar,C99811CC,4128D3B1,4E14FC77,C0B9004F,94FA131B,AC3BDDB3,52F867F1,40FFB062"/><V18/><F131/><W52/><G123/><T97/><D32/><U14/><E113/><V37/><F109/><W92/><G115/><T87/><D120/><U11/><E130/><V91/><F18/><W93/><G105/><N who="2" m="40553" /><F57/><W20/><G5/><T36/><D125/><U41/><E127/><V74/><F91/><W129/><G129/><T100/><D40/><U23/><E65/><V27/><F94/><N who="3" m="36459" /><G49/><T68/><D36/><U70/><E70/><V47/><F35/><W15/><G15/><T96/><D100/><U64/><E64/><V38/><F38/><W128/><G128/><T114/><D114/><U103/><E103/><V90/><F90/><W110/><G110/><T44/><D9/><U19/><REACH who="1" step="1"/><E46/><REACH who="1" step="2"/><V66/><F66/><W30/><G58/><N who="0" m="35023" /><D68/><U124/><E124/><V72/><F72/><W86/><G60/><T63/><D44/><U69/><E69/><V85/><F74/><W107/><G107/><T98/><D63/><U25/><E25/><V2/><F27/><N who="3" m="16615" /><G99/><T31/><D119/><U16/><E16/><V121/><F47/><W132/><G132/><T10/><D118/><U56/><E56/><V43/><F135/><W24/><G24/><N who="0" m="16783" /><D10/><U48/><E48/><V112/><F134/><W13/><G30/><T102/><D102/><U62/><E62/><V50/><F28/><W78/><G13/><T75/><D75/><U7/><E7/><V17/><F50/><W33/><G33/><T126/><D126/><U76/><E76/><AGARI ba="0,1" hai="52,54,55,76,78,86,89,95" m="16615,36459" machi="76" ten="30,7700,0" yaku="8,1,52,2,54,1" doraHai="73" who="3" fromWho="1" sc="230,0,150,-77,250,0,360,87" /><AGARI ba="0,0" hai="76,77,79,83,87,96,97,98" m="16783,35023" machi="76" ten="30,7700,0" yaku="8,1,52,3" doraHai="73" who="0" fromWho="1" sc="230,77,73,-77,250,0,447,0" owari="307,6,-4,-40,250,-10,447,44" /></mjloggm>