<mjloggm ver="2.3"><GO type="225"/><UN n0="%E5%88%BB%E5%AD%90%E5%B8%82%E6%B0%91" n1="%E2%98%85%E3%83%A6%E3%83%94%E3%83%86%E3%83%AB%E2%98%85" n2="%E4%BA%8C%E4%B8%89%E8%B5%A4%E4%BA%94%EF%BC%94%EF%BC%96%EF%BC%98" n3="%E5%BE%85%E3%81%A1%E3%81%A8%E3%82%89%E3%81%9A" dan="17,17,16,16" rate="2103,2085,2081,2047" sx="M,M,M,M"/><TAIKYOKU oya="0"/><INIT seed="0,0,0,1,3,61" ten="250,250,250,250" oya="0" hai0="115,25,51,103,91,100,4,131,7,56,19,54,9" hai1="40,135,32,44,50,21,8,68,57,117,12,127,122" hai2="111,58,75,26,88,38,31,132,39,87,14,16,11" hai3="23,129,5,72,80,134,108,97,125,109,29,2,30" shuffle="mt19937ar,433148F7,C8A53999,53EA6C82,96CE44DC,635C039D,77A527B0,C807FD18,460719E1"/><T6/><D115/><U116/><E32/><V99/><F75/><W92/><G72/><T89/><D131/><U107/><E68/><V67/><F111/><W123/><G80/><T66/><D66/><U113/><E107/><V63/><F132/><W48/><G5/><T133/><D133/><U76/><E135/><V27/><F99/><W3/><G134/><T78/><D78/><U15/><E113/><V34/><REACH who="2" step="1"/><F27/><REACH who="2" step="2"/><W96/><G96/><T79/><D79/><U102/><E116/><V1/><F1/><W70/><G3/><T77/><D77/><U49/><E117/><V93/><AGARI ba="0,1" hai="11,14,16,26,31,34,38,39,58,63,67,87,88,93" machi="93" ten="20,16000,3" yaku="1,1,0,1,7,1,52,1,54,2,53,2" doraHai="61" doraHaiUra="69" who="2" fromWho="2" sc="250,-80,250,-40,240,170,250,-40" /><INIT seed="1,0,0,4,2,27" ten="170,210,410,210" oya="1" hai0="56,86,75,61,69,81,48,3,99,35,77,85,76" hai1="72,40,16,114,132,73,106,96,50,29,30,122,80" hai2="82,49,97,5,109,103,101,78,107,7,6,134,104" hai3="23,135,128,54,39,123,11,45,53,38,64,55,67" shuffle="mt19937ar,EE3159C8,C8B527BE,D0212034,0B15C4BE,012C2110,01415999,6556B3DA,0FCD8728"/><U93/><E122/><V87/><F109/><W112/><G123/><T43/><D3/><U28/><E106/><V79/><F134/><W18/><G135/><T70/><D35/><U32/><E132/><V17/><F17/><W24/><G112/><T74/><D99/><U1/><E32/><V9/><F49/><W130/><G11/><T14/><D14/><U21/><E1/><V92/><F78/><W47/><G18/><T94/><D94/><U42/><E114/><V119/><F119/><W115/><G24/><T105/><D105/><U34/><E34/><V126/><F126/><W44/><G23/><T102/><D102/><U65/><E65/><N who="3" m="25162" /><G115/><T8/><D8/><U121/><E121/><V59/><F59/><W58/><G58/><T60/><D56/><U31/><N who="1" m="7680" /><DORA hai="68" /><U63/><E63/><V13/><F92/><W2/><G2/><T37/><D48/><U83/><E72/><V116/><F116/><W66/><N who="3" m="25170" /><W41/><DORA hai="71" /><G41/><N who="1" m="15978" /><E50/><V12/><F9/><W131/><AGARI ba="0,0" hai="38,39,44,45,47,53,54,55,128,130,131" m="25170" machi="131" ten="50,24000,4" yaku="29,2,28,2,19,1,34,2,52,4" doraHai="27,68,71" who="3" fromWho="3" sc="170,-60,210,-120,410,-60,210,240" /><INIT seed="2,0,0,2,4,28" ten="110,90,350,450" oya="2" hai0="16,45,84,70,72,55,135,81,2,67,38,105,125" hai1="63,73,46,113,20,78,29,108,31,130,109,9,66" hai2="37,79,51,3,119,64,41,61,123,117,98,99,103" hai3="57,69,101,4,90,0,107,96,116,115,6,21,121" shuffle="mt19937ar,392777E0,C8A7A249,DB8C51F2,F27CE1AA,C9ED9F99,E7D313D6,090DBC43,4DDF2F36"/><V60/><F123/><W36/><G121/><T54/><D72/><U58/><E113/><V126/><F3/><W52/><G69/><T134/><D105/><U53/><E130/><V19/><F37/><W10/><G36/><T94/><D125/><U22/><E9/><V77/><F126/><W13/><G116/><T8/><D94/><U95/><E95/><V68/><F61/><W47/><G47/><T42/><D67/><U59/><E46/><V118/><F19/><W18/><G115/><T93/><D93/><U80/><E29/><V132/><F132/><N who="0" m="50730" /><D70/><U129/><E129/><V5/><F5/><W56/><G6/><N who="0" m="1111" /><D16/><U100/><E100/><V89/><F89/><AGARI ba="0,0" hai="38,42,45,54,55,81,84,89" m="1111,50730" machi="89" ten="30,1000,0" yaku="20,1" doraHai="28" who="0" fromWho="2" sc="110,10,90,0,350,-10,450,0" /><INIT seed="3,0,0,0,4,135" ten="120,90,340,450" oya="3" hai0="89,96,56,23,48,110,98,95,59,100,72,61,43" hai1="74,58,99,29,54,77,123,63,7,128,121,94,111" hai2="66,102,36,64,6,60,87,44,115,112,65,75,120" hai3="41,90,81,53,0,109,82,62,19,104,40,119,47" shuffle="mt19937ar,C5DBE926,60E0FF19,8AB98386,70D1CE75,56C7A042,3D78FDF8,D8B2E7CB,B756E2CF"/><W13/><G104/><T50/><D72/><U34/><E111/><V133/><F75/><W11/><G119/><T45/><D110/><U38/><E38/><V14/><F102/><W106/><G109/><T107/><D61/><U101/><E128/><V134/><F87/><N who="3" m="50543" /><G106/><T42/><D23/><U28/><E7/><V24/><F24/><W2/><G82/><T57/><REACH who="0" step="1"/><D42/><REACH who="0" step="2"/><U114/><E114/><N who="2" m="43563" /><F6/><W92/><G62/><T39/><AGARI ba="0,1" hai="39,43,45,48,50,56,57,59,89,95,96,98,100,107" machi="39" ten="30,4000,0" yaku="1,1,0,1,53,1" doraHai="135" doraHaiUra="71" who="0" fromWho="0" sc="110,50,90,-10,340,-10,450,-20" owari="160,-19,80,-32,330,8,430,43" /></mjloggm>