<mjloggm ver="2.3"><GO type="185"/><UN n0="%E3%81%B5%E3%81%8F%EF%BC%A3%EF%BD%88%EF%BD%81%EF%BD%8E%E2%99%AA" n1="%EF%BC%BC%28%EF%BC%BE%6F%EF%BC%BE%29%EF%BC%8F%E2%98%85" n2="%E4%B8%89%E7%94%B0%E6%9D%91%E8%8C%9C" n3="" dan="16,17,17,0" rate="2192,2142,2195,1500" sx="F,M,F,C"/><TAIKYOKU oya="0"/><INIT seed="0,0,0,2,3,122" ten="350,350,350,0" oya="0" hai0="48,134,47,35,38,118,55,50,52,101,37,119,46" hai1="64,93,100,130,69,133,132,70,2,97,94,114,53" hai2="75,82,71,43,32,3,92,106,59,79,129,62,74" hai3="" shuffle="mt19937ar,9F731CAD,DDCC83A1,0B9FA445,E27AB923,61DC4467,6D68CC5E,98E2F805,FA502FA3"/><T115/><D101/><U88/><E2/><V63/><F106/><T111/><D35/><U58/><E114/><V34/><F3/><T110/><REACH who="0" step="1"/><D134/><REACH who="0" step="2"/><U66/><E132/><V85/><F32/><T57/><D57/><U73/><E58/><V120/><F34/><T49/><D49/><U109/><E133/><V80/><F59/><T65/><D65/><U86/><E66/><V89/><F62/><T33/><D33/><U77/><E64/><V41/><F63/><T91/><D91/><U128/><E70/><V0/><F71/><T102/><D102/><U116/><E69/><V45/><F0/><T36/><D36/><U117/><E100/><V56/><F89/><T112/><AGARI ba="0,1" hai="37,38,46,47,48,50,52,55,110,111,112,115,118,119" machi="112" ten="25,24000,4" yaku="1,1,0,1,22,2,34,3,52,2,54,1,53,2" doraHai="122" doraHaiUra="108" who="0" fromWho="0" sc="340,250,350,-120,350,-120,0,0" /><INIT seed="0,1,0,0,5,123" ten="590,230,230,0" oya="0" hai0="79,55,132,112,45,33,107,52,53,111,62,91,74" hai1="37,46,85,109,129,84,51,58,34,39,65,114,54" hai2="130,131,35,105,121,104,43,118,59,97,101,69,119" hai3="" shuffle="mt19937ar,F6E2C790,0B85736D,F2E64834,64A6F867,1232F4BB,2877082F,1E2B4A99,86740BB6"/><T73/><D132/><U78/><E34/><V71/><N who="2" m="31008" /><V44/><F35/><T64/><D112/><U110/><E114/><V40/><F59/><T93/><D107/><U48/><E129/><N who="2" m="49163" /><F104/><T125/><D33/><U76/><E65/><V47/><F44/><T115/><D115/><U1/><E1/><V67/><F43/><T96/><D111/><N who="1" m="42507" /><E85/><V120/><N who="2" m="30752" /><V102/><F102/><T89/><D79/><N who="1" m="30251" /><E84/><V106/><F106/><T81/><D45/><U86/><E86/><V95/><F105/><T2/><D2/><U75/><E75/><V116/><F67/><T117/><D74/><U87/><E87/><V135/><F135/><T108/><D73/><U80/><E80/><V50/><AGARI ba="1,0" hai="40,47,50,69,71,95,97,101,116,118,119" m="30752,49163,31008" machi="50" ten="40,6000,1" yaku="12,1,19,1,52,2" doraHai="123" who="2" fromWho="2" sc="590,-41,230,-21,230,62,0,0" /><INIT seed="1,0,0,1,3,43" ten="549,209,292,0" oya="1" hai0="116,92,97,95,85,124,77,91,72,83,119,36,35" hai1="33,63,67,129,2,117,73,86,50,114,134,59,87" hai2="102,47,68,80,93,89,74,101,120,51,66,45,71" hai3="" shuffle="mt19937ar,05DAD5BA,E9301524,0482BD6A,FD2B1544,B6DAECAE,D4C01461,817248E7,DEE35D79"/><U41/><E33/><V42/><N who="2" m="30752" /><V115/><F115/><T64/><D36/><U39/><E2/><V98/><F102/><T106/><D64/><U54/><E73/><V96/><F66/><T123/><N who="0" m="31520" /><T53/><D53/><U111/><E114/><V108/><F108/><T125/><D35/><U0/><E0/><V112/><F112/><T46/><D46/><U113/><E113/><V76/><REACH who="2" step="1"/><F47/><REACH who="2" step="2"/><T99/><D106/><AGARI ba="0,1" hai="42,45,51,68,71,74,76,80,89,93,96,98,101,106" m="30752" machi="106" ten="30,12000,2" yaku="1,1,2,1,7,1,52,2,53,1" doraHai="43" doraHaiUra="79" who="2" fromWho="0" sc="549,-120,209,0,282,130,0,0" /><INIT seed="2,0,0,4,4,44" ten="429,209,412,0" oya="2" hai0="132,134,96,116,107,102,83,129,0,70,89,125,79" hai1="113,2,112,92,77,120,94,65,105,63,32,122,82" hai2="111,119,1,3,114,95,46,106,59,71,101,72,99" hai3="" shuffle="mt19937ar,31888201,A082EA42,1A9300DB,1F1C8950,5406EFE7,6BB3BEC2,EF21729E,C8A47133"/><V123/><N who="2" m="31520" /><V124/><F119/><T126/><D70/><U76/><N who="1" m="30752" /><U62/><N who="1" m="31264" /><U66/><E32/><V33/><F114/><T121/><N who="0" m="31008" /><T69/><D69/><U41/><E82/><V131/><F71/><T74/><D0/><U91/><E41/><V109/><F33/><T104/><D116/><U133/><E133/><V98/><F131/><T118/><D118/><U34/><E34/><V48/><F72/><T87/><D107/><U57/><E57/><V45/><F46/><T86/><D86/><U68/><E68/><V64/><F59/><T67/><D67/><U58/><E58/><V84/><F84/><T73/><D129/><U60/><E60/><V37/><F37/><T88/><D89/><U78/><E78/><V43/><F64/><T81/><D73/><U93/><E93/><V55/><F43/><T51/><D51/><U49/><E49/><V115/><F115/><T128/><D128/><U127/><E91/><V75/><F75/><T40/><D40/><U108/><E105/><V117/><F117/><T42/><D42/><U50/><E50/><V61/><F61/><T53/><D53/><U90/><E63/><V85/><F3/><T110/><D110/><U35/><E2/><RYUUKYOKU ba="0,0" sc="429,20,209,-10,412,-10,0,0" hai0="74,79,81,83,87,88,96,102,104,125,126,132,134" /><INIT seed="4,1,0,0,5,126" ten="449,199,402,0" oya="0" hai0="42,69,67,130,117,100,97,118,109,128,83,92,125" hai1="89,40,48,96,90,46,110,34,129,112,41,106,64" hai2="1,54,86,107,133,33,93,78,37,81,82,63,73" hai3="" shuffle="mt19937ar,ACC7B520,5F387BB5,020EF22B,F317D075,47473091,22C5A975,78004ADA,94EFBD6B"/><T45/><D125/><U120/><N who="1" m="30752" /><U49/><E34/><V58/><F1/><T84/><D109/><U113/><E110/><V114/><F107/><T132/><D132/><U44/><E64/><V39/><F33/><T121/><N who="0" m="31008" /><T135/><D135/><U0/><E0/><V32/><F32/><T91/><D67/><U38/><E38/><V66/><F114/><N who="1" m="44137" /><E129/><N who="0" m="49769" /><D69/><U94/><E106/><V72/><F133/><T57/><D57/><U55/><E55/><V76/><F54/><T122/><N who="0" m="31264" /><T59/><D59/><U80/><E80/><V53/><F53/><T124/><D124/><U47/><E90/><AGARI ba="1,0" hai="37,39,58,63,66,72,73,76,78,81,82,86,90,93" machi="90" ten="40,1300,0" yaku="9,1" doraHai="126" who="2" fromWho="1" sc="449,0,199,-15,402,15,0,0" /><INIT seed="5,0,0,5,2,100" ten="449,184,417,0" oya="1" hai0="62,94,3,104,44,101,33,109,38,86,66,111,120" hai1="110,95,2,99,55,85,40,61,67,123,46,134,68" hai2="98,129,131,122,114,35,72,97,54,50,43,92,93" hai3="" shuffle="mt19937ar,C4C63030,A701A373,FF801255,15E84F80,B7353197,34375AF6,9D90AC0A,EF905128"/><U74/><N who="1" m="31520" /><U112/><E74/><V77/><N who="2" m="31264" /><V58/><F35/><T42/><N who="0" m="30752" /><T118/><D118/><U37/><E2/><V48/><F114/><T47/><D33/><U88/><E112/><V107/><F72/><T83/><D3/><U121/><N who="1" m="31008" /><U79/><E110/><V52/><F43/><T34/><D47/><U51/><E134/><V81/><F81/><T60/><D94/><U53/><E79/><V70/><F70/><T56/><D34/><U130/><E130/><V64/><F64/><T96/><REACH who="0" step="1"/><D62/><REACH who="0" step="2"/><U57/><REACH who="1" step="1"/><E53/><REACH who="1" step="2"/><V113/><F52/><T1/><D1/><U65/><E65/><V78/><F54/><T135/><D135/><U84/><AGARI ba="0,2" hai="37,40,46,51,55,57,61,67,68,84,85,88,95,99" m="31008,31520" machi="84" ten="30,12000,2" yaku="1,1,0,1,24,2,52,2,54,1,53,0" doraHai="100" doraHaiUra="73" who="1" fromWho="1" sc="439,-60,174,140,417,-60,0,0" /><INIT seed="5,1,0,5,1,64" ten="379,314,357,0" oya="1" hai0="47,0,52,51,80,49,78,98,89,132,73,69,85" hai1="62,131,121,125,43,76,74,72,134,33,97,37,119" hai2="42,112,104,127,108,68,96,126,57,123,117,91,63" hai3="" shuffle="mt19937ar,E4857227,8BCD9CB7,BB7A3762,A572F0F6,E248C69C,46276583,B873E1E9,107AE9A9"/><U116/><N who="1" m="31008" /><U48/><E33/><V40/><N who="2" m="31520" /><V128/><F117/><T39/><D132/><U53/><E134/><V44/><F108/><T83/><D39/><U113/><E113/><V135/><F112/><T67/><D0/><U94/><E131/><V88/><F135/><T105/><D51/><U58/><E37/><V122/><N who="2" m="31264" /><V55/><F68/><T2/><D2/><U71/><E125/><N who="2" m="47627" /><F40/><T36/><D36/><U60/><E60/><V84/><F84/><T38/><D38/><U120/><N who="1" m="30752" /><U77/><E74/><V1/><F1/><T114/><D114/><U50/><E50/><V70/><F70/><T107/><REACH who="0" step="1"/><D98/><REACH who="0" step="2"/><U66/><E43/><V103/><F128/><T54/><D54/><U90/><REACH who="1" step="1"/><E72/><REACH who="1" step="2"/><V106/><F42/><T86/><D86/><U100/><E100/><V75/><F103/><T82/><D82/><U56/><E56/><V59/><F57/><T61/><AGARI ba="1,2" hai="47,49,52,61,67,69,73,78,80,83,85,89,105,107" machi="61" ten="30,5900,0" yaku="1,1,0,1,52,1,54,1,53,0" doraHai="64" doraHaiUra="34" who="0" fromWho="0" sc="369,81,304,-40,357,-21,0,0" /><INIT seed="6,0,0,4,3,93" ten="450,264,336,0" oya="2" hai0="126,42,129,112,117,88,91,78,69,52,38,96,60" hai1="37,111,54,123,40,76,81,134,90,83,50,41,74" hai2="46,119,43,107,49,77,39,59,1,61,34,101,131" hai3="" shuffle="mt19937ar,7F814540,6FB524EF,D9F34C2B,344DEFF2,75444815,D21D4A0E,9FF16566,CF30477F"/><V2/><F34/><T51/><D117/><U57/><N who="1" m="31520" /><U114/><E111/><V47/><F119/><T85/><D126/><U71/><E134/><V62/><F131/><T103/><D129/><U102/><E114/><V73/><F62/><T95/><D112/><U75/><E71/><V82/><F101/><T44/><D69/><U110/><E110/><V128/><F107/><T120/><N who="0" m="30752" /><T105/><D60/><U118/><E118/><V68/><F128/><T48/><D78/><U66/><E66/><V99/><F99/><T106/><D91/><U121/><N who="1" m="31008" /><U79/><E37/><V135/><F135/><T97/><D52/><U132/><E132/><V122/><N who="2" m="31264" /><V80/><F80/><T125/><D125/><U127/><E127/><V0/><F68/><T58/><D58/><U35/><E35/><V98/><F98/><T113/><D113/><U65/><E65/><V53/><REACH who="2" step="1"/><F0/><REACH who="2" step="2"/><T67/><D67/><AGARI ba="0,1" hai="1,2,39,43,46,47,49,53,59,61,67,73,77,82" m="31264" machi="67" ten="30,11600,0" yaku="1,1,2,1,7,1,52,1,53,0" doraHai="93" doraHaiUra="87" who="2" fromWho="0" sc="450,-116,264,0,326,126,0,0" owari="334,-7,264,-34,452,41,0,0" /></mjloggm>