<mjloggm ver="2.3"><GO type="225"/><UN n0="%52%65%64%4D%61%67%69%63" n1="%6B%6F%67%65%70%61%6E" n2="%E6%A1%9C%E8%8A%B1%E9%96%83%E3%80%85" n3="%E3%83%80%E3%83%A0%E3%83%9E%E3%83%8B%E3%82%A2" dan="16,16,16,16" rate="2024,2061,2030,2146" sx="M,M,M,M"/><TAIKYOKU oya="0"/><INIT seed="0,0,0,2,3,132" ten="250,250,250,250" oya="0" hai0="77,26,59,61,108,99,30,115,62,102,127,78,0" hai1="36,64,40,72,84,103,15,113,7,38,117,93,22" hai2="126,109,67,41,105,55,57,71,66,60,97,63,19" hai3="58,111,112,128,95,5,54,75,91,125,12,119,74" shuffle="mt19937ar,00F5D936,CAA2BA1F,1BE1E18C,C2F6D7B3,D426A7EA,0B8DC26A,50D63961,9BFFB1B0"/><T124/><D115/><U123/><E72/><V121/><F19/><W56/><G119/><T34/><D0/><U82/><E117/><V28/><F28/><W104/><G104/><T116/><D116/><U87/><E123/><V16/><F121/><W100/><G100/><T21/><D34/><U73/><E73/><V46/><F109/><W133/><G112/><T35/><D35/><U48/><E113/><V14/><F55/><W33/><G33/><T76/><D108/><U130/><E64/><V131/><F131/><W42/><G42/><T29/><D29/><U85/><E130/><V37/><F105/><W68/><G68/><T94/><D61/><U44/><E38/><V25/><F97/><W49/><G133/><T70/><D70/><U89/><E36/><V3/><F3/><W86/><G111/><T135/><D135/><U45/><E45/><V81/><F81/><W107/><G107/><T69/><D69/><U6/><E103/><V101/><F101/><W23/><G128/><T20/><REACH who="0" step="1"/><D21/><REACH who="0" step="2"/><U88/><E85/><V43/><F63/><W4/><G75/><T18/><D18/><AGARI ba="0,1" hai="6,7,15,18,22,40,44,48,82,84,87,88,89,93" machi="18" ten="40,2600,0" yaku="8,1,54,1" doraHai="132" who="1" fromWho="0" sc="240,-26,250,36,250,0,250,0" /><INIT seed="1,0,0,2,1,63" ten="214,286,250,250" oya="1" hai0="105,123,38,20,82,93,134,121,132,77,10,83,18" hai1="0,1,49,104,128,88,34,56,99,24,72,41,97" hai2="4,122,87,7,65,6,101,116,53,94,113,89,66" hai3="106,61,103,36,46,17,110,117,50,70,135,130,102" shuffle="mt19937ar,72F0F235,10D1745D,1C503B77,1E3E2F6E,74B6CC21,F847B372,A64B205A,9499743E"/><U32/><E72/><V68/><F122/><N who="0" m="46602" /><D38/><U95/><E128/><V16/><F116/><W131/><G36/><T45/><D45/><U28/><E32/><V25/><F113/><W75/><G75/><N who="0" m="43327" /><D10/><U57/><E41/><V115/><F115/><W111/><G106/><T12/><D83/><U124/><E124/><V108/><F108/><N who="3" m="41515" /><G17/><T69/><D93/><U33/><E33/><V112/><F112/><W44/><G117/><T86/><D86/><U129/><E129/><N who="3" m="49162" /><G135/><N who="0" m="51755" /><D69/><U29/><E29/><V2/><F68/><W125/><G125/><T73/><D73/><U81/><E81/><N who="2" m="49391" /><F2/><W22/><G22/><T54/><D54/><U98/><E1/><V79/><F79/><W8/><G8/><T67/><D105/><U120/><E0/><V39/><F39/><W13/><G13/><T100/><D100/><N who="3" m="38441" /><G50/><T52/><D52/><U48/><E104/><V118/><F53/><W74/><G74/><T51/><D51/><U30/><E49/><V60/><F118/><W42/><G42/><T11/><D11/><U133/><E48/><V21/><F60/><W37/><G37/><T80/><D80/><U31/><E120/><V26/><F26/><W107/><G107/><T58/><D58/><N who="1" m="22635" /><E24/><V14/><F25/><W5/><G5/><T92/><D92/><U15/><E34/><V43/><F43/><W47/><G61/><T78/><D78/><U62/><E62/><V64/><F7/><W114/><G114/><T71/><D71/><AGARI ba="0,0" hai="44,46,47,70,71" m="38441,49162,41515" machi="71" ten="40,8000,1" yaku="28,2,14,1,19,1" doraHai="63" who="3" fromWho="0" sc="214,-80,286,0,250,0,250,80" /><INIT seed="2,0,0,1,1,14" ten="134,286,250,330" oya="2" hai0="59,84,112,41,108,113,81,125,120,91,97,56,11" hai1="45,110,93,95,129,46,86,17,19,16,76,70,103" hai2="22,18,73,98,28,96,23,9,32,83,57,126,8" hai3="90,133,2,122,131,34,127,80,132,25,36,40,27" shuffle="mt19937ar,B80322CA,22F9FE94,CD025230,8A74FF5C,89F7D69D,156D64C6,81E9CEDD,C199EB63"/><V47/><F126/><W20/><G2/><T33/><D33/><U53/><E70/><V79/><F32/><W4/><G122/><T39/><D125/><U119/><E119/><V102/><F47/><N who="1" m="17929" /><E110/><V94/><F57/><W130/><G4/><T62/><D120/><U134/><E129/><N who="3" m="49162" /><G36/><T30/><D108/><U78/><E134/><N who="3" m="51818" /><G40/><T7/><D30/><U1/><E1/><V29/><F96/><W104/><G104/><T74/><D74/><U75/><E75/><V115/><F115/><W0/><G0/><T61/><D97/><N who="1" m="59823" /><E53/><V128/><F128/><W92/><G80/><T12/><D39/><U64/><E64/><V66/><F66/><W89/><G127/><T71/><D71/><U67/><E67/><V37/><F37/><W26/><G34/><T50/><D113/><U88/><AGARI ba="0,0" hai="16,17,19,76,78,86,88,95" m="59823,17929" machi="88" ten="30,12000,2" yaku="8,1,52,3,54,2" doraHai="14" who="1" fromWho="1" sc="134,-30,286,120,250,-60,330,-30" /><INIT seed="3,0,0,4,0,48" ten="104,406,190,300" oya="3" hai0="31,19,102,97,86,99,109,104,51,25,32,85,76" hai1="60,26,58,73,35,135,67,12,55,13,100,88,4" hai2="117,72,118,64,89,37,116,66,46,23,24,40,91" hai3="11,128,111,47,84,122,101,71,49,96,22,45,113" shuffle="mt19937ar,797447CE,48E7932B,90A75030,D5624E9D,9E869A50,EE7FC4BA,FD6D7556,6B1CC683"/><W17/><G71/><T93/><D109/><U134/><E73/><V20/><F72/><W81/><G122/><T92/><D19/><U56/><E100/><V110/><F110/><W1/><G113/><T105/><D51/><U14/><E88/><V74/><F74/><W114/><G114/><T5/><D5/><U9/><E26/><V129/><F129/><W6/><G128/><T126/><D126/><U77/><E77/><V54/><F23/><W121/><G111/><T62/><D62/><N who="1" m="38359" /><E35/><V132/><F132/><AGARI ba="0,0" hai="4,9,12,13,14,55,56,60,132,134,135" m="38359" machi="132" ten="30,2000,0" yaku="20,1,52,1" doraHai="48" who="1" fromWho="2" sc="104,0,406,20,190,-20,300,0" owari="104,-30,426,43,170,-18,300,5" /></mjloggm>