<mjloggm ver="2.3"><GO type="225"/><UN n0="%E3%81%BF%E3%81%A3%E3%81%A4%E3%81%83%EF%BD%9E" n1="%E2%98%85%E3%83%A6%E3%83%94%E3%83%86%E3%83%AB%E2%98%85" n2="%E3%83%80%E3%83%A0%E3%83%9E%E3%83%8B%E3%82%A2" n3="%23%37%34%E5%A4%A7%E6%B2%BB%E9%83%8E" dan="17,17,16,16" rate="2189,2067,2129,2048" sx="F,M,M,M"/><TAIKYOKU oya="0"/><INIT seed="0,0,0,4,2,126" ten="250,250,250,250" oya="0" hai0="65,43,113,91,131,20,127,5,22,73,104,59,32" hai1="117,101,111,58,60,82,116,76,75,122,56,125,40" hai2="25,6,10,124,16,50,95,45,98,92,94,106,19" hai3="0,8,107,74,79,36,132,133,44,121,35,29,17" shuffle="mt19937ar,894636B8,B1A8F06D,065AF978,C29C852F,879E4D11,E4FFE907,59E9FE81,97386054"/><T57/><D32/><U99/><E122/><V2/><F25/><N who="3" m="18863" /><G17/><T68/><D104/><U12/><E111/><V37/><F37/><W51/><G51/><T33/><D73/><U128/><E125/><V30/><F30/><W34/><G34/><T83/><D33/><U24/><E128/><V15/><F124/><W48/><G48/><T49/><D131/><U46/><E24/><V129/><F129/><W108/><G121/><T1/><D68/><U41/><E58/><V52/><REACH who="2" step="1"/><F2/><REACH who="2" step="2"/><W26/><G26/><T71/><D1/><U28/><E28/><V100/><AGARI ba="0,1" hai="6,10,15,16,19,45,50,52,92,94,95,98,100,106" machi="100" ten="30,8000,1" yaku="1,1,2,1,0,1,54,2,53,0" doraHai="126" doraHaiUra="67" who="2" fromWho="2" sc="250,-40,250,-20,240,90,250,-20" /><INIT seed="1,0,0,1,2,100" ten="210,230,330,230" oya="1" hai0="17,50,71,89,28,61,58,84,38,94,102,44,54" hai1="49,75,57,26,117,51,123,110,82,112,66,55,15" hai2="76,133,73,5,68,47,9,79,69,92,3,48,14" hai3="22,122,1,78,18,33,36,30,67,25,111,10,21" shuffle="mt19937ar,310C80AA,063CE179,7A091638,CB18EBE7,A54A5BA5,4791D966,C1FFFA43,07DCBC33"/><U87/><E123/><V129/><F3/><W20/><G36/><T116/><D116/><U40/><E117/><V0/><F0/><W91/><G78/><T95/><D28/><U131/><E112/><V23/><F133/><W63/><G122/><T12/><D71/><U127/><E131/><V27/><F129/><W13/><G91/><T70/><D70/><U106/><E127/><V85/><F73/><W125/><G125/><T62/><D38/><U56/><E110/><V39/><F39/><W113/><G113/><T41/><D102/><U88/><E75/><V99/><F85/><W77/><G77/><T24/><D24/><U65/><E26/><V46/><F46/><W32/><G111/><T52/><D94/><U11/><E106/><V64/><F64/><W59/><REACH who="3" step="1"/><G33/><REACH who="3" step="2"/><T31/><D31/><U42/><E66/><V126/><F126/><W2/><AGARI ba="0,1" hai="1,2,10,13,18,20,21,22,25,30,32,59,63,67" machi="2" ten="30,8000,1" yaku="1,1,2,1,0,1,53,2" doraHai="100" doraHaiUra="34" who="3" fromWho="3" sc="210,-20,230,-40,330,-20,220,90" /><INIT seed="2,0,0,0,4,107" ten="190,190,310,310" oya="2" hai0="102,63,5,104,132,27,52,109,15,53,67,76,119" hai1="54,20,29,121,45,46,127,1,0,32,51,64,116" hai2="120,7,9,133,3,49,16,131,37,60,36,10,92" hai3="97,48,14,111,58,82,55,41,26,8,134,84,39" shuffle="mt19937ar,2602E969,CEC438C5,90FB46E5,767DDF70,040E5542,5F65627B,19ADC75A,441F5B9F"/><V61/><F120/><W114/><G134/><T69/><D76/><U80/><E121/><V83/><F133/><W130/><G130/><T4/><D132/><U110/><E116/><V135/><F135/><W126/><G114/><T31/><D119/><U28/><E127/><V25/><F131/><W89/><G126/><T33/><D109/><U2/><E110/><V94/><F37/><W124/><G124/><T81/><D81/><U62/><E32/><V93/><F36/><W65/><G111/><T50/><D15/><U6/><E6/><V68/><F68/><W113/><G113/><T115/><D115/><U35/><E35/><V86/><F49/><W57/><G26/><T106/><D106/><U75/><E46/><V78/><REACH who="2" step="1"/><F9/><REACH who="2" step="2"/><W66/><G39/><T24/><D50/><U56/><REACH who="1" step="1"/><E20/><AGARI ba="0,1" hai="3,7,10,16,20,25,60,61,78,83,86,92,93,94" machi="20" ten="40,7700,0" yaku="1,1,2,1,54,1,53,0" doraHai="107" doraHaiUra="71" who="2" fromWho="1" sc="190,0,190,-77,300,87,310,0" /><INIT seed="2,1,0,3,2,53" ten="190,113,387,310" oya="2" hai0="58,127,105,60,59,134,22,112,74,88,116,10,52" hai1="37,39,91,63,19,17,104,2,24,75,42,89,93" hai2="38,128,87,64,114,100,95,126,21,67,73,7,123" hai3="83,13,70,80,57,0,47,30,12,14,121,16,72" shuffle="mt19937ar,72904E91,05DC7FFB,DC43348C,E65AE15E,846869C6,B74D8942,C1CA3EF2,0A5CA92C"/><V117/><F73/><W29/><G70/><T1/><D105/><U8/><E104/><V129/><F38/><W113/><G121/><T25/><D74/><U86/><E75/><V79/><F123/><W110/><G0/><T32/><D32/><U111/><E111/><V98/><F117/><W90/><G110/><T44/><D112/><U51/><E2/><V82/><F114/><W71/><G71/><T120/><D120/><U20/><E63/><V122/><F122/><W103/><G113/><T50/><D116/><U115/><E115/><V94/><F126/><W9/><G47/><T35/><D35/><U26/><E8/><V119/><F119/><W43/><G43/><T18/><D127/><U15/><E15/><V102/><F7/><W131/><G131/><N who="2" m="50249" /><F21/><W5/><G72/><T62/><D1/><U11/><E11/><V124/><F124/><W41/><G41/><N who="0" m="24847" /><D10/><U132/><E132/><V76/><F76/><W49/><G103/><N who="2" m="39465" /><F98/><W40/><G90/><T54/><D134/><U55/><E42/><V118/><F118/><W46/><G13/><T56/><D88/><U33/><E91/><V69/><F69/><W92/><G92/><AGARI ba="1,0" hai="64,67,79,82,87,92,94,95" m="39465,50249" machi="92" ten="30,1500,0" yaku="19,1" doraHai="53" who="2" fromWho="3" sc="190,0,113,0,387,18,310,-18" /><INIT seed="2,2,0,3,1,21" ten="190,113,405,292" oya="2" hai0="37,16,67,89,45,53,99,14,36,127,112,56,102" hai1="13,28,114,70,52,119,105,11,68,75,129,98,81" hai2="58,83,97,100,121,87,128,5,15,22,125,85,132" hai3="42,29,55,48,2,60,50,59,49,73,76,110,64" shuffle="mt19937ar,08990D04,8EE4182D,3E6CDC26,A3942325,DA800A71,B9676679,B9287EF0,CE23A0BF"/><V33/><F33/><W10/><G110/><T124/><D112/><U106/><E114/><V111/><F121/><W101/><G101/><T107/><D67/><U65/><E119/><V94/><F111/><W123/><G123/><T25/><D89/><U84/><E129/><V88/><F128/><W95/><G95/><T20/><D14/><U134/><E134/><V91/><F132/><W104/><G104/><T47/><D47/><U133/><E133/><V35/><F35/><W72/><G42/><T92/><D107/><U17/><E75/><V44/><F125/><N who="0" m="48202" /><D45/><U93/><E68/><V30/><F44/><W135/><G135/><T116/><D116/><U66/><E70/><V120/><F58/><W103/><G103/><T118/><D118/><U7/><E106/><V46/><F46/><W80/><G72/><T78/><D78/><U40/><E105/><V19/><F120/><W26/><G10/><T34/><D34/><U74/><E40/><V63/><F63/><AGARI ba="2,0" hai="16,20,25,36,37,53,56,63,92,99,102" m="48202" machi="63" ten="30,3900,0" yaku="18,1,52,1,54,1" doraHai="21" who="0" fromWho="2" sc="190,45,113,0,405,-45,292,0" /><INIT seed="3,0,0,2,1,123" ten="235,113,360,292" oya="3" hai0="8,95,49,33,40,127,130,17,25,67,32,60,18" hai1="38,10,96,52,108,19,78,82,132,2,20,98,66" hai2="30,50,105,126,4,44,68,51,106,21,103,92,15" hai3="97,83,135,79,129,90,46,116,118,13,104,74,31" shuffle="mt19937ar,18705FD9,E87D7C7C,1A64A581,4D065D6E,81232EBF,5F9C8823,9C86B555,D9C889AE"/><W102/><G31/><T28/><D33/><U94/><E38/><V93/><F68/><W62/><G135/><T85/><D130/><U114/><E132/><V23/><F106/><W35/><G35/><T57/><D127/><U111/><E114/><V61/><F105/><W91/><G129/><T14/><D40/><U128/><E128/><V43/><F126/><W59/><G46/><T1/><D49/><U69/><E66/><V134/><F134/><W37/><G37/><T22/><D18/><U131/><E69/><V89/><F103/><W71/><G71/><T101/><D85/><U86/><E131/><V99/><F61/><W24/><G24/><T63/><D60/><U58/><E10/><N who="2" m="4551" /><F93/><W70/><G70/><T27/><D27/><U16/><E2/><V5/><F5/><W72/><G13/><T65/><D65/><U100/><E96/><V112/><F112/><W121/><G121/><T6/><D95/><U125/><E125/><V80/><F80/><W56/><G72/><T76/><D101/><U42/><E42/><N who="2" m="24855" /><F30/><W9/><G9/><T88/><D76/><U120/><E120/><V133/><F133/><W117/><REACH who="3" step="1"/><G56/><REACH who="3" step="2"/><T7/><D7/><U73/><E73/><V75/><F75/><W53/><AGARI ba="0,1" hai="53,59,62,74,79,83,90,91,97,102,104,116,117,118" machi="53" ten="30,11700,0" yaku="1,1,2,1,0,1,53,1" doraHai="123" doraHaiUra="54" who="3" fromWho="3" sc="235,-39,113,-39,360,-39,282,127" owari="196,-15,74,-33,321,7,409,41" /></mjloggm>