<mjloggm ver="2.3"><GO type="225"/><UN n0="%E7%AB%9C%E9%A9%A4%E9%BA%9F%E6%8C%AF" n1="%E5%85%AD%E5%88%86%E5%84%80" n2="%E9%95%B7%E5%B2%A1%E5%A4%A7%E6%98%8E%E7%A5%9E" n3="%E2%98%85%E3%83%A6%E3%83%94%E3%83%86%E3%83%AB%E2%98%85" dan="17,18,16,17" rate="2018,2158,2048,2076" sx="M,F,F,M"/><TAIKYOKU oya="0"/><INIT seed="0,0,0,5,2,71" ten="250,250,250,250" oya="0" hai0="115,12,101,23,73,90,14,43,22,64,52,27,132" hai1="130,29,84,48,28,11,92,134,4,105,5,121,83" hai2="33,15,103,21,30,78,55,61,128,91,66,42,131" hai3="68,102,60,16,123,25,113,120,127,6,88,18,100" shuffle="mt19937ar,4E2201F8,7A417366,B343227D,5FC0FE0A,CF7BD67B,5D84232A,6A805500,3EB56C52"/><T74/><D115/><U45/><E105/><V31/><F78/><W26/><G113/><T97/><D132/><U117/><E117/><V72/><F72/><W63/><G6/><T69/><D43/><U37/><E121/><V99/><F55/><W111/><G111/><T24/><D90/><U13/><E37/><V41/><F91/><W133/><G88/><T54/><D69/><U17/><E134/><V47/><F33/><W135/><REACH who="3" step="1"/><G68/><REACH who="3" step="2"/><T98/><REACH who="0" step="1"/><D64/><REACH who="0" step="2"/><U79/><E130/><V65/><F65/><W2/><G2/><T110/><D110/><U57/><E79/><V85/><F66/><W53/><G53/><T46/><D46/><U77/><E45/><V7/><F47/><W119/><G119/><T118/><D118/><U108/><E108/><V58/><F131/><W89/><G89/><T96/><D96/><U67/><E77/><V62/><F99/><W32/><G32/><T39/><D39/><U36/><E36/><V114/><F114/><W95/><G95/><T3/><D3/><U122/><E92/><V51/><F128/><W19/><G19/><T93/><D93/><U94/><E94/><V104/><F104/><W44/><G44/><T20/><D20/><U9/><E17/><V126/><F21/><W40/><G40/><T49/><D49/><U87/><E48/><V107/><F42/><W106/><G106/><T81/><D81/><U125/><E83/><V59/><F51/><W1/><G1/><T8/><D8/><U129/><E11/><V38/><F41/><W109/><G109/><T80/><D80/><U86/><E9/><RYUUKYOKU ba="0,2" sc="240,15,250,-15,250,-15,240,15" hai0="12,14,22,23,24,27,52,54,73,74,97,98,101" hai3="16,18,25,26,60,63,100,102,120,123,127,133,135" /><INIT seed="0,1,2,1,1,15" ten="255,235,235,255" oya="0" hai0="12,87,100,47,58,115,56,16,0,5,98,76,91" hai1="75,119,118,135,22,99,64,41,83,77,43,126,29" hai2="18,90,26,106,72,89,96,104,11,122,88,61,1" hai3="54,20,28,79,9,81,86,117,133,50,114,2,128" shuffle="mt19937ar,B75B67A0,F8321CDA,811E6560,A5ADE814,42E9659B,073DDB6D,8C43E9E0,17170D43"/><T19/><D115/><U14/><E135/><V17/><F72/><W38/><G114/><T44/><D76/><U6/><E126/><V35/><F122/><W132/><G38/><T116/><D116/><U107/><E64/><V37/><F37/><W21/><G117/><T45/><D0/><U36/><E29/><V40/><F40/><W80/><G128/><T123/><D123/><U103/><E43/><V49/><F49/><W120/><G120/><T78/><D78/><U102/><E6/><V108/><F108/><W10/><G81/><N who="0" m="49647" /><D5/><U70/><E70/><V85/><F1/><W62/><G62/><T130/><D130/><U42/><E42/><V46/><F46/><W73/><G73/><T53/><D12/><U68/><E68/><V30/><F11/><N who="3" m="4107" /><G2/><T51/><D56/><U63/><E118/><V113/><F113/><W13/><G28/><T65/><D65/><U92/><E119/><V110/><F110/><W84/><G13/><T27/><D27/><U112/><E14/><V31/><F31/><W33/><G33/><T95/><AGARI ba="1,2" hai="16,19,44,45,47,51,53,58,95,98,100" m="49647" machi="95" ten="30,11700,0" yaku="8,1,52,2,54,1" doraHai="15" who="0" fromWho="0" sc="255,140,235,-40,235,-40,255,-40" /><INIT seed="0,2,0,4,0,43" ten="395,195,195,215" oya="0" hai0="75,11,44,127,41,18,99,103,68,15,54,48,73" hai1="94,95,33,135,50,118,66,82,85,74,121,110,42" hai2="124,125,10,25,128,102,123,119,3,63,79,14,62" hai3="5,108,65,113,22,12,106,17,46,40,87,112,96" shuffle="mt19937ar,3EF5B90B,D284B5DF,43287D0D,E8FAB672,A05BFF31,A4BC7551,4885C7AD,85015E7F"/><T72/><D68/><U30/><E118/><V93/><F123/><W34/><G34/><T97/><D127/><N who="2" m="48714" /><F3/><W77/><G108/><T115/><D115/><U70/><E121/><V36/><F128/><W6/><G65/><T101/><REACH who="0" step="1"/><D41/><REACH who="0" step="2"/><U61/><E70/><V78/><F119/><W84/><G113/><T67/><D67/><U134/><E66/><V76/><F36/><W109/><G112/><T59/><D59/><U60/><E42/><V7/><F25/><W35/><G109/><T104/><D104/><U56/><E110/><V24/><F24/><W83/><G106/><T64/><D64/><U92/><E56/><V57/><F57/><W47/><G40/><T37/><D37/><U88/><E134/><V9/><F9/><W26/><G26/><T58/><D58/><U27/><E135/><V53/><F53/><W80/><G35/><T129/><D129/><U90/><E90/><V126/><F126/><W51/><G51/><T29/><D29/><U89/><E50/><V120/><F120/><W91/><G96/><AGARI ba="2,1" hai="11,15,18,44,48,54,72,73,75,96,97,99,101,103" machi="96" ten="40,7700,0" yaku="1,1,52,1,53,1" doraHai="43" doraHaiUra="4" who="0" fromWho="3" sc="385,93,195,0,195,0,215,-83" /><AGARI ba="2,0" hai="7,10,14,62,63,76,78,79,93,96,102" m="48714" machi="96" ten="30,1000,0" yaku="18,1" doraHai="43" who="2" fromWho="3" sc="478,0,195,0,195,10,132,-10" /><INIT seed="0,3,0,4,3,20" ten="478,195,205,122" oya="0" hai0="71,41,45,116,77,70,35,99,98,130,32,8,85" hai1="27,11,65,114,28,88,22,33,63,129,47,69,3" hai2="72,16,113,58,51,101,37,61,134,92,87,55,120" hai3="110,6,125,12,73,15,1,83,81,57,124,13,34" shuffle="mt19937ar,A398FE6A,35B127E0,88DB2F5D,A344F1A1,C5F12076,C2C62C5E,E4D0B589,6CEE32C5"/><T112/><D112/><U50/><E114/><V60/><F72/><W104/><G104/><T52/><D116/><U56/><E129/><V68/><F37/><W0/><G57/><T46/><D130/><U84/><E33/><V119/><F113/><W82/><G73/><T131/><D131/><U117/><E117/><V23/><F119/><W106/><G106/><T109/><D109/><U29/><E69/><V66/><F120/><W2/><G34/><T36/><D8/><U95/><E3/><V96/><F134/><W122/><G110/><T7/><D7/><U53/><E11/><V4/><F4/><W126/><G6/><T31/><D77/><U90/><E90/><V75/><F75/><W74/><G74/><T21/><D85/><U76/><E76/><V59/><F87/><W123/><AGARI ba="3,0" hai="0,1,2,12,13,15,81,82,83,122,123,124,125,126" machi="123" ten="50,32000,5" yakuman="41" doraHai="20" who="3" fromWho="3" sc="478,-163,195,-83,205,-83,122,329" /><INIT seed="1,0,0,1,3,85" ten="315,112,122,451" oya="1" hai0="99,122,93,89,8,121,100,119,106,133,41,20,52" hai1="97,65,3,32,77,111,72,125,128,45,78,46,57" hai2="132,117,55,19,108,107,75,81,73,118,1,16,10" hai3="33,26,2,0,103,80,30,90,87,71,98,88,43" shuffle="mt19937ar,BA3C68A5,493FE1F9,855D373E,A8D11ACD,2B15DA59,1579BA6C,0F84E311,73EC8E7F"/><U12/><E3/><V82/><F107/><W101/><G71/><T54/><D41/><U13/><E32/><V9/><F1/><W76/><G43/><T67/><D119/><U79/><E72/><V86/><F86/><W29/><G103/><T18/><D67/><U59/><E125/><V104/><F104/><W96/><G96/><N who="0" m="57391" /><D8/><U131/><E97/><V11/><F55/><W83/><G30/><T4/><D4/><U6/><E6/><V40/><F40/><W70/><G70/><T56/><D133/><U116/><E116/><N who="2" m="44651" /><F108/><W39/><G39/><T5/><D5/><U35/><E35/><V109/><F109/><W66/><G66/><T27/><D54/><U84/><E84/><V123/><F123/><W34/><G34/><T24/><D24/><U36/><E36/><V114/><F114/><W64/><G64/><T42/><D42/><U37/><E37/><V15/><F15/><N who="1" m="5705" /><E65/><V129/><F129/><N who="1" m="49737" /><E111/><V120/><F120/><W112/><G112/><T21/><D21/><U48/><E48/><V38/><F38/><W92/><G0/><T113/><D113/><U61/><E61/><AGARI ba="0,0" hai="18,20,27,52,56,61,99,100,106,121,122" m="57391" machi="61" ten="30,3900,0" yaku="25,1,52,1,54,1" doraHai="85" who="0" fromWho="1" sc="315,39,112,-39,122,0,451,0" /><INIT seed="2,0,0,3,1,39" ten="354,73,122,451" oya="2" hai0="132,4,28,96,130,122,18,98,118,38,14,40,58" hai1="85,6,79,7,36,48,114,100,109,63,70,23,65" hai2="101,55,68,115,104,62,82,16,56,112,24,84,29" hai3="131,19,81,133,1,108,49,111,47,95,78,124,42" shuffle="mt19937ar,C1751BEB,D263F532,35513D04,2E313E11,8A377458,2AB9AE0A,8E41317B,CE5903C7"/><V0/><F0/><W94/><G1/><T113/><D113/><U126/><E36/><V11/><F68/><W35/><G35/><T2/><D122/><U121/><E114/><V44/><F101/><W97/><G124/><T117/><D28/><U13/><E126/><V128/><F104/><W107/><G131/><T83/><D130/><U99/><E121/><V134/><F128/><W31/><G31/><T51/><D38/><U110/><E48/><V92/><F92/><W106/><G19/><T37/><D37/><U61/><E61/><V17/><F134/><W15/><G15/><T10/><D83/><U127/><E127/><V21/><F44/><W75/><G95/><T22/><D132/><U43/><E43/><V46/><F46/><W8/><G8/><T129/><D129/><U93/><E23/><V72/><F72/><W89/><G133/><T60/><D51/><U90/><E79/><V123/><F123/><W27/><G27/><T33/><D33/><U25/><E25/><V32/><F11/><W5/><G5/><T34/><D34/><U74/><E74/><V45/><F45/><W71/><G71/><T30/><D30/><U66/><E66/><V103/><F103/><W50/><G50/><T41/><D98/><U105/><REACH who="1" step="1"/><E13/><REACH who="1" step="2"/><V3/><F3/><W87/><G107/><T20/><D20/><U64/><E64/><V54/><F21/><W67/><G67/><N who="0" m="39319" /><D41/><U116/><E116/><N who="0" m="44649" /><D40/><U77/><E77/><N who="2" m="46159" /><F55/><W12/><G12/><N who="0" m="9543" /><D2/><U73/><E73/><V102/><F102/><AGARI ba="0,1" hai="42,47,49,75,78,81,87,89,94,97,102,106,108,111" machi="102" ten="40,5200,0" yaku="24,2,52,1" doraHai="39" who="3" fromWho="2" sc="354,0,63,0,122,-52,451,62" /><INIT seed="3,0,0,1,4,119" ten="354,63,70,513" oya="3" hai0="46,87,54,92,4,79,109,121,113,59,30,85,60" hai1="122,99,72,3,26,93,55,76,126,110,64,74,17" hai2="124,104,40,91,95,41,75,62,98,131,43,80,52" hai3="61,15,108,97,33,23,50,134,63,53,100,127,66" shuffle="mt19937ar,C88CAC4B,C83FBBF1,82140342,6D28D4C5,14492ADD,2654FDEC,13C2AECA,1F09A9D2"/><W45/><G33/><T29/><D109/><U129/><E122/><V77/><F131/><W2/><G2/><T37/><D113/><U102/><E3/><V57/><REACH who="2" step="1"/><F104/><REACH who="2" step="2"/><W123/><G108/><T11/><D37/><U111/><E129/><V49/><F49/><W125/><G134/><T130/><D130/><U14/><E64/><V47/><F47/><W120/><G63/><T19/><D121/><U27/><E126/><AGARI ba="0,1" hai="40,41,43,52,57,62,75,77,80,91,95,98,124,126" machi="126" ten="40,5200,0" yaku="1,1,54,1,53,1" doraHai="119" doraHaiUra="73" who="2" fromWho="1" sc="354,0,63,-52,60,62,513,0" owari="354,10,11,-39,122,-23,513,52" /></mjloggm>