<mjloggm ver="2.3"><GO type="185"/><UN n0="%E5%8D%81%E5%85%AD%E5%A4%9C%E2%80%A0%E5%92%B2%E5%A4%9C" n1="%EF%BC%BC%28%EF%BC%BE%6F%EF%BC%BE%29%EF%BC%8F%E2%98%85" n2="%E4%BF%8A%E3%81%93%E3%82%8D" n3="" dan="16,17,16,0" rate="2177,2157,2086,1500" sx="F,M,M,C"/><TAIKYOKU oya="0"/><INIT seed="0,0,0,2,2,42" ten="350,350,350,0" oya="0" hai0="32,99,65,116,70,44,117,130,96,59,77,103,58" hai1="95,69,43,52,124,111,3,64,115,33,94,71,67" hai2="87,53,106,119,46,135,134,78,2,47,89,102,76" hai3="" shuffle="mt19937ar,BCCD6BC3,7DB2CACD,4E6895EB,FBD95ABC,8D0A0B4C,3755D86A,290BBF1B,3C9A749C"/><T37/><D32/><U48/><E33/><V51/><F2/><T126/><D77/><U1/><E115/><V60/><F119/><T92/><D130/><U133/><E133/><N who="2" m="50699" /><F60/><T50/><D37/><U122/><N who="1" m="31264" /><U121/><N who="1" m="31008" /><U100/><E43/><V84/><F102/><T86/><D86/><N who="2" m="32810" /><F106/><T63/><D126/><U45/><E124/><V57/><F89/><T120/><N who="0" m="30752" /><T104/><D117/><U108/><E100/><V85/><N who="2" m="32818" /><V129/><DORA hai="112" /><F129/><T118/><D59/><U39/><E39/><V125/><F125/><T0/><D58/><U74/><E74/><V34/><F34/><T68/><D68/><U41/><E41/><V62/><F46/><T80/><D0/><U101/><E101/><V55/><AGARI ba="0,0" hai="47,51,53,55,57,62,76,78" m="32818,50699" machi="55" ten="40,2000,0" yaku="20,1,52,1" doraHai="42,112" who="2" fromWho="2" sc="350,-13,350,-7,350,20,0,0" /><INIT seed="1,0,0,4,3,44" ten="337,343,370,0" oya="1" hai0="61,108,132,48,100,130,59,133,131,75,106,84,36" hai1="90,94,121,46,99,128,77,80,38,39,110,74,96" hai2="129,98,117,45,2,116,35,87,113,135,93,95,78" hai3="" shuffle="mt19937ar,CF3F9EF6,DAC3C9B2,19C22CA6,4B011F86,7A7D5412,0A197274,D0F132BC,C38CA215"/><U51/><N who="1" m="31008" /><U50/><E128/><V42/><F2/><T37/><D75/><U41/><E110/><V105/><F35/><T64/><D84/><U122/><N who="1" m="31264" /><U104/><E39/><N who="0" m="14921" /><D100/><U124/><REACH who="1" step="1"/><E124/><REACH who="1" step="2"/><V82/><F129/><T126/><D108/><U114/><E114/><V101/><F113/><T71/><D126/><U52/><E52/><V1/><F1/><T118/><D131/><U107/><E107/><V3/><F105/><T115/><D106/><U32/><E32/><V134/><F3/><T60/><D115/><U73/><E73/><V83/><F116/><T63/><D118/><U88/><E88/><V109/><F117/><T54/><D130/><U40/><E40/><V47/><F42/><T119/><D119/><U111/><E111/><V123/><F109/><T103/><D103/><AGARI ba="0,1" hai="38,41,46,50,51,74,77,80,90,94,96,99,103,104" m="31264,31008" machi="103" ten="40,18000,2" yaku="1,1,52,4,53,1" doraHai="44" doraHaiUra="85" who="1" fromWho="0" sc="337,-180,333,190,370,0,0,0" /><INIT seed="1,1,0,1,1,82" ten="157,523,370,0" oya="1" hai0="123,83,107,62,90,37,89,54,84,117,74,3,76" hai1="78,100,40,127,2,132,57,88,45,81,133,67,35" hai2="99,134,85,120,112,42,75,61,47,116,111,114,122" hai3="" shuffle="mt19937ar,02F33FED,3719EDA8,C3A762AF,3E63F949,B69A5643,FE5342D2,8E97ACEE,B6013BEF"/><U64/><E35/><V69/><N who="2" m="30752" /><V55/><N who="2" m="31264" /><V66/><F116/><T108/><N who="0" m="31520" /><T32/><D32/><U49/><E2/><V106/><F75/><T128/><D3/><U1/><E1/><V135/><F111/><T41/><D117/><U46/><E100/><V103/><F55/><T115/><D115/><N who="2" m="44074" /><F85/><T104/><D108/><U52/><E127/><V131/><F131/><T43/><D128/><U98/><E46/><V96/><F99/><T130/><D130/><U38/><E98/><V60/><F60/><T95/><D62/><U59/><E59/><V70/><F70/><T126/><D54/><U77/><E77/><V113/><N who="2" m="44082" /><V119/><DORA hai="33" /><F119/><T79/><D126/><U97/><E67/><V65/><F65/><T36/><D79/><U68/><E64/><V53/><F53/><T91/><D74/><U72/><E68/><V94/><F94/><T125/><D95/><U71/><E71/><V58/><F58/><T50/><D125/><U124/><E124/><V110/><F110/><T121/><N who="0" m="31008" /><T118/><D118/><U51/><E97/><V56/><F56/><T93/><D93/><U102/><E102/><V48/><AGARI ba="1,0" hai="42,47,48,61,66,69,96,103,106,134,135" m="44082,31264,30752" machi="48" ten="40,3900,0" yaku="11,1,52,2" doraHai="82,33" who="2" fromWho="2" sc="157,-14,523,-27,370,41,0,0" /><INIT seed="2,0,0,0,1,53" ten="143,496,411,0" oya="2" hai0="89,86,37,45,72,63,50,127,43,54,133,95,106" hai1="103,94,66,112,135,83,49,101,65,79,38,71,120" hai2="123,75,121,70,128,60,99,114,96,64,84,0,124" hai3="" shuffle="mt19937ar,20810FBC,EC131ED0,932806FC,07CF6F5C,BDEC278D,4A47C698,7F82F119,399EE6B2"/><V59/><N who="2" m="31008" /><V35/><N who="2" m="31520" /><V34/><F0/><T78/><D106/><U113/><N who="1" m="30752" /><U108/><E38/><V55/><F114/><T117/><D117/><U102/><E135/><V80/><F128/><T44/><D133/><U93/><E108/><V56/><F124/><T32/><D32/><U100/><E49/><V41/><F75/><T122/><N who="0" m="31264" /><T97/><D127/><U2/><E2/><V62/><F41/><T104/><D63/><U118/><E118/><V110/><F110/><T131/><D131/><U73/><E71/><V40/><F40/><T77/><REACH who="0" step="1"/><D72/><REACH who="0" step="2"/><U88/><E113/><V91/><F34/><T69/><D69/><U82/><E112/><V111/><F35/><T33/><D33/><U87/><N who="1" m="25600" /><DORA hai="134" /><U130/><REACH who="1" step="1"/><E130/><REACH who="1" step="2"/><V3/><F3/><T76/><D76/><U115/><E115/><V119/><F111/><T57/><D57/><U105/><E105/><V90/><F119/><T125/><D125/><U47/><E47/><V98/><REACH who="2" step="1"/><F59/><REACH who="2" step="2"/><T116/><D116/><U92/><AGARI ba="0,3" hai="65,66,73,79,82,83,87,88,92,93,94" m="25600,30752" machi="92" ten="50,9000,2" yaku="1,1,0,1,52,1,54,1,53,3" doraHai="53,134" doraHaiUra="61,81" who="1" fromWho="1" sc="133,-30,486,120,401,-60,0,0" /><INIT seed="4,0,0,4,3,128" ten="103,606,341,0" oya="0" hai0="35,80,119,70,40,42,100,62,50,3,56,85,105" hai1="67,34,95,127,129,63,97,116,57,75,46,44,65" hai2="0,74,47,126,131,73,77,130,82,112,39,43,114" hai3="" shuffle="mt19937ar,3367C988,9C0639C7,C0D84862,DCA2A4E7,0699B031,6C9379B6,EDA2875C,CB25091C"/><T64/><D3/><U107/><E34/><V84/><F0/><T111/><D35/><U133/><E107/><V53/><F53/><T66/><D119/><U120/><N who="1" m="30752" /><U2/><E2/><V134/><F126/><T48/><D111/><U86/><E75/><N who="2" m="28683" /><F134/><T123/><N who="0" m="31520" /><T60/><D100/><U94/><E133/><V92/><F92/><T98/><D98/><U113/><E127/><V76/><F76/><T135/><D105/><U88/><E129/><AGARI ba="0,0" hai="39,43,47,77,82,84,112,114,129,130,131" m="28683" machi="129" ten="30,1000,0" yaku="19,1" doraHai="128" who="2" fromWho="1" sc="103,0,606,-10,341,10,0,0" /><INIT seed="5,0,0,4,1,47" ten="103,596,351,0" oya="1" hai0="41,84,75,124,73,38,46,76,116,53,86,87,130" hai1="96,113,61,42,72,126,64,0,3,59,128,117,102" hai2="68,105,101,99,114,82,66,120,80,118,104,63,37" hai3="" shuffle="mt19937ar,82C2EA94,3E2664FE,E44D303D,BF27624F,FF60350F,34391D38,238B2DD7,D75172FF"/><U106/><E117/><V125/><N who="2" m="30752" /><V107/><F118/><T43/><D116/><U134/><E72/><V44/><F125/><T81/><D124/><U93/><E126/><V77/><F114/><T34/><D34/><U91/><E113/><V39/><F82/><T45/><D130/><U71/><E128/><V109/><F109/><T50/><REACH who="0" step="1"/><D75/><REACH who="0" step="2"/><U119/><E119/><V78/><F78/><T94/><D94/><U98/><E93/><V74/><F37/><T132/><D132/><U32/><E134/><V60/><F60/><T112/><D112/><U52/><E32/><V1/><F1/><T89/><D89/><U100/><E91/><V62/><F62/><T123/><N who="0" m="31520" /><T110/><D110/><U48/><E3/><V95/><F95/><T51/><D51/><U92/><E0/><V90/><F90/><T67/><D67/><U135/><E135/><V108/><F108/><T85/><N who="0" m="21504" /><DORA hai="88" /><T40/><AGARI ba="0,1" hai="38,40,41,43,45,46,50,53,73,76,81" m="21504,31520" machi="40" ten="40,9000,2" yaku="1,1,4,1,0,1,52,2,53,1" doraHai="47,88" doraHaiUra="131,79" who="0" fromWho="0" sc="93,100,596,-60,351,-30,0,0" /><INIT seed="6,0,0,4,2,50" ten="193,536,321,0" oya="2" hai0="43,60,123,39,44,54,85,47,107,59,122,67,52" hai1="51,99,102,79,48,62,126,112,135,80,81,114,93" hai2="104,42,55,131,97,83,68,46,130,96,35,75,0" hai3="" shuffle="mt19937ar,46779E64,90CE3099,0419B85C,0BA8DBEE,619D2EA1,DDCB7C86,BFE7B343,383A32CC"/><V117/><F0/><T92/><N who="0" m="31264" /><T129/><N who="0" m="31520" /><T49/><D107/><U132/><E126/><V88/><F35/><T69/><D85/><U37/><E37/><V110/><F117/><T78/><D78/><U87/><E62/><V121/><N who="2" m="31008" /><V56/><F68/><T109/><D92/><U91/><E51/><V32/><F32/><T134/><D134/><N who="1" m="51243" /><E48/><V1/><F1/><T77/><D77/><U76/><E76/><V66/><F66/><T133/><D133/><U90/><E90/><V41/><F110/><T70/><D109/><U86/><AGARI ba="0,0" hai="79,80,81,86,87,91,93,99,102,112,114" m="51243" machi="86" ten="30,3000,0" yaku="20,1,34,2" doraHai="50" who="1" fromWho="1" sc="193,-10,536,30,321,-20,0,0" owari="183,-42,566,52,301,-10,0,0" /></mjloggm>