<mjloggm ver="2.3"><GO type="225"/><UN n0="%E3%83%80%E3%83%A0%E3%83%9E%E3%83%8B%E3%82%A2" n1="%73%69%64%65" n2="%6B%6F%67%65%70%61%6E" n3="%E8%B6%85%E3%83%92%E3%83%A2%E3%83%AA%E3%83%AD" dan="16,17,16,17" rate="2142,2095,2061,2058" sx="M,M,M,F"/><TAIKYOKU oya="0"/><INIT seed="0,0,0,3,4,41" ten="250,250,250,250" oya="0" hai0="79,71,54,21,83,78,18,19,109,4,129,40,12" hai1="122,62,130,15,13,92,98,56,45,87,112,74,5" hai2="82,69,67,97,73,118,6,63,52,25,68,16,43" hai3="102,124,11,24,59,131,116,57,31,10,1,38,48" shuffle="mt19937ar,297F4CD4,6AE30AA1,2CE98892,BB064595,E9AA3923,285ABE9A,0823A46F,7736CE7E"/><T104/><D104/><U66/><E122/><V90/><F6/><W113/><G38/><T111/><D71/><U126/><E74/><V14/><F69/><W128/><G113/><T49/><D40/><U2/><E112/><V53/><F118/><W32/><G116/><T22/><D4/><U65/><E130/><N who="3" m="49706" /><G124/><T114/><D114/><U30/><E126/><V47/><F25/><W35/><G35/><T135/><D135/><U42/><E66/><V86/><F97/><W26/><G26/><T95/><D95/><U3/><E87/><V120/><F73/><W117/><G117/><T84/><D129/><U127/><E127/><V125/><F120/><W0/><G102/><T123/><D123/><U93/><E93/><V27/><F27/><W44/><G11/><T85/><D85/><U51/><E30/><V121/><F121/><W29/><G29/><T115/><D115/><U76/><E76/><V61/><F61/><W77/><G77/><T89/><D19/><U108/><E108/><N who="0" m="41545" /><D22/><U17/><E5/><V101/><F101/><W70/><G70/><T110/><N who="0" m="41553" /><T50/><DORA hai="72" /><D50/><U33/><E33/><V88/><F90/><W34/><G34/><T133/><D133/><U103/><REACH who="1" step="1"/><E17/><REACH who="1" step="2"/><V9/><REACH who="2" step="1"/><F125/><REACH who="2" step="2"/><W81/><G0/><AGARI ba="0,2" hai="0,2,3,13,15,42,45,51,56,62,65,92,98,103" machi="0" ten="40,8000,1" yaku="1,1,2,1,52,1,53,1" doraHai="41,72" doraHaiUra="106,46" who="1" fromWho="3" sc="250,0,240,100,240,0,250,-80" /><INIT seed="1,0,0,3,2,126" ten="250,340,240,170" oya="1" hai0="115,61,84,123,89,128,78,41,129,98,70,114,76" hai1="99,4,113,6,79,110,86,38,65,67,46,81,19" hai2="54,97,55,51,32,44,21,100,14,133,69,29,37" hai3="50,0,135,42,36,66,108,96,85,91,10,75,8" shuffle="mt19937ar,7CEFA5F0,8710BF53,2143BE09,EFBDA546,97634FD4,E7E4F17A,F193F506,C0059083"/><U88/><E113/><N who="0" m="43017" /><D41/><U48/><E38/><V132/><F69/><W92/><G75/><T95/><D61/><U94/><E110/><V17/><F37/><W28/><G108/><T83/><D70/><U101/><E19/><V130/><F54/><W52/><G135/><N who="2" m="51785" /><F29/><W107/><G0/><T93/><D123/><U121/><E121/><V64/><F64/><N who="1" m="24649" /><E101/><V16/><F17/><W116/><G116/><T119/><D119/><U1/><E1/><V125/><F32/><W2/><G2/><T117/><D117/><U18/><E18/><V30/><F30/><W63/><G28/><T58/><D58/><U90/><E79/><N who="0" m="30249" /><D93/><U5/><E4/><V45/><F125/><W102/><G42/><AGARI ba="0,0" hai="5,6,42,46,48,81,86,88,90,94,99" m="24649" machi="42" ten="30,2900,0" yaku="8,1,54,1" doraHai="126" who="1" fromWho="3" sc="250,0,340,29,240,0,170,-29" /><INIT seed="1,1,0,3,4,42" ten="250,369,240,141" oya="1" hai0="51,58,132,43,134,57,68,37,47,90,32,72,20" hai1="111,92,61,52,18,88,128,39,89,81,97,7,38" hai2="102,112,17,75,33,50,118,59,12,124,5,101,26" hai3="108,53,119,8,125,60,95,64,91,70,11,133,135" shuffle="mt19937ar,2AB477A6,B5C4F843,40880213,9A8AECEE,433FC81F,59263471,D0FC3F7B,FBF5F125"/><U46/><E7/><V84/><F118/><W31/><G119/><T21/><D32/><U116/><E116/><V121/><F75/><W107/><G107/><T120/><D72/><U93/><E128/><V6/><F121/><W10/><G108/><T1/><D1/><U85/><E111/><V30/><F124/><W79/><G125/><T114/><D68/><U56/><E18/><V110/><F110/><W36/><G36/><T71/><D71/><U35/><E35/><V9/><F112/><W29/><G79/><T4/><D4/><U74/><E74/><V0/><F6/><W115/><G115/><T103/><D120/><U15/><E15/><V106/><F106/><W130/><G130/><T27/><D114/><U14/><E14/><V2/><F2/><W100/><G100/><T24/><D103/><U44/><E39/><V65/><F84/><W19/><G19/><T63/><D90/><N who="1" m="55447" /><E38/><V45/><F59/><N who="0" m="22538" /><D63/><U80/><E80/><V62/><F62/><W76/><G76/><T16/><D37/><U127/><E127/><V87/><F65/><W55/><G31/><T77/><D77/><U69/><E69/><V129/><F129/><W105/><G29/><T67/><D67/><U94/><E94/><V131/><F131/><W13/><G105/><T78/><D78/><U40/><E40/><N who="2" m="24871" /><F87/><AGARI ba="1,0" hai="44,46,52,56,61,81,85,87,88,89,93" m="55447" machi="87" ten="30,12000,1" yaku="8,1,52,2,54,2" doraHai="42" who="1" fromWho="2" sc="250,0,369,123,240,-123,141,0" /><INIT seed="1,2,0,5,3,35" ten="250,492,117,141" oya="1" hai0="90,28,60,9,37,13,122,25,83,119,131,80,115" hai1="118,3,127,19,66,87,74,12,52,64,77,15,39" hai2="29,105,116,41,2,75,40,17,99,121,68,46,7" hai3="102,30,18,42,45,22,65,104,11,120,63,123,53" shuffle="mt19937ar,92D9FA5F,0DB7B73A,F8B9A668,8CFD42FA,7141458E,B4B48F70,9CE0B8AB,730BA007"/><U132/><E39/><V69/><F75/><W33/><G33/><T49/><D37/><U92/><E74/><V21/><F29/><W4/><G30/><T55/><D122/><U134/><E3/><V84/><F121/><W14/><G53/><T108/><D119/><U43/><E43/><V67/><F116/><W61/><G102/><T93/><D60/><U101/><E118/><V112/><F112/><W133/><G63/><T24/><D115/><U23/><E127/><V128/><F128/><W86/><G86/><T89/><D90/><U51/><E12/><V6/><F84/><W70/><G104/><T32/><D25/><U91/><E77/><V1/><F105/><W113/><G113/><T135/><D135/><N who="1" m="51755" /><E101/><V78/><F78/><W50/><REACH who="3" step="1"/><G133/><REACH who="3" step="2"/><T107/><D107/><U72/><E72/><V81/><F99/><W0/><AGARI ba="2,1" hai="0,4,11,14,18,22,42,45,50,61,65,70,120,123" machi="0" ten="20,8000,1" yaku="1,1,2,1,0,1,7,1,52,1,53,0" doraHai="35" doraHaiUra="130" who="3" fromWho="3" sc="250,-22,492,-42,117,-22,131,96" /><INIT seed="2,0,0,1,2,55" ten="228,450,95,227" oya="2" hai0="76,23,107,79,47,81,19,43,35,56,5,86,121" hai1="115,71,17,129,20,123,11,45,30,73,105,22,68" hai2="75,26,6,77,2,50,96,59,103,132,39,97,99" hai3="95,98,40,134,41,106,110,84,61,116,100,52,85" shuffle="mt19937ar,6D044F70,D4F768C8,D9521772,42D558F4,52D84582,1C78581A,B5DED88B,0B80D3EF"/><V118/><F118/><W14/><G116/><T135/><D35/><U119/><E105/><V128/><F39/><W24/><G110/><T63/><D107/><U109/><E73/><V83/><F132/><W102/><G134/><T10/><D135/><U72/><E72/><V93/><F128/><W34/><G102/><T54/><D121/><U113/><E45/><V9/><REACH who="2" step="1"/><F26/><REACH who="2" step="2"/><W78/><G24/><T82/><D47/><U38/><E119/><V94/><F94/><W21/><G95/><T60/><D81/><U33/><E38/><V1/><F1/><W111/><G106/><T58/><D79/><U117/><E129/><V125/><F125/><W53/><G78/><T37/><D37/><U62/><E109/><V133/><F133/><W122/><G111/><T48/><D43/><U88/><E117/><V126/><F126/><W31/><G41/><T66/><D76/><U46/><E123/><V114/><F114/><W64/><G40/><T101/><D82/><U27/><E46/><V69/><F69/><W124/><G124/><T70/><D70/><U130/><E71/><V87/><F87/><W36/><G85/><T29/><D86/><U65/><E68/><V3/><F3/><W131/><G84/><T8/><D58/><U0/><E115/><V74/><F74/><W51/><G36/><T15/><D56/><U104/><E113/><V89/><F89/><W44/><G122/><T49/><D15/><U25/><E130/><V7/><F7/><W127/><G127/><T42/><D5/><U91/><E104/><V108/><F108/><W4/><G131/><RYUUKYOKU ba="0,1" sc="228,-10,450,-10,85,30,227,-10" hai2="2,6,9,50,59,75,77,83,93,96,97,99,103" /><INIT seed="2,1,1,0,2,69" ten="218,440,115,217" oya="2" hai0="41,74,22,98,42,132,39,50,116,120,78,134,11" hai1="60,4,118,70,33,1,35,30,19,119,73,112,90" hai2="66,8,101,7,6,93,26,84,135,91,72,56,107" hai3="79,94,97,87,130,14,111,85,103,127,29,124,109" shuffle="mt19937ar,766E90BB,44C8AE26,5118AB84,890819DE,A37D5D58,C3E4E23A,9228805A,A4ABBAEE"/><V89/><F72/><W100/><G29/><T75/><D120/><U55/><E90/><V117/><F117/><W129/><G14/><T114/><D114/><U96/><E96/><V83/><F135/><N who="0" m="51754" /><D116/><U125/><E19/><V0/><F7/><W108/><G103/><T126/><D126/><N who="3" m="48169" /><G79/><T16/><D11/><U15/><E73/><N who="0" m="27657" /><D78/><U62/><E4/><V52/><F26/><W17/><G17/><T3/><D3/><U40/><E15/><V13/><F66/><W65/><G65/><T51/><D98/><U48/><E1/><V54/><F0/><W37/><G37/><T76/><D76/><U63/><E30/><V25/><F25/><W81/><G81/><T47/><D41/><U115/><E40/><V122/><F122/><W110/><N who="3" m="27648" /><DORA hai="80" /><W32/><G32/><T49/><D51/><U82/><E48/><V102/><F107/><W105/><G105/><T59/><D59/><U46/><E35/><V113/><F113/><W128/><AGARI ba="1,1" hai="85,87,94,97,100,128,129,130" m="27648,48169" machi="128" ten="70,12000,2" yaku="19,1,18,1,14,1,34,2,52,2" doraHai="69,80" who="3" fromWho="3" sc="218,-31,440,-31,115,-61,217,133" /><INIT seed="3,0,0,1,1,116" ten="187,409,54,350" oya="3" hai0="82,135,36,115,117,74,96,109,124,112,60,83,118" hai1="46,49,119,20,32,2,69,17,132,63,87,93,8" hai2="103,91,33,131,61,62,134,26,126,108,59,94,16" hai3="84,101,19,76,37,113,27,110,129,21,114,81,13" shuffle="mt19937ar,53F6387D,14DA5385,3EEC9C08,B06CCDB9,710CC1CC,4B70D408,E1D61B73,596D3072"/><W98/><G37/><T97/><D36/><U90/><E32/><V53/><F108/><W65/><G110/><T30/><D60/><U54/><E119/><N who="0" m="45577" /><D30/><U79/><E132/><V38/><F134/><W42/><G42/><T41/><D41/><U23/><E79/><V133/><F133/><W111/><G111/><T24/><D24/><U55/><E2/><V66/><F131/><W57/><G129/><T3/><D3/><U22/><E69/><V105/><F126/><W45/><G45/><T77/><D135/><U48/><E63/><V25/><F38/><W18/><G65/><T28/><D28/><U100/><E100/><V64/><F33/><W58/><G113/><N who="0" m="43595" /><D109/><U73/><E73/><V122/><F105/><W35/><G114/><T92/><D124/><U9/><E17/><V107/><F107/><W15/><G35/><T89/><D83/><U31/><E31/><V40/><F40/><W123/><G123/><T52/><D52/><U80/><E80/><V125/><F125/><W56/><REACH who="3" step="1"/><G18/><REACH who="3" step="2"/><T127/><D127/><U50/><E50/><V75/><F75/><W104/><AGARI ba="0,1" hai="13,15,19,21,27,56,57,58,76,81,84,98,101,104" machi="104" ten="30,6000,0" yaku="1,1,2,1,0,1,53,0" doraHai="116" doraHaiUra="4" who="3" fromWho="3" sc="187,-20,409,-20,54,-20,340,70" owari="167,-18,389,14,34,-37,410,41" /></mjloggm>