<mjloggm ver="2.3"><GO type="225"/><UN n0="%E8%80%81%E9%A6%AC" n1="%E3%83%80%E3%83%A0%E3%83%9E%E3%83%8B%E3%82%A2" n2="%E2%98%85%E3%83%A6%E3%83%94%E3%83%86%E3%83%AB%E2%98%85" n3="%E5%AF%82%E5%A4%9C%E9%9C%BD%E6%9C%88" dan="16,16,17,16" rate="2012,2143,2083,2006" sx="M,M,M,M"/><TAIKYOKU oya="0"/><INIT seed="0,0,0,4,4,19" ten="250,250,250,250" oya="0" hai0="101,47,15,82,93,97,62,7,30,10,69,36,18" hai1="48,85,118,80,32,61,81,23,25,57,127,64,41" hai2="111,44,40,46,5,114,77,116,128,43,9,112,121" hai3="113,94,14,90,84,11,50,3,87,59,76,134,109" shuffle="mt19937ar,F702D572,486D452A,957348BB,A5494BDF,3735FC72,E210250B,AD94BF86,0A7A9A52"/><T2/><D30/><U8/><E32/><V102/><F102/><W75/><G75/><T88/><D69/><U31/><E118/><V66/><F116/><W89/><G113/><T133/><D133/><U34/><E34/><V98/><F98/><W86/><G134/><T58/><D36/><U74/><E127/><V42/><F121/><W115/><G115/><T67/><D47/><N who="1" m="25711" /><E74/><V132/><F132/><W0/><G109/><T4/><REACH who="0" step="1"/><D2/><REACH who="0" step="2"/><U110/><E110/><V45/><F111/><W95/><G0/><T108/><D108/><U117/><E117/><V106/><F112/><W100/><G3/><T12/><D12/><U28/><E28/><V120/><F114/><W71/><G71/><T70/><D70/><U131/><E131/><V52/><F128/><W103/><G76/><T73/><D73/><U126/><E126/><V107/><F77/><W130/><G130/><T54/><D54/><U68/><E68/><V38/><F52/><N who="3" m="32151" /><G84/><AGARI ba="0,1" hai="4,7,10,15,18,58,62,67,82,84,88,93,97,101" machi="84" ten="40,7700,0" yaku="1,1,8,1,54,1,53,0" doraHai="19" doraHaiUra="29" who="0" fromWho="3" sc="240,87,250,0,250,0,250,-77" /><INIT seed="0,1,0,2,4,2" ten="327,250,250,173" oya="0" hai0="29,66,115,88,74,37,119,43,23,38,8,133,40" hai1="59,5,30,124,45,97,117,126,132,94,0,10,13" hai2="89,80,109,44,7,90,116,16,48,100,70,67,114" hai3="12,101,6,83,69,86,99,135,96,28,129,58,21" shuffle="mt19937ar,B7DC3BC3,B5457116,BD552965,75371FF7,25DAC3B4,A0FBB9E9,EAC4F183,24424B1D"/><T14/><D119/><U84/><E84/><V65/><F114/><W72/><G72/><T73/><D115/><U32/><E117/><V11/><F116/><W55/><G129/><T113/><D113/><U52/><E45/><V63/><F109/><W81/><G69/><T9/><D66/><U127/><E30/><V50/><F100/><W35/><G35/><T106/><D106/><U91/><E32/><V15/><F67/><W64/><G135/><T76/><D76/><U51/><E132/><V110/><F110/><W102/><G64/><T92/><D133/><U107/><E107/><V24/><F80/><N who="3" m="30795" /><G86/><N who="0" m="52247" /><D38/><U104/><E104/><V26/><F48/><N who="3" m="31079" /><G28/><T47/><D37/><U17/><E0/><V120/><F120/><W87/><G87/><T31/><D74/><U82/><E82/><V108/><F108/><W46/><G46/><T125/><D47/><U128/><E128/><V36/><F36/><W19/><G6/><AGARI ba="1,0" hai="5,6,10,13,17,51,52,59,91,94,97,124,126,127" machi="6" ten="40,8000,1" yaku="18,1,52,2,54,1" doraHai="2" who="1" fromWho="3" sc="327,0,250,83,250,0,173,-83" /><INIT seed="1,0,0,1,1,35" ten="327,333,250,90" oya="1" hai0="51,117,111,101,124,68,110,49,1,88,64,126,121" hai1="78,33,133,98,80,47,125,131,5,27,59,104,72" hai2="24,109,86,130,19,52,70,30,116,107,102,122,73" hai3="135,100,76,29,108,11,22,134,12,103,85,67,96" shuffle="mt19937ar,FB75DA89,5281E3A5,6FE4E2CE,6D36D06E,DE0F56AA,9A913037,92CD774F,87AD29D2"/><U44/><E133/><N who="3" m="50698" /><G67/><T4/><D101/><U13/><E131/><V77/><F130/><W92/><G108/><N who="0" m="41515" /><D117/><U50/><E125/><N who="0" m="48233" /><D121/><U8/><E104/><V46/><F116/><W9/><G103/><T63/><D88/><U42/><E98/><V6/><F70/><W15/><G29/><T93/><D93/><U38/><E59/><V84/><F122/><W123/><G123/><T95/><D95/><U36/><E33/><V99/><F19/><N who="3" m="10599" /><G15/><T16/><D16/><U39/><REACH who="1" step="1"/><E27/><REACH who="1" step="2"/><V45/><F109/><W90/><G76/><T79/><D79/><U34/><E34/><V2/><F77/><W7/><G7/><T114/><D114/><U61/><E61/><V82/><F6/><W55/><G55/><AGARI ba="0,1" hai="5,8,13,36,38,39,42,44,47,50,55,72,78,80" machi="55" ten="30,2900,0" yaku="1,1,7,1,53,0" doraHai="35" doraHaiUra="66" who="1" fromWho="3" sc="327,0,323,39,250,0,90,-29" /><INIT seed="1,1,0,1,5,52" ten="327,362,250,61" oya="1" hai0="104,111,20,128,19,33,72,109,1,65,127,37,96" hai1="35,0,86,114,98,3,8,73,34,119,29,102,62" hai2="24,57,59,49,90,83,69,67,85,23,103,95,110" hai3="40,129,115,94,51,13,27,79,61,78,124,133,91" shuffle="mt19937ar,5AF15A9D,3CB6A4AD,1E2A7199,EE656C08,E029710A,C6980D9C,C27F866F,327E03E4"/><U47/><E73/><V25/><F110/><N who="0" m="41994" /><D33/><U60/><E114/><V39/><F39/><W82/><G115/><T26/><D72/><U64/><E119/><V43/><F69/><W134/><G27/><N who="2" m="10313" /><F67/><W42/><G13/><T28/><D37/><U41/><E29/><V16/><F43/><W92/><G124/><T36/><D36/><U54/><E35/><V66/><F49/><W48/><G61/><T131/><D1/><U125/><E34/><V68/><F68/><W76/><G129/><N who="0" m="49739" /><D127/><U58/><E125/><V10/><F10/><W81/><REACH who="3" step="1"/><G79/><REACH who="3" step="2"/><T101/><D65/><U30/><E0/><V107/><F66/><W14/><G14/><T112/><D112/><U9/><E3/><V84/><F107/><W122/><G122/><T31/><AGARI ba="1,1" hai="19,20,26,28,31,96,101,104" m="49739,41994" machi="31" ten="40,2700,0" yaku="14,1,19,1" doraHai="52" who="0" fromWho="0" sc="327,40,362,-14,250,-8,51,-8" /><INIT seed="2,0,0,2,3,26" ten="367,348,242,43" oya="2" hai0="96,95,100,92,3,75,57,115,122,123,110,104,2" hai1="82,17,132,18,98,116,1,124,72,63,43,83,46" hai2="39,70,10,99,127,84,93,112,97,12,73,13,29" hai3="22,9,134,25,49,41,38,65,47,35,36,126,80" shuffle="mt19937ar,682C0710,A271FFA0,F2205BC3,3161F24E,1A72FB83,31FA22FD,C916CDF9,9E488A38"/><V94/><F39/><W109/><G109/><T111/><D75/><U40/><E1/><V28/><F70/><W48/><G134/><T71/><D71/><U68/><E116/><V133/><F73/><W119/><G119/><T121/><D115/><U113/><E113/><V103/><F112/><W76/><G126/><T0/><REACH who="0" step="1"/><D57/><REACH who="0" step="2"/><U108/><E132/><V21/><F133/><W32/><G38/><T120/><D120/><U34/><E72/><V79/><F127/><W33/><G65/><T107/><D107/><U128/><E124/><V55/><F55/><W91/><G36/><T106/><D106/><U90/><E68/><V53/><F53/><W52/><G52/><T59/><D59/><U42/><E108/><AGARI ba="0,1" hai="0,2,3,92,95,96,100,104,108,110,111,121,122,123" machi="108" ten="50,8000,1" yaku="1,1,14,1,53,3" doraHai="26" doraHaiUra="117" who="0" fromWho="1" sc="357,90,348,-80,242,0,43,0" /><INIT seed="3,0,0,2,0,68" ten="447,268,242,43" oya="3" hai0="57,42,126,73,53,102,26,21,44,8,66,111,40" hai1="99,65,27,104,91,32,46,129,19,82,58,33,124" hai2="67,31,80,3,23,39,24,69,20,59,106,135,60" hai3="84,100,34,101,4,62,71,78,77,93,56,9,113" shuffle="mt19937ar,5E2D06F0,D610CD69,66C2FA69,BAB708E1,FE30E3E4,FF756E1B,5A5303F6,9CF962D0"/><W38/><G71/><T120/><D73/><U30/><E129/><V51/><F3/><W11/><G34/><T128/><D120/><U54/><E124/><V18/><F106/><W52/><G113/><T105/><D126/><U1/><E1/><V122/><F135/><W123/><G123/><T29/><D66/><U10/><E65/><V127/><F127/><W86/><G38/><T2/><D102/><N who="3" m="39529" /><G4/><T94/><D105/><U45/><E104/><V43/><F122/><W115/><G115/><T50/><D128/><U88/><E32/><V48/><F80/><N who="3" m="47119" /><G78/><T119/><D119/><U75/><E75/><V12/><REACH who="2" step="1"/><F69/><REACH who="2" step="2"/><W55/><G55/><T15/><D2/><U14/><E82/><V17/><F17/><W81/><G81/><T5/><D42/><U47/><REACH who="1" step="1"/><E99/><REACH who="1" step="2"/><V134/><F134/><W36/><G36/><T41/><D41/><U63/><AGARI ba="0,2" hai="10,14,19,27,30,33,45,46,47,54,58,63,88,91" machi="63" ten="30,7900,0" yaku="1,1,2,1,0,1,54,1,53,0" doraHai="68" doraHaiUra="79" who="1" fromWho="1" sc="447,-20,258,99,232,-20,43,-39" owari="427,43,357,11,212,-14,4,-40" /></mjloggm>