<mjloggm ver="2.3"><GO type="225"/><UN n0="%E3%81%BF%E3%81%A3%E3%81%A4%E3%81%83%EF%BD%9E" n1="%4E%6F%2E%32" n2="%74%EF%BC%9C%6E" n3="%E3%83%A1%E3%82%BF%E3%83%95%E3%82%A1%E3%83%BC" dan="17,16,16,16" rate="2144,2081,2094,2073" sx="F,M,F,M"/><TAIKYOKU oya="0"/><INIT seed="0,0,0,2,4,97" ten="250,250,250,250" oya="0" hai0="107,67,72,128,14,112,117,135,126,80,50,108,47" hai1="127,101,40,30,92,16,120,69,122,99,17,77,111" hai2="91,81,71,57,13,48,89,73,7,12,116,124,49" hai3="10,22,129,118,65,115,31,87,94,125,45,79,2" shuffle="mt19937ar,C984C823,14826631,6BB2B3D9,D16EF7DA,04691684,1BEB8417,8616BD57,373A5FEB"/><T18/><D112/><U42/><E69/><V96/><F71/><W64/><G115/><T34/><D117/><U93/><E111/><V52/><F116/><W23/><G118/><T76/><D34/><U100/><E30/><V53/><F124/><W98/><G125/><T5/><D126/><U36/><E127/><V75/><F7/><W63/><G129/><T110/><D5/><U74/><E77/><V27/><F27/><W106/><G106/><T132/><D67/><U121/><E74/><V0/><F0/><W35/><G35/><T78/><D78/><U24/><E24/><V56/><F96/><W26/><G22/><N who="0" m="11607" /><D107/><U1/><E1/><V8/><F81/><N who="3" m="47551" /><G2/><T123/><D128/><U43/><E36/><V83/><F83/><W60/><G45/><T59/><D59/><U109/><E109/><N who="0" m="42089" /><D123/><U33/><E33/><V133/><REACH who="2" step="1"/><F8/><REACH who="2" step="2"/><W85/><G10/><T95/><D95/><N who="1" m="36427" /><E99/><V66/><F66/><N who="3" m="25707" /><G98/><T119/><D119/><U62/><E62/><V88/><F88/><AGARI ba="0,1" hai="23,26,31,60,63,85,88,94" m="25707,47551" machi="88" ten="30,2000,0" yaku="8,1,54,1" doraHai="97" who="3" fromWho="2" sc="250,0,250,0,240,-20,250,30" /><INIT seed="1,0,0,0,0,47" ten="250,250,220,280" oya="1" hai0="120,67,79,63,65,73,107,122,10,56,118,130,48" hai1="97,132,15,98,94,84,27,103,14,37,52,45,86" hai2="49,1,38,71,58,9,88,25,66,117,83,75,133" hai3="89,90,92,102,105,54,131,101,80,22,114,135,111" shuffle="mt19937ar,9FB1004B,370E6E3B,DE26FA4F,CA611D82,9B1B1752,82E1321A,19FD6184,FA2052FE"/><U35/><E132/><V96/><F117/><W16/><G135/><T44/><D107/><U53/><E37/><V11/><F133/><W62/><G114/><T82/><D118/><U129/><E129/><V134/><F134/><W29/><G111/><T123/><D130/><U39/><E39/><V69/><F38/><W24/><G131/><T108/><D108/><U112/><E112/><V70/><F25/><W12/><G105/><T0/><D67/><U36/><E36/><V110/><F110/><W6/><G6/><T93/><D93/><N who="1" m="58799" /><E35/><V95/><F1/><W127/><G127/><T119/><D119/><U60/><E27/><V74/><F66/><W126/><G126/><T77/><D77/><U76/><E15/><V125/><F125/><W85/><G62/><T87/><D73/><U3/><E3/><V18/><F18/><W46/><G12/><T51/><REACH who="0" step="1"/><D44/><REACH who="0" step="2"/><U2/><E76/><V109/><F109/><W91/><G46/><T5/><AGARI ba="0,1" hai="0,5,10,48,51,56,63,65,79,82,87,120,122,123" machi="5" ten="40,12000,2" yaku="1,1,2,1,0,1,13,1,52,2,53,0" doraHai="47" doraHaiUra="113" who="0" fromWho="0" sc="240,130,250,-60,220,-30,280,-30" /><INIT seed="2,0,0,0,5,85" ten="370,190,190,250" oya="2" hai0="86,15,40,22,26,80,65,10,4,7,20,74,60" hai1="84,32,110,121,19,115,38,64,90,14,54,21,95" hai2="104,25,132,129,36,17,119,30,59,8,57,133,127" hai3="91,88,77,76,105,11,41,53,130,37,33,120,101" shuffle="mt19937ar,8368840B,FEC63C5B,07622E48,85E08898,1FF10431,378877C6,3B076ADB,28E6A6CD"/><V122/><F119/><W78/><G120/><T46/><D74/><U134/><E38/><V6/><F36/><W108/><G33/><T75/><D75/><U66/><E115/><V50/><F104/><W29/><G29/><T67/><D7/><U5/><E110/><V56/><F122/><W31/><G108/><T123/><D123/><U23/><E134/><N who="2" m="51819" /><F17/><W44/><G31/><T81/><D60/><U45/><E32/><N who="2" m="20559" /><F129/><W34/><G130/><T1/><D1/><U100/><E121/><V126/><F50/><W93/><G34/><T18/><D22/><N who="1" m="11639" /><E100/><V49/><F49/><W124/><G124/><N who="2" m="47657" /><F59/><W96/><G105/><T89/><D81/><U55/><E5/><V28/><F28/><W48/><REACH who="3" step="1"/><G11/><REACH who="3" step="2"/><T47/><D47/><AGARI ba="0,1" hai="37,41,44,47,48,53,76,77,78,88,91,93,96,101" machi="47" ten="40,8000,1" yaku="1,1,2,1,52,2,54,1,53,0" doraHai="85" doraHaiUra="125" who="3" fromWho="0" sc="370,-80,190,0,190,0,240,90" /><INIT seed="3,0,0,2,2,103" ten="290,190,190,330" oya="3" hai0="3,71,0,122,102,31,51,77,120,48,28,123,128" hai1="95,107,99,111,12,19,121,97,22,49,61,54,33" hai2="98,1,84,41,13,117,88,85,108,56,89,30,70" hai3="86,133,124,112,17,104,131,38,6,16,52,72,130" shuffle="mt19937ar,6C9F9F04,FF1D8544,B6E57827,202A1CC7,260E4207,75651DBE,5D86D03A,05574806"/><W24/><G104/><T10/><D77/><U69/><E121/><V105/><F117/><W2/><G72/><T73/><D73/><U76/><E111/><V11/><F70/><W94/><G38/><T114/><D71/><U21/><E76/><V83/><F1/><W66/><G66/><T37/><D37/><U75/><E33/><V14/><F108/><W15/><G112/><T40/><D102/><U82/><E75/><V64/><F30/><W23/><G124/><T80/><D80/><U92/><E82/><N who="2" m="49175" /><F105/><W125/><G125/><T110/><D114/><U90/><E107/><V20/><F41/><W63/><G133/><T36/><D110/><U47/><E61/><N who="2" m="37927" /><F20/><N who="3" m="11327" /><G2/><N who="0" m="555" /><D36/><U32/><E69/><V87/><F98/><W67/><G67/><T46/><D10/><N who="1" m="6551" /><E32/><V106/><F106/><W58/><G131/><T93/><D93/><U134/><E134/><V4/><F14/><W9/><G130/><T7/><D128/><U119/><E119/><V55/><F87/><W65/><G65/><T135/><D135/><U91/><AGARI ba="0,0" hai="21,22,47,49,54,90,91,92,95,97,99" m="6551" machi="91" ten="30,1100,0" yaku="8,1" doraHai="103" who="1" fromWho="1" sc="290,-3,190,11,190,-3,330,-5" owari="287,4,201,-15,187,-21,325,32" /></mjloggm>