<mjloggm ver="2.3"><GO type="225"/><UN n0="%E3%83%AA%E3%83%AA%E3%82%A2%E3%83%BC%E3%83%8C" n1="%62%61%6B%61%73%65" n2="%E5%BB%89%E5%A4%AA%E9%83%8E" n3="%6E%6F%72%69%73%69%6F" dan="17,16,16,16" rate="2114,2030,2017,2013" sx="F,F,M,M"/><TAIKYOKU oya="0"/><INIT seed="0,0,0,5,5,90" ten="250,250,250,250" oya="0" hai0="82,111,42,49,99,105,125,62,119,30,46,8,108" hai1="129,97,126,69,121,48,18,13,115,34,113,54,29" hai2="89,77,134,72,0,25,74,124,96,92,37,133,80" hai3="100,12,57,94,45,10,71,51,23,83,68,116,103" shuffle="mt19937ar,785F4A22,A2FC762D,F2AE81E2,29F98BF6,98F7D931,A0A78F73,7E75645C,2F3FF670"/><T41/><D119/><U43/><E121/><V64/><F37/><W88/><G116/><T102/><D125/><U20/><E126/><V95/><F0/><W78/><G71/><T132/><D132/><N who="2" m="50794" /><F124/><W15/><G68/><T53/><D30/><U21/><E69/><V85/><F64/><W91/><G91/><T98/><D82/><U61/><E61/><V75/><F25/><W55/><G45/><T1/><D99/><U79/><E43/><V65/><F65/><W67/><G67/><T4/><REACH who="0" step="1"/><D62/><REACH who="0" step="2"/><U52/><E29/><V56/><F56/><W7/><G83/><T38/><D38/><U86/><E97/><V3/><F3/><W17/><G78/><T128/><D128/><U73/><E79/><V24/><F24/><W60/><G60/><T28/><D28/><U58/><E129/><V101/><AGARI ba="0,1" hai="72,74,75,77,80,85,89,92,95,96,101" m="50794" machi="101" ten="30,8000,1" yaku="20,1,34,2,52,2" doraHai="90" who="2" fromWho="2" sc="240,-40,250,-20,250,90,250,-20" /><INIT seed="1,0,0,2,5,44" ten="200,230,340,230" oya="1" hai0="80,133,88,72,130,40,27,23,74,42,96,98,104" hai1="119,6,24,126,109,13,95,0,67,82,132,118,47" hai2="65,35,17,75,22,9,53,90,5,4,94,56,62" hai3="92,30,129,16,31,121,37,115,77,59,11,114,127" shuffle="mt19937ar,F7238395,6C87635D,CDB7F8EE,6C753CD3,098D9CDE,91C2BA9D,F132E808,58FE6EA9"/><U20/><E126/><V52/><F35/><W85/><G37/><T50/><D133/><U41/><E132/><V112/><F75/><W43/><G127/><T12/><D130/><U78/><E0/><V79/><F79/><W125/><G125/><T55/><D104/><U120/><E67/><V54/><F112/><W116/><G116/><T45/><D74/><U18/><E120/><V110/><F9/><W3/><G129/><T93/><D12/><U70/><E70/><V99/><F110/><W7/><G121/><T64/><D64/><U124/><E109/><V101/><F101/><W76/><G76/><T36/><D36/><U66/><E66/><V128/><F128/><W2/><G2/><T91/><D72/><U87/><E95/><V135/><F135/><W84/><G92/><N who="0" m="56327" /><D80/><U49/><E124/><V131/><F131/><W61/><G3/><T60/><D60/><U123/><E123/><V117/><F117/><W86/><G77/><T28/><AGARI ba="0,0" hai="23,27,28,40,42,45,50,55,91,93,98" m="56327" machi="28" ten="30,4000,0" yaku="8,1,52,1,54,1" doraHai="44" who="0" fromWho="0" sc="200,40,230,-20,340,-10,230,-10" /><INIT seed="2,0,0,0,3,42" ten="240,210,330,220" oya="2" hai0="45,84,128,90,66,0,110,26,79,71,126,50,17" hai1="1,57,60,117,10,91,130,68,58,82,86,19,11" hai2="102,133,48,29,52,97,127,15,76,16,2,80,111" hai3="135,107,104,78,88,125,77,44,98,92,120,115,25" shuffle="mt19937ar,9EBB44DB,7348ABDB,FFD38569,91881590,7C35A8F4,8479E643,DB8A6FB7,76647810"/><V103/><F2/><W89/><G120/><T56/><D0/><U51/><E117/><V114/><F114/><W36/><G115/><T27/><D110/><U63/><E68/><V132/><F111/><W23/><G125/><T12/><D71/><U116/><E116/><V24/><F127/><W124/><G124/><T5/><D5/><U14/><E130/><V119/><F119/><W59/><G59/><T41/><D79/><U94/><E1/><V85/><F24/><W106/><G135/><N who="2" m="51785" /><F29/><W75/><G89/><T37/><D128/><U7/><E7/><V101/><F97/><W9/><G9/><T49/><D37/><U53/><E11/><N who="2" m="6271" /><F103/><W39/><G75/><T67/><D126/><U61/><REACH who="1" step="1"/><E82/><REACH who="1" step="2"/><V20/><F20/><W65/><G23/><N who="0" m="11687" /><D26/><U99/><E99/><V131/><F131/><W134/><G134/><T34/><D27/><U3/><E3/><V73/><F73/><W54/><G25/><T95/><D34/><U70/><E70/><V105/><F105/><W22/><G22/><T74/><D74/><U47/><AGARI ba="0,1" hai="10,14,19,47,51,53,57,58,60,61,63,86,91,94" machi="47" ten="30,7900,0" yaku="1,1,0,1,8,1,52,1,53,0" doraHai="42" doraHaiUra="31" who="1" fromWho="1" sc="240,-20,200,89,330,-39,220,-20" /><INIT seed="3,0,0,0,0,132" ten="220,289,291,200" oya="3" hai0="65,24,129,56,106,62,53,57,50,133,10,20,68" hai1="134,81,91,88,101,64,107,44,58,15,69,3,94" hai2="99,116,29,84,39,28,75,109,80,59,71,113,1" hai3="89,96,12,8,70,67,43,124,63,105,104,46,14" shuffle="mt19937ar,E35046DA,DAC98B40,8B5116EA,485BA65C,F54757DB,22EFBE17,66654810,E237A960"/><W19/><G124/><T110/><D106/><U87/><E3/><V102/><F113/><W123/><G123/><T125/><D133/><U52/><E134/><V2/><F71/><W127/><G127/><T48/><D125/><U92/><E107/><V21/><F75/><W79/><G79/><T55/><D10/><U114/><E69/><V11/><F116/><W49/><G96/><T119/><D110/><U85/><E114/><V135/><F39/><W27/><G27/><T40/><D129/><U0/><E0/><V4/><F109/><W77/><G77/><T33/><D33/><U17/><E44/><V18/><F59/><W86/><REACH who="3" step="1"/><G12/><REACH who="3" step="2"/><T66/><D119/><U7/><E15/><N who="2" m="5607" /><F135/><W130/><G130/><T121/><D121/><U25/><E25/><N who="2" m="14519" /><F2/><W117/><G117/><T32/><D32/><U37/><E101/><V61/><F1/><W131/><G131/><T38/><D68/><U100/><E100/><V112/><F112/><W82/><AGARI ba="0,1" hai="8,14,19,43,46,49,63,67,70,82,86,89,104,105" machi="82" ten="20,3900,0" yaku="1,1,0,1,7,1,53,0" doraHai="132" doraHaiUra="115" who="3" fromWho="3" sc="220,-13,289,-13,291,-13,190,49" /><INIT seed="3,1,0,0,2,4" ten="207,276,278,239" oya="3" hai0="94,58,115,83,7,38,22,32,15,26,78,106,63" hai1="6,131,88,43,60,101,24,81,102,37,51,129,11" hai2="95,79,128,65,103,36,85,12,27,31,35,14,112" hai3="77,114,21,87,50,117,54,8,67,99,19,5,108" shuffle="mt19937ar,BF752A33,DF4BF603,46E22C35,F0BFAC5E,301F2C87,0D20DD82,84EB0917,E9612FFB"/><W90/><G114/><T76/><D38/><U82/><E37/><V89/><F36/><W109/><G117/><T52/><D106/><U107/><E107/><V127/><F112/><W71/><G77/><T96/><D115/><U49/><E60/><V122/><F128/><N who="1" m="49225" /><E24/><V44/><F127/><W111/><G99/><T97/><D83/><U134/><E134/><V57/><F44/><N who="3" m="27975" /><G67/><T34/><D97/><U121/><E82/><V40/><F103/><N who="1" m="39433" /><E43/><V10/><F40/><W104/><G104/><T69/><D69/><U46/><E46/><V1/><F79/><W93/><G71/><T18/><D34/><U116/><E121/><V41/><F41/><W132/><G132/><T16/><D7/><U39/><E39/><V13/><F122/><W113/><G113/><T59/><D59/><U118/><E118/><V123/><F123/><W20/><G19/><T110/><D110/><U17/><E17/><V120/><F120/><W84/><G84/><T53/><D53/><U42/><E42/><V56/><REACH who="2" step="1"/><F65/><REACH who="2" step="2"/><W9/><G9/><N who="0" m="6255" /><D32/><U98/><E116/><V55/><F55/><W3/><AGARI ba="1,1" hai="3,5,8,20,21,87,90,93,108,109,111" m="27975" machi="3" ten="30,6000,0" yaku="14,1,10,1,52,1" doraHai="4" who="3" fromWho="3" sc="207,-21,276,-21,268,-21,239,73" owari="186,-21,255,1,247,-10,312,30" /></mjloggm>