<mjloggm ver="2.3"><GO type="185"/><UN n0="%E3%81%AA%E3%83%BC%E3%81%8B%E3%82%80" n1="%E5%8D%81%E5%85%AD%E5%A4%9C%E2%80%A0%E5%92%B2%E5%A4%9C" n2="%EF%BC%BC%28%EF%BC%BE%6F%EF%BC%BE%29%EF%BC%8F%E2%98%85" n3="" dan="16,16,17,0" rate="2098,2177,2157,1500" sx="M,F,M,C"/><TAIKYOKU oya="0"/><INIT seed="0,0,0,1,2,3" ten="350,350,350,0" oya="0" hai0="56,45,48,34,108,82,116,102,70,46,90,63,59" hai1="62,111,80,124,107,68,41,51,71,87,40,106,72" hai2="98,55,97,129,110,54,67,47,112,42,109,93,52" hai3="" shuffle="mt19937ar,B1E015A0,7B7063BD,D7AB3057,7469BF33,461FEAC2,8B263B6D,A05EE079,D4504622"/><T128/><D116/><U53/><E72/><V92/><F112/><T69/><D102/><U79/><E111/><V78/><F67/><T1/><D1/><U133/><E133/><V2/><F2/><T77/><D90/><U33/><E124/><V134/><F78/><T49/><D34/><U115/><E115/><V127/><F127/><T66/><D128/><U122/><N who="1" m="31264" /><U83/><E80/><V36/><F134/><T114/><D114/><U95/><E95/><V35/><F129/><T61/><D82/><U39/><E39/><V94/><REACH who="2" step="1"/><F35/><REACH who="2" step="2"/><T86/><D77/><U125/><E33/><V96/><AGARI ba="0,1" hai="36,42,47,52,54,55,92,93,94,96,97,98,109,110" machi="96" ten="40,12000,3" yaku="1,1,2,1,0,1,29,2,54,1,53,3" doraHai="3" doraHaiUra="91" who="2" fromWho="2" sc="350,-80,350,-40,340,130,0,0" /><INIT seed="1,0,0,5,0,86" ten="270,310,470,0" oya="1" hai0="72,116,135,104,65,64,38,71,52,127,80,110,62" hai1="107,2,1,126,117,131,40,74,99,113,115,121,84" hai2="47,35,124,94,89,102,120,43,123,73,36,53,66" hai3="" shuffle="mt19937ar,2D609904,4E7E6AB3,406471B5,E2C65A94,2E170379,BA9355A5,4D2CCFF3,62B089D5"/><U118/><N who="1" m="31008" /><U90/><E40/><V57/><N who="2" m="30752" /><V132/><N who="2" m="31520" /><V68/><F35/><T60/><D104/><U56/><E56/><V134/><F73/><T79/><D38/><U63/><E63/><V91/><F124/><T83/><D127/><U39/><E39/><V88/><F68/><T108/><D135/><N who="2" m="51754" /><F66/><T129/><D116/><U42/><E42/><V95/><F102/><T34/><D34/><U49/><E49/><AGARI ba="0,0" hai="36,43,47,49,53,57,88,89,91,94,95" m="51754,31520,30752" machi="49" ten="30,12000,2" yaku="20,1,52,5,54,1" doraHai="86" who="2" fromWho="1" sc="270,0,310,-120,470,120,0,0" /><INIT seed="2,0,0,4,4,109" ten="270,190,590,0" oya="2" hai0="103,114,52,77,42,32,104,95,122,83,98,39,3" hai1="44,74,69,0,64,124,54,58,65,107,135,36,46" hai2="78,86,40,121,93,106,97,70,94,2,134,101,62" hai3="" shuffle="mt19937ar,BE9AEA24,8E828B0D,65FA0259,597164F4,AE3FCB62,DCC2C8C0,F771CF07,FCD4614B"/><V71/><N who="2" m="31008" /><V47/><F2/><T126/><N who="0" m="31264" /><T116/><D32/><U105/><E0/><V89/><F134/><T133/><D116/><U56/><E74/><V88/><F78/><T85/><D126/><U73/><E73/><V123/><N who="2" m="31520" /><V111/><F111/><T48/><D3/><U75/><E75/><V63/><F71/><T67/><D67/><U60/><E107/><V131/><F131/><T120/><N who="0" m="30752" /><T125/><D125/><U81/><E81/><V115/><F115/><T90/><D133/><U92/><E92/><V129/><F129/><T130/><D130/><U35/><E105/><V37/><REACH who="2" step="1"/><F70/><REACH who="2" step="2"/><T110/><D110/><U100/><E69/><V45/><F45/><T117/><D117/><U50/><E44/><V96/><AGARI ba="0,1" hai="37,40,47,62,63,86,88,89,93,94,96,97,101,106" m="31520,31008" machi="96" ten="20,16000,3" yaku="1,1,0,1,7,1,52,2,54,1,53,2" doraHai="109" doraHaiUra="91" who="2" fromWho="2" sc="270,-80,190,-80,580,170,0,0" /><INIT seed="2,1,0,0,2,71" ten="190,110,750,0" oya="2" hai0="73,123,63,43,128,132,95,93,64,68,100,39,40" hai1="85,81,2,56,135,101,120,112,108,58,113,109,77" hai2="110,124,122,60,47,98,107,41,42,46,103,72,75" hai3="" shuffle="mt19937ar,AB098F8E,445C7696,D93F79E6,985F0975,2B4F273B,9E021C1A,5D187E28,612CC863"/><V131/><N who="2" m="31264" /><V134/><F131/><T118/><N who="0" m="31520" /><T116/><D73/><U127/><N who="1" m="30752" /><U83/><E2/><V49/><F134/><T78/><D78/><U54/><E135/><V126/><F110/><T69/><D63/><U62/><E101/><V86/><F60/><T32/><D64/><U76/><E127/><N who="2" m="48683" /><F86/><T37/><D132/><U33/><E33/><V80/><F80/><T44/><D128/><U61/><E85/><V133/><F133/><T88/><D32/><U66/><E54/><V38/><AGARI ba="1,0" hai="38,41,42,46,47,49,72,75,98,103,107" m="48683,31264" machi="38" ten="30,4000,0" yaku="18,1,52,2" doraHai="71" who="2" fromWho="2" sc="190,-21,110,-21,750,42,0,0" /><INIT seed="2,2,0,2,5,68" ten="169,89,792,0" oya="2" hai0="48,71,42,80,81,91,82,123,114,105,135,35,128" hai1="62,56,36,44,76,94,66,65,57,61,52,103,41" hai2="64,110,45,87,83,55,100,93,118,134,99,73,49" hai3="" shuffle="mt19937ar,F2BBEC6B,10F418D7,63FDF48E,F4A24775,A2521807,51129D6F,E7F6E770,08CC25E8"/><V131/><F118/><T50/><N who="0" m="31520" /><T109/><D71/><U97/><REACH who="1" step="1"/><E76/><REACH who="1" step="2"/><V130/><F134/><T106/><D135/><U112/><E112/><V125/><F125/><T77/><D114/><U53/><AGARI ba="2,1" hai="36,41,44,52,53,56,57,61,62,65,66,94,97,103" machi="53" ten="20,9000,2" yaku="1,1,0,1,7,1,9,1,52,1,54,1,53,0" doraHai="68" doraHaiUra="104" who="1" fromWho="1" sc="169,-32,79,104,792,-62,0,0" /><INIT seed="4,0,0,0,0,78" ten="137,183,730,0" oya="0" hai0="39,114,50,93,132,135,123,127,95,51,94,118,103" hai1="120,75,88,34,133,56,37,85,134,71,126,80,98" hai2="83,43,112,74,130,0,91,115,107,52,117,46,45" hai3="" shuffle="mt19937ar,1BEFB02D,D2AA8829,734FDF28,4874A7DF,CFDEC321,9B1EE48A,CCF97E27,43E8571A"/><T111/><N who="0" m="31520" /><T100/><D118/><U3/><N who="1" m="30752" /><U81/><E71/><V49/><F0/><T59/><D39/><U61/><E37/><V79/><F117/><T55/><D114/><N who="2" m="43562" /><F130/><T92/><N who="0" m="24064" /><DORA hai="42" /><T104/><D127/><U60/><E98/><V113/><F113/><T54/><D111/><U76/><E3/><V64/><F91/><T41/><D41/><U77/><E34/><V82/><F82/><T108/><D108/><U109/><E109/><V67/><F107/><T40/><D40/><U72/><E126/><V33/><F33/><T63/><D63/><U96/><E96/><V38/><AGARI ba="0,0" hai="38,43,45,46,49,52,64,67,74,79,83" m="43562" machi="38" ten="30,6000,1" yaku="15,1,52,3,54,1" doraHai="78,42" who="2" fromWho="2" sc="137,-40,183,-20,730,60,0,0" /><INIT seed="5,0,0,5,3,56" ten="97,163,790,0" oya="1" hai0="104,135,84,35,127,101,69,100,99,117,49,38,46" hai1="113,93,44,123,71,98,70,97,119,48,122,120,81" hai2="32,118,58,43,34,110,85,41,106,126,87,134,52" hai3="" shuffle="mt19937ar,82898807,B4AFE132,BE66BC0E,A9FBBDB9,EE4C8907,9CB91555,8FC43F6A,1EEFAD9B"/><U76/><N who="1" m="30752" /><U88/><N who="1" m="31264" /><U36/><N who="1" m="31520" /><U114/><E119/><V40/><F106/><T125/><D38/><U68/><E36/><V130/><F118/><T2/><D69/><U108/><E108/><V64/><F110/><T90/><D35/><U59/><E59/><V42/><F42/><T86/><D2/><U65/><E98/><V109/><F109/><T102/><D117/><U83/><E65/><V75/><F75/><T67/><D67/><U66/><E66/><V133/><F64/><T121/><N who="0" m="31008" /><T53/><D86/><U132/><E132/><V55/><F55/><T45/><D135/><U82/><REACH who="1" step="1"/><E76/><REACH who="1" step="2"/><V89/><F134/><T0/><D45/><U79/><E79/><V124/><F133/><T61/><D0/><U128/><E128/><V51/><F130/><T3/><D3/><U111/><E111/><V1/><F1/><T60/><D99/><U62/><E62/><V131/><F131/><T96/><D61/><U74/><E74/><V112/><F34/><T80/><D60/><U37/><E37/><V72/><F72/><T95/><D104/><U57/><E57/><V47/><F32/><T73/><REACH who="0" step="1"/><D73/><REACH who="0" step="2"/><U116/><E116/><V94/><F58/><T78/><AGARI ba="0,2" hai="46,49,53,78,80,84,90,95,96,100,101,102,125,127" m="31008" machi="78" ten="30,9000,2" yaku="1,1,2,1,5,1,0,1,52,1,53,1" doraHai="56" doraHaiUra="50" who="0" fromWho="0" sc="87,110,153,-60,790,-30,0,0" /><INIT seed="6,0,0,1,3,135" ten="197,93,760,0" oya="2" hai0="34,101,128,56,98,130,118,71,99,94,42,38,75" hai1="77,54,66,111,33,57,119,39,121,79,45,50,127" hai2="104,81,73,65,85,105,113,3,51,67,52,40,43" hai3="" shuffle="mt19937ar,6FBE7B92,FDB5B9BD,80945BC8,9645AFE6,B17F6CA8,210F9986,8C47E768,5CF1AB5A"/><V87/><F3/><T92/><D71/><U131/><N who="1" m="31008" /><U63/><E33/><V96/><F73/><T123/><N who="0" m="31520" /><T35/><D75/><U88/><E111/><V49/><F113/><T60/><D118/><U41/><E131/><N who="0" m="50217" /><D42/><U68/><E119/><V122/><N who="2" m="31264" /><V100/><F81/><T64/><D38/><U103/><E103/><AGARI ba="0,0" hai="34,35,56,60,64,92,94,98,99,101,103" m="50217,31520" machi="103" ten="30,2000,0" yaku="19,1,52,1" doraHai="135" who="0" fromWho="1" sc="197,20,93,-20,760,0,0,0" owari="217,-18,73,-53,760,71,0,0" /></mjloggm>