<mjloggm ver="2.3"><GO type="225"/><UN n0="%73%69%64%65" n1="%EF%BC%A6%EF%BC%B8%E9%9B%80%E5%A3%AB" n2="%E3%81%BF%E3%81%A3%E3%81%A4%E3%81%83%EF%BD%9E" n3="%E9%9B%81%E7%BA%8F" dan="17,16,17,16" rate="2101,2050,2162,2039" sx="M,M,F,M"/><TAIKYOKU oya="0"/><INIT seed="0,0,0,2,2,42" ten="250,250,250,250" oya="0" hai0="127,109,66,110,130,31,9,41,85,4,92,112,122" hai1="17,59,14,117,2,54,32,21,132,15,129,121,39" hai2="27,35,114,76,103,68,58,81,1,29,120,45,123" hai3="11,25,74,16,88,5,10,134,90,82,73,30,78" shuffle="mt19937ar,87F3B7FB,27E2C5E4,C636A56F,69673CF3,69F0E017,7B46FC37,264A5D7E,7A29BC98"/><T96/><D122/><U6/><E121/><V49/><F68/><W107/><G134/><T80/><D112/><U98/><E132/><V99/><F114/><W84/><G107/><T47/><D31/><U69/><E69/><V111/><F1/><W93/><G74/><T126/><D66/><U19/><E117/><V20/><F35/><W77/><G77/><N who="0" m="46223" /><D130/><U48/><E129/><V26/><F26/><W60/><G16/><T51/><D92/><U44/><E32/><V101/><F58/><W72/><G72/><T104/><D104/><U22/><E98/><V131/><F131/><W53/><G5/><T33/><D96/><U37/><REACH who="1" step="1"/><E59/><REACH who="1" step="2"/><V13/><F111/><N who="0" m="42506" /><D33/><U79/><E79/><V8/><F99/><W50/><G60/><T62/><D62/><U67/><E67/><V115/><F123/><W12/><G90/><T57/><D57/><U83/><E83/><V133/><F120/><W87/><G78/><T119/><D119/><U95/><E95/><V63/><F133/><W124/><G82/><T64/><D64/><U38/><E38/><V65/><F65/><W28/><G93/><T91/><D91/><U128/><E128/><V97/><F97/><W106/><G88/><T71/><D71/><U94/><E94/><V56/><F115/><W18/><G106/><T55/><D55/><U102/><E102/><V89/><F89/><W75/><G53/><T61/><D61/><U52/><E52/><N who="2" m="29743" /><F56/><W40/><G50/><T23/><D23/><U100/><E100/><V0/><F63/><W34/><G34/><T70/><D70/><U125/><E125/><RYUUKYOKU ba="0,1" sc="250,15,240,15,250,-15,250,-15" hai0="4,9,41,47,51,126,127" hai1="2,6,14,15,17,19,21,22,37,39,44,48,54" /><INIT seed="0,1,1,3,3,51" ten="265,255,235,235" oya="0" hai0="14,48,3,37,109,110,84,36,133,66,70,78,98" hai1="79,85,101,105,95,93,67,104,57,87,73,28,12" hai2="33,124,117,16,38,74,10,108,4,0,9,123,130" hai3="64,11,61,55,102,63,121,49,116,88,58,114,89" shuffle="mt19937ar,095D8F6A,FA013A5A,CDB35921,9DC32183,BA32B761,567CFD7A,4342FFD2,6B0DFD3E"/><T126/><D3/><U65/><E28/><V8/><F38/><W26/><G114/><T82/><D133/><U47/><E12/><N who="2" m="7191" /><F74/><W32/><G116/><T83/><D126/><U129/><E73/><V40/><F40/><W50/><G121/><T77/><D98/><U111/><E111/><N who="0" m="42505" /><D14/><U13/><E13/><N who="2" m="5255" /><F108/><W97/><G11/><T113/><D113/><U2/><E2/><V39/><F39/><N who="0" m="14922" /><D48/><U7/><E7/><N who="2" m="1255" /><F123/><W23/><G50/><T19/><D19/><U20/><E104/><V122/><F122/><W59/><G49/><T29/><D29/><U100/><E105/><V115/><F115/><W30/><REACH who="3" step="1"/><G32/><REACH who="3" step="2"/><T52/><D70/><U54/><E47/><V107/><F117/><W94/><AGARI ba="1,2" hai="23,26,30,55,58,59,61,63,64,88,89,94,97,102" machi="94" ten="20,16000,3" yaku="1,1,2,1,0,1,7,1,25,2,8,1,52,1,54,1,53,0" doraHai="51" doraHaiUra="42" who="3" fromWho="3" sc="265,-81,255,-41,235,-41,225,183" /><INIT seed="1,0,0,3,5,73" ten="184,214,194,408" oya="1" hai0="1,104,24,80,100,7,89,117,88,63,94,121,46" hai1="18,107,9,43,11,103,124,120,108,52,77,91,78" hai2="84,96,28,2,92,19,54,115,29,23,122,106,75" hai3="38,90,110,82,47,111,102,34,125,57,21,30,132" shuffle="mt19937ar,4270F038,529F9195,63395FF1,7C59F76E,CC10E74B,7B2009B9,D41FD8C5,38157D95"/><U112/><E112/><V22/><F2/><W127/><G34/><T4/><D117/><U12/><E120/><V85/><F75/><W10/><G102/><T97/><D121/><U26/><E43/><V93/><F106/><W31/><G132/><T135/><D135/><U32/><E124/><N who="3" m="47690" /><G57/><T129/><D129/><U68/><E68/><V17/><F54/><W95/><G82/><T114/><D114/><U123/><E123/><V86/><F122/><W98/><G10/><T40/><D1/><U3/><E91/><V50/><F115/><W49/><G38/><T126/><D126/><U87/><E87/><V76/><F50/><W27/><G31/><N who="2" m="11849" /><F96/><W105/><G105/><T67/><D80/><U61/><E32/><V128/><F128/><W118/><G118/><T62/><D89/><U65/><E65/><V72/><F72/><W133/><G133/><T35/><D67/><U25/><E107/><V0/><F0/><W45/><G45/><T41/><D104/><U44/><E103/><V37/><F37/><W101/><G101/><T70/><D100/><U58/><E44/><V99/><F99/><W55/><AGARI ba="0,0" hai="21,27,30,47,49,55,90,95,98,110,111" m="47690" machi="55" ten="30,1100,0" yaku="18,1" doraHai="73" who="3" fromWho="3" sc="184,-3,214,-5,194,-3,408,11" /><INIT seed="2,0,0,4,4,46" ten="181,209,191,419" oya="2" hai0="85,56,114,94,5,89,129,20,10,102,58,78,108" hai1="35,96,135,7,116,63,44,86,50,109,110,23,13" hai2="41,128,12,83,4,27,49,24,47,90,120,73,65" hai3="61,82,77,75,81,38,3,132,37,59,62,16,125" shuffle="mt19937ar,3331D0E9,064DE544,90C5FE4A,1151110D,E60CFBA5,BFA2469F,433909CB,5D61705C"/><V118/><F118/><W31/><G3/><T71/><D71/><U0/><E116/><V6/><F120/><W76/><G132/><T123/><D114/><U29/><E135/><V92/><F128/><W133/><G133/><T113/><D113/><U33/><E0/><V14/><F65/><W126/><G31/><T30/><D123/><U15/><E63/><V60/><F60/><W53/><G62/><T119/><D129/><U101/><E86/><N who="2" m="52311" /><F83/><W39/><G16/><T18/><D30/><U74/><E74/><AGARI ba="0,0" hai="37,38,39,53,59,61,74,75,76,77,81,82,125,126" machi="74" ten="40,1300,0" yaku="9,1" doraHai="46" who="3" fromWho="1" sc="181,0,209,-13,191,0,419,13" /><INIT seed="3,0,0,1,1,117" ten="181,196,191,432" oya="3" hai0="63,39,112,37,122,129,20,113,116,35,8,110,61" hai1="86,41,1,16,95,109,115,3,78,2,103,111,42" hai2="62,64,19,82,5,60,100,34,133,24,46,91,9" hai3="4,87,128,68,123,59,97,32,51,134,114,33,72" shuffle="mt19937ar,D1397AF5,333E7CF6,AAF13166,8F9382B6,F0468DBA,31564125,3A0DD2D6,D933252A"/><W89/><G68/><T21/><D35/><U15/><E115/><N who="0" m="44105" /><D116/><U7/><E7/><V98/><F133/><W76/><G97/><T53/><D110/><N who="1" m="41995" /><E103/><V23/><F34/><W65/><G4/><T77/><D122/><U45/><E45/><V93/><F64/><W106/><G106/><T29/><D129/><U130/><E130/><V49/><F82/><W132/><G134/><T17/><D77/><U88/><E78/><V43/><F100/><W83/><G132/><T12/><D21/><AGARI ba="0,0" hai="1,2,3,15,16,21,41,42,86,88,95" m="41995" machi="21" ten="40,5200,0" yaku="14,1,54,2" doraHai="117" who="1" fromWho="0" sc="181,-52,196,52,191,0,432,0" owari="129,-27,248,0,191,-16,432,43" /></mjloggm>