<mjloggm ver="2.3"><GO type="225"/><UN n0="%E3%82%AF%E3%83%AB%E3%83%AB%E2%98%86" n1="%E5%B1%B1%E5%B9%B8%E5%95%86%E5%BA%97" n2="%45%56%41%4E%53%49%55" n3="%41%42%49%4C%49%54%59" dan="16,17,16,17" rate="2038,2173,2081,2138" sx="F,M,M,M"/><TAIKYOKU oya="0"/><INIT seed="0,0,0,4,4,109" ten="250,250,250,250" oya="0" hai0="97,110,37,65,7,96,129,135,28,99,117,2,35" hai1="108,17,51,26,124,125,42,38,39,123,1,85,14" hai2="76,118,40,92,53,19,121,73,116,15,23,95,60" hai3="52,128,82,75,55,112,126,34,78,27,48,31,58" shuffle="mt19937ar,93575D45,741CDCC8,799E7777,8314CC40,31327AD7,03D227CD,07EDEEA8,0C6BEA05"/><T6/><D37/><U25/><E108/><V90/><F121/><W102/><G102/><T133/><D110/><U67/><E1/><V18/><F40/><W4/><G4/><T16/><D117/><U10/><E67/><V59/><F19/><W71/><G71/><T106/><D106/><U20/><E123/><V62/><F62/><W32/><G128/><T29/><D65/><U91/><E26/><V88/><F76/><W120/><G120/><T66/><D66/><U104/><E104/><V114/><F73/><W74/><G126/><N who="1" m="48746" /><E51/><V45/><F45/><W89/><G89/><T79/><D79/><U41/><E39/><V68/><F68/><W12/><G75/><T87/><D129/><U8/><E8/><V69/><F69/><W72/><G72/><T80/><D87/><U63/><E63/><V33/><F33/><W115/><G34/><T57/><D80/><N who="1" m="49575" /><E38/><V64/><F64/><W130/><G130/><T127/><D127/><U46/><E46/><V24/><F15/><W101/><G55/><T13/><D57/><U94/><E94/><V105/><F105/><W122/><G122/><T113/><D35/><U11/><E11/><V21/><F21/><W86/><G74/><T98/><D2/><U56/><E56/><V84/><REACH who="2" step="1"/><F114/><REACH who="2" step="2"/><W3/><G3/><T70/><D70/><U22/><E22/><V54/><F54/><W111/><G12/><T5/><D113/><N who="3" m="43593" /><G111/><T50/><D13/><U49/><E49/><V30/><F30/><AGARI ba="0,1" hai="10,14,17,20,25,30,41,42" m="49575,48746" machi="30" ten="30,1000,0" yaku="18,1" doraHai="109" who="1" fromWho="2" sc="250,0,250,20,240,-10,250,0" /><INIT seed="1,0,0,3,4,125" ten="250,270,230,250" oya="1" hai0="61,127,101,22,72,130,17,18,111,123,129,53,97" hai1="23,28,82,107,116,40,109,124,45,31,27,69,48" hai2="0,77,134,122,58,6,78,106,119,66,54,88,2" hai3="7,108,8,102,110,105,80,115,117,98,83,128,19" shuffle="mt19937ar,BA2E3C98,82351C93,3F948396,639CDDEA,301B9E97,6510C6B0,3BFD4695,3EFD700C"/><U76/><E124/><V39/><F119/><W85/><G115/><T86/><D72/><U93/><E116/><V15/><F122/><W113/><G113/><T94/><D127/><U20/><E107/><V87/><F106/><W135/><G117/><T49/><D123/><U26/><E69/><V55/><F39/><W21/><G135/><T70/><D111/><N who="3" m="42537" /><G85/><T62/><D86/><U33/><E109/><V14/><F134/><W5/><G128/><N who="0" m="49259" /><D70/><U64/><E64/><V52/><F2/><N who="3" m="55" /><G7/><T71/><D71/><U3/><E3/><V38/><F38/><W91/><G91/><T42/><D42/><U103/><E33/><V84/><F0/><W50/><G50/><T121/><D121/><U104/><E104/><V35/><F84/><W32/><G32/><T63/><D22/><U131/><E131/><V100/><F35/><W90/><G90/><T92/><D94/><U10/><E10/><N who="2" m="4439" /><F15/><AGARI ba="0,0" hai="15,19,21,80,83,98,102,105" m="55,42537" machi="15" ten="30,1000,0" yaku="14,1" doraHai="125" who="3" fromWho="2" sc="250,0,270,0,230,-10,250,10" /><INIT seed="2,0,0,4,2,9" ten="250,270,220,260" oya="2" hai0="21,55,112,60,134,12,99,19,26,76,104,56,52" hai1="120,46,38,69,109,89,1,116,82,33,128,115,32" hai2="124,22,107,59,129,5,74,16,103,121,31,118,54" hai3="62,39,7,29,101,28,92,81,49,40,10,48,17" shuffle="mt19937ar,2FA79614,CB2E9BB9,9918C35F,5552C655,0916E3CB,077E5A2A,B9606508,2ADD6A76"/><V96/><F118/><W58/><G39/><T47/><D112/><U66/><RYUUKYOKU type="yao9" ba="0,0" sc="250,0,270,0,220,0,260,0" hai1="1,32,33,38,46,66,69,82,89,109,115,116,120,128" /><INIT seed="2,1,0,2,0,118" ten="250,270,220,260" oya="2" hai0="11,93,98,24,91,76,45,129,94,89,35,25,30" hai1="108,39,50,14,1,47,5,88,110,124,102,130,12" hai2="29,44,128,113,126,38,133,56,23,65,90,58,54" hai3="63,60,131,52,81,92,18,22,77,37,19,48,53" shuffle="mt19937ar,10FBC2C9,DF827FE9,1E1E4B13,44A60F23,E821ECD6,90483024,7E5E3F80,3BFB5986"/><V116/><F113/><W57/><G131/><T17/><D129/><U112/><E39/><V3/><F116/><W86/><G37/><T31/><D76/><U111/><E130/><V59/><F128/><W105/><G105/><T97/><D45/><U26/><E102/><V125/><F3/><W123/><G123/><T62/><D62/><U117/><E117/><V104/><F104/><W79/><G79/><T36/><D36/><U21/><E112/><V106/><F106/><W109/><G109/><T49/><D49/><U100/><E100/><V10/><F133/><W85/><G53/><T132/><D132/><U84/><E1/><V80/><F65/><W33/><G33/><T4/><D17/><N who="3" m="6153" /><G22/><T115/><D115/><U16/><E5/><V13/><F23/><W134/><G134/><T127/><D127/><N who="2" m="48650" /><F29/><W8/><G8/><T41/><D41/><N who="1" m="24943" /><E124/><V43/><F10/><W96/><G86/><T61/><D61/><U103/><E103/><AGARI ba="1,0" hai="48,52,57,60,63,77,81,85,92,96,103" m="6153" machi="103" ten="30,2000,0" yaku="8,1,54,1" doraHai="118" who="3" fromWho="1" sc="250,0,270,-23,220,0,260,23" /><INIT seed="3,0,0,0,2,27" ten="250,247,220,283" oya="3" hai0="81,41,102,95,110,9,21,109,101,20,52,31,40" hai1="5,115,4,30,0,80,61,11,15,77,1,71,112" hai2="89,132,14,65,58,134,25,45,19,70,100,123,55" hai3="56,83,44,125,126,60,12,38,46,28,29,54,114" shuffle="mt19937ar,76A1EA67,8196243C,38DF4429,26D9EE38,6B506251,82187581,36BE9A26,0A40E70D"/><W66/><G114/><T75/><D9/><N who="1" m="2183" /><E61/><N who="2" m="40239" /><F100/><W128/><G128/><T69/><D69/><U17/><E71/><V37/><F25/><W48/><G83/><T93/><D81/><U120/><E80/><V86/><F86/><W87/><G87/><T13/><D75/><U129/><E77/><V33/><F89/><W51/><G38/><T6/><D6/><U116/><E120/><V88/><F88/><W53/><G12/><T36/><D36/><U50/><E50/><N who="2" m="31095" /><F33/><W43/><G43/><T106/><D13/><U84/><E84/><V119/><F19/><W63/><G63/><T68/><D68/><U130/><E30/><AGARI ba="0,0" hai="28,29,30,44,46,48,51,53,54,56,60,66,125,126" machi="30" ten="40,12000,1" yaku="9,1,52,3" doraHai="27" who="3" fromWho="1" sc="250,0,247,-120,220,0,283,120" owari="250,0,127,-27,220,-13,403,40" /></mjloggm>