<mjloggm ver="2.3"><GO type="225"/><UN n0="%E6%9C%A7%E5%A4%8F%E6%9C%88" n1="%23%37%34%E5%A4%A7%E6%B2%BB%E9%83%8E" n2="%E3%82%AF%E3%83%AB%E3%83%AB%E2%98%86" n3="%EF%BC%A6%EF%BC%B8%E9%9B%80%E5%A3%AB" dan="17,16,16,16" rate="2148,2065,2051,2056" sx="M,M,F,M"/><TAIKYOKU oya="0"/><INIT seed="0,0,0,2,0,104" ten="250,250,250,250" oya="0" hai0="124,20,82,39,22,107,74,84,71,37,19,68,108" hai1="86,78,110,58,0,133,53,102,56,115,91,25,100" hai2="92,96,98,32,40,93,95,97,33,43,23,18,41" hai3="2,118,83,61,76,27,21,28,111,52,45,119,34" shuffle="mt19937ar,55B31515,1BA83FA3,CBF2BB8E,C340DEAE,3E641B8E,D7789F20,C38A4F0A,4C443383"/><T89/><D107/><U70/><E0/><V135/><REACH who="2" step="1"/><F135/><REACH who="2" step="2"/><W99/><G118/><T50/><D124/><U79/><E133/><V66/><F66/><W126/><G119/><T88/><D108/><U113/><E110/><V30/><F30/><W109/><G126/><T4/><D71/><U105/><E70/><V15/><AGARI ba="0,1" hai="15,18,23,32,33,40,41,43,92,93,95,96,97,98" machi="15" ten="40,8000,1" yaku="21,2,0,1,29,2,53,0" doraHai="104" doraHaiUra="134" who="2" fromWho="2" sc="250,-40,250,-20,240,90,250,-20" /><INIT seed="1,0,0,5,5,72" ten="210,230,330,230" oya="1" hai0="92,42,54,59,34,107,98,75,114,74,19,87,17" hai1="123,2,3,95,47,100,78,25,33,18,82,108,0" hai2="94,79,120,64,84,7,14,15,24,115,61,106,53" hai3="68,118,13,26,90,129,44,60,1,38,66,29,101" shuffle="mt19937ar,F99276E0,274EE4EF,B2367DE9,080E008E,E608DB42,025B4486,DF3DDC7F,45B9698C"/><U49/><E123/><V127/><F106/><W20/><G1/><T105/><D34/><U69/><E69/><V125/><F120/><W6/><G118/><T135/><D114/><U96/><E108/><V45/><F115/><W104/><G129/><T91/><D135/><U111/><E111/><V131/><F131/><W77/><G90/><T116/><D116/><U62/><E62/><V134/><F134/><W57/><G104/><T63/><D107/><U21/><E33/><V76/><F24/><W102/><G68/><T93/><D105/><U112/><E112/><V113/><F113/><W83/><G38/><T5/><D5/><U81/><E81/><V11/><F15/><W80/><G44/><T86/><D42/><U16/><E18/><V46/><F94/><W36/><G36/><T67/><D87/><U28/><E28/><V43/><F84/><N who="3" m="48143" /><G83/><T109/><D109/><U40/><REACH who="1" step="1"/><E0/><REACH who="1" step="2"/><V133/><F133/><W48/><G60/><T41/><D17/><U126/><E126/><V73/><F61/><W119/><G29/><T128/><D128/><U32/><E32/><V117/><F127/><W50/><G119/><T70/><D19/><U55/><E55/><V110/><F53/><W132/><G132/><T31/><D31/><U56/><E56/><V130/><F117/><W23/><G57/><T39/><D54/><U71/><E71/><V121/><F110/><W37/><G66/><T51/><D70/><U9/><E9/><V103/><F11/><W97/><G23/><T12/><D67/><U8/><E8/><V10/><F125/><W65/><G65/><RYUUKYOKU ba="0,1" sc="210,-10,220,30,330,-10,230,-10" hai1="2,3,16,21,25,40,47,49,78,82,95,96,100" /><INIT seed="1,1,1,1,5,67" ten="200,250,320,220" oya="1" hai0="116,83,132,124,118,82,61,108,105,120,70,127,135" hai1="12,36,98,32,58,37,73,76,47,117,35,64,129" hai2="53,91,104,50,66,88,77,74,103,114,34,16,33" hai3="38,92,45,94,5,55,95,30,89,115,57,20,111" shuffle="mt19937ar,6BBAE8EB,81E1BDB7,C0EB1F50,88AB23C2,D7E2BBEE,379EE97C,EA6F82A0,34AACB3C"/><U13/><E117/><N who="0" m="45161" /><D105/><U97/><E129/><V62/><F114/><W75/><G115/><T72/><D108/><U71/><E58/><V85/><F74/><W44/><G111/><T40/><D40/><U43/><E76/><V2/><F2/><W18/><G75/><T22/><D22/><U110/><E73/><V133/><F77/><W42/><G30/><T125/><D120/><U28/><E110/><V17/><F133/><N who="0" m="51274" /><D72/><U130/><E130/><V123/><F123/><W25/><G5/><T128/><D128/><U68/><E43/><V26/><F104/><W96/><REACH who="3" step="1"/><G45/><REACH who="3" step="2"/><T60/><D70/><U21/><E28/><V63/><F34/><W9/><G9/><T80/><AGARI ba="1,2" hai="60,61,80,82,83,124,125,127" m="51274,45161" machi="80" ten="50,8000,1" yaku="28,2,18,1,20,1" doraHai="67" who="0" fromWho="0" sc="200,103,250,-41,320,-21,210,-21" /><INIT seed="2,0,0,0,5,34" ten="303,209,299,189" oya="2" hai0="97,100,98,63,37,11,18,13,104,126,112,33,82" hai1="90,53,123,73,105,79,36,92,48,65,93,121,72" hai2="52,54,118,130,119,91,59,2,17,116,85,14,67" hai3="8,61,24,20,21,103,12,113,76,84,26,74,41" shuffle="mt19937ar,AB96E057,A1C4E868,9022C4F3,A8D56FC6,92323C3A,BA5B14B5,8D3A2DCA,7075BBD3"/><V29/><F130/><W38/><G74/><T124/><D112/><U101/><E36/><V46/><F29/><W42/><G113/><T9/><D33/><U117/><E65/><V133/><F133/><W102/><G38/><T49/><D37/><U35/><E35/><V30/><F30/><W128/><G128/><T89/><D63/><U110/><E48/><V50/><F67/><W120/><G61/><T132/><D132/><U115/><E53/><V107/><F107/><W47/><G120/><N who="1" m="46154" /><E115/><V86/><F2/><W5/><G102/><T10/><D49/><U43/><E43/><V106/><F106/><W129/><G103/><T66/><D66/><U55/><E55/><V60/><REACH who="2" step="1"/><F91/><REACH who="2" step="2"/><W0/><G0/><T15/><D89/><U122/><E105/><V45/><F45/><W95/><G129/><T77/><D104/><U22/><E122/><V69/><F69/><W51/><G47/><T23/><D100/><U7/><E101/><V58/><F58/><W27/><G42/><T19/><D126/><U57/><E57/><V32/><F32/><W31/><G31/><T87/><REACH who="0" step="1"/><D124/><REACH who="0" step="2"/><U114/><E114/><V39/><F39/><W16/><G41/><T68/><D68/><U64/><E64/><V75/><F75/><W96/><G51/><T71/><D71/><U1/><E90/><V83/><F83/><W99/><G76/><T44/><D44/><U4/><E79/><V88/><F88/><W109/><G95/><T25/><D25/><U108/><E93/><V62/><F62/><W135/><G26/><T80/><D80/><U70/><E92/><RYUUKYOKU ba="0,2" sc="293,15,209,-15,289,15,189,-15" hai0="9,10,11,13,15,18,19,23,77,82,87,97,98" hai2="14,17,46,50,52,54,59,60,85,86,116,118,119" /><INIT seed="2,1,2,3,2,70" ten="308,194,304,174" oya="2" hai0="82,68,130,93,18,3,134,28,79,38,124,121,131" hai1="81,59,86,62,84,12,110,69,117,14,77,108,107" hai2="132,24,5,61,46,66,33,128,48,10,97,16,123" hai3="67,29,45,122,8,35,57,90,50,58,103,40,54" shuffle="mt19937ar,63B24712,88E2269E,956F89CD,9DFEAD96,C8B9D261,F819E8B1,97E97309,CF9D3073"/><V37/><F123/><W105/><G122/><T71/><D121/><U78/><E107/><V49/><F128/><N who="0" m="49194" /><D3/><U127/><E117/><V4/><F132/><W65/><G105/><T101/><D134/><U98/><E69/><V36/><F97/><W115/><G115/><T42/><D28/><U13/><E98/><V17/><F17/><W74/><G74/><T26/><D124/><U118/><E118/><V30/><F16/><W88/><G103/><T95/><D95/><U64/><REACH who="1" step="1"/><E127/><REACH who="1" step="2"/><V126/><F126/><W23/><G35/><T91/><D71/><U80/><AGARI ba="1,3" hai="12,13,14,59,62,64,77,78,80,81,84,86,108,110" machi="80" ten="30,7900,0" yaku="1,1,2,1,0,1,9,1,53,0" doraHai="70" doraHaiUra="0" who="1" fromWho="1" sc="308,-21,184,112,304,-40,174,-21" /><INIT seed="3,0,0,5,0,107" ten="287,296,264,153" oya="3" hai0="92,130,34,40,25,70,100,86,84,56,77,48,110" hai1="80,28,35,15,32,20,2,36,31,72,122,88,127" hai2="55,12,114,52,111,26,14,108,65,76,63,29,57" hai3="27,61,51,73,125,47,54,66,38,93,1,82,6" shuffle="mt19937ar,47A83B38,3835E715,C098BD9A,4CCBF1C0,9659BDBB,1FCBA42D,441C4AC1,281E100A"/><W18/><G125/><T33/><D70/><U21/><E36/><V81/><F114/><W71/><G38/><T8/><D110/><N who="2" m="42026" /><F12/><W98/><G1/><T124/><D124/><U37/><E37/><V133/><F14/><W83/><G6/><T85/><D130/><U39/><E39/><V41/><F41/><W7/><G7/><T68/><D68/><U43/><E43/><V106/><F106/><W45/><G45/><T17/><D77/><U94/><E127/><V30/><F133/><W78/><G82/><T95/><D100/><U5/><E122/><V120/><F120/><W79/><G79/><T74/><D33/><U134/><E134/><V16/><F16/><W3/><G3/><T42/><D34/><U102/><E102/><V75/><F30/><W113/><G113/><T112/><D112/><U13/><E2/><V126/><F126/><W53/><G53/><N who="0" m="31783" /><D74/><U109/><E5/><V87/><F87/><W119/><G119/><T99/><D8/><U123/><E109/><V9/><F9/><W62/><G62/><T118/><D118/><U10/><E123/><V103/><F103/><W89/><G18/><T46/><D99/><U97/><E35/><AGARI ba="0,0" hai="26,29,35,52,55,57,63,65,75,76,81" m="42026" machi="35" ten="30,3900,0" yaku="14,1,52,1,54,1" doraHai="107" who="2" fromWho="1" sc="287,0,296,-39,264,39,153,0" owari="287,4,257,-9,303,30,153,-25" /></mjloggm>