<mjloggm ver="2.3"><GO type="225"/><UN n0="%E2%98%85%E3%83%A6%E3%83%94%E3%83%86%E3%83%AB%E2%98%85" n1="%23%37%34%E5%A4%A7%E6%B2%BB%E9%83%8E" n2="%E3%83%80%E3%83%A0%E3%83%9E%E3%83%8B%E3%82%A2" n3="%E5%88%BB%E5%AD%90%E5%B8%82%E6%B0%91" dan="17,16,16,17" rate="2071,2044,2129,2101" sx="M,M,M,M"/><TAIKYOKU oya="0"/><INIT seed="0,0,0,1,1,34" ten="250,250,250,250" oya="0" hai0="27,48,14,59,83,53,134,42,52,101,13,56,40" hai1="29,66,68,36,128,71,119,96,74,124,115,1,49" hai2="43,127,12,51,65,86,47,130,102,110,50,81,17" hai3="67,19,87,28,54,72,94,93,90,129,2,125,91" shuffle="mt19937ar,6EA38B11,6890877B,DD4A1D03,8F7647A8,A67C3783,141FB87E,FC14B8A4,22CE28EF"/><T23/><D134/><U88/><E36/><V107/><F130/><W92/><G28/><T64/><D101/><U4/><E74/><V35/><F35/><W109/><G67/><T73/><D64/><U8/><E119/><V45/><F127/><W95/><G72/><T60/><D73/><U58/><E128/><V123/><F123/><W120/><G120/><T108/><D108/><U76/><E124/><V3/><F65/><W113/><G113/><T25/><D83/><U16/><E76/><V133/><F133/><W62/><G125/><T39/><D39/><U117/><E117/><V75/><F75/><W24/><G2/><T22/><D48/><U26/><E115/><V78/><F107/><W46/><G129/><T121/><REACH who="0" step="1"/><D121/><REACH who="0" step="2"/><U44/><E66/><V10/><F102/><W6/><G109/><T118/><D118/><U89/><E71/><V80/><F110/><W135/><G135/><T126/><D126/><U9/><E68/><V20/><F81/><W98/><G62/><AGARI ba="0,1" hai="13,14,22,23,25,27,40,42,52,53,56,59,60,62" machi="62" ten="25,12000,1" yaku="1,1,22,2,8,1,54,1,53,0" doraHai="34" doraHaiUra="106" who="0" fromWho="3" sc="240,130,250,0,250,0,250,-120" /><INIT seed="0,1,0,0,4,124" ten="370,250,250,130" oya="0" hai0="1,74,29,80,122,78,34,42,101,85,7,40,31" hai1="133,132,60,28,33,125,106,109,90,25,118,8,10" hai2="73,23,119,113,115,131,58,3,104,9,22,98,67" hai3="111,59,71,44,86,69,16,94,75,79,35,20,11" shuffle="mt19937ar,1801BD2F,188291E9,18847950,19C1D42B,E85E0A7E,17D04755,0E7FF2BC,1EC50E84"/><T18/><D122/><U21/><E106/><V36/><F73/><W128/><G35/><T102/><D74/><U127/><E90/><V5/><F36/><W89/><G111/><T91/><D1/><U57/><E57/><V82/><F82/><W30/><G30/><N who="0" m="11275" /><D7/><U114/><E60/><V107/><F119/><W62/><G11/><N who="1" m="4138" /><E118/><V87/><F87/><W26/><G44/><T65/><D34/><U49/><E49/><V61/><F107/><W112/><G112/><T96/><D65/><U38/><E38/><V13/><F115/><W117/><G117/><T47/><D18/><N who="1" m="12471" /><E109/><V110/><F110/><W120/><G120/><T39/><D39/><U0/><E0/><V46/><F46/><W2/><G2/><T130/><D47/><U81/><E81/><V95/><F104/><W12/><G75/><T19/><D80/><U48/><E48/><V41/><F41/><W108/><G108/><T6/><D91/><U105/><E105/><V63/><F61/><W121/><G121/><T43/><D42/><U50/><E50/><V88/><F113/><W32/><G79/><T64/><D78/><U27/><E114/><V93/><F95/><W51/><G51/><T17/><D40/><U45/><E45/><V15/><F3/><W37/><G37/><T135/><D43/><U97/><E97/><V99/><F98/><W14/><G32/><T56/><D96/><U84/><E84/><V129/><REACH who="2" step="1"/><F15/><REACH who="2" step="2"/><W77/><G14/><T83/><D85/><U53/><E53/><V52/><F52/><W68/><G12/><T4/><D83/><U126/><AGARI ba="1,1" hai="27,28,33,125,126,127,132,133" m="12471,4138" machi="126" ten="40,8000,1" yaku="5,1,18,1,34,2" doraHai="124" who="1" fromWho="1" sc="370,-41,250,93,240,-21,130,-21" /><INIT seed="1,0,0,1,0,109" ten="329,343,219,109" oya="1" hai0="96,134,95,85,119,4,62,48,32,65,16,28,93" hai1="25,45,29,70,129,56,11,111,100,0,24,78,101" hai2="120,92,42,130,128,115,57,46,108,37,14,68,58" hai3="53,132,60,114,72,10,15,49,31,103,52,107,61" shuffle="mt19937ar,E633A3F3,F088F39D,A1B55F05,C7582854,58A8831A,03FED031,46836515,B7D08A32"/><U91/><E70/><V117/><F68/><W51/><G72/><T71/><D119/><U80/><E111/><V102/><F102/><W133/><G31/><T118/><D118/><U126/><E126/><V121/><F92/><W23/><G23/><T74/><D74/><U123/><E123/><N who="2" m="47179" /><F14/><W19/><G103/><T84/><D134/><U122/><E122/><V110/><F117/><W1/><G1/><T88/><D4/><U124/><E124/><V105/><F105/><W36/><G36/><T94/><D48/><U40/><E56/><N who="2" m="21611" /><F115/><W75/><G107/><T89/><D16/><U47/><E91/><V18/><F18/><W73/><G19/><T97/><D94/><U7/><E25/><AGARI ba="0,0" hai="25,28,32,62,65,71,84,85,88,89,93,95,96,97" machi="25" ten="40,2600,0" yaku="9,1,54,1" doraHai="109" who="0" fromWho="1" sc="329,26,343,-26,219,0,109,0" /><INIT seed="2,0,0,4,3,72" ten="355,317,219,109" oya="2" hai0="55,130,13,85,112,134,100,125,6,57,83,133,53" hai1="75,71,82,78,46,3,86,113,135,132,110,77,8" hai2="74,61,48,120,51,38,26,91,94,20,18,59,124" hai3="27,44,69,10,63,22,11,102,88,52,50,101,79" shuffle="mt19937ar,3DFC3437,221CCF5C,82E50ABA,595934A6,2EF99FB7,FC91A0EA,113C34EC,1449C076"/><V129/><F38/><W2/><G2/><T95/><D112/><U117/><E71/><V108/><F120/><W97/><G69/><T17/><D125/><U98/><E113/><V81/><F124/><W49/><G63/><T4/><D130/><U93/><E117/><V0/><F0/><W128/><G128/><T28/><D28/><U43/><E110/><V99/><F108/><W104/><G101/><T25/><D25/><U14/><E3/><V21/><F129/><W7/><G7/><N who="0" m="2603" /><D133/><N who="1" m="51275" /><E93/><V103/><F20/><W109/><G109/><T15/><D134/><U54/><E98/><V67/><REACH who="2" step="1"/><F91/><REACH who="2" step="2"/><W42/><G88/><N who="0" m="51263" /><D100/><U37/><E37/><V24/><F24/><W5/><G27/><T9/><D15/><U114/><E114/><V64/><F64/><W118/><G118/><T62/><D95/><U65/><E65/><AGARI ba="0,1" hai="9,13,17,53,55,57,62,65" m="51263,2603" machi="65" ten="30,2000,0" yaku="8,1,54,1" doraHai="72" who="0" fromWho="1" sc="355,30,317,-20,209,0,109,0" /><INIT seed="3,0,0,1,0,110" ten="385,297,209,109" oya="3" hai0="117,127,3,4,40,75,131,85,53,97,109,92,121" hai1="124,41,119,5,57,135,19,90,39,33,32,17,29" hai2="76,93,65,1,35,108,126,46,95,58,94,8,89" hai3="116,87,114,12,68,128,63,28,49,81,99,52,102" shuffle="mt19937ar,A36B4A41,F48B8476,BD226C18,7F83030A,88FA9BA8,AACB0491,80796183,36977570"/><W73/><G116/><T45/><D117/><U100/><E119/><V11/><F35/><W54/><G73/><T101/><D109/><U26/><E135/><V88/><F108/><W6/><G128/><T44/><D75/><U78/><E124/><V56/><F76/><W0/><G0/><T47/><D131/><U129/><E129/><V104/><F104/><W120/><G120/><T31/><D127/><U37/><E78/><V18/><F126/><W43/><G114/><T69/><D69/><U70/><E70/><V118/><F118/><W112/><G112/><T25/><D3/><U38/><E41/><V36/><F36/><W83/><G28/><T98/><D4/><U61/><E100/><V34/><F34/><W105/><G83/><T55/><D40/><U71/><E71/><V133/><F133/><W16/><G6/><T21/><D97/><U80/><E33/><V27/><F46/><W22/><G43/><T103/><D103/><U42/><E42/><V23/><F1/><W79/><REACH who="3" step="1"/><G49/><REACH who="3" step="2"/><T20/><D121/><U74/><E5/><V15/><F65/><AGARI ba="0,1" hai="12,16,22,52,54,63,65,68,79,81,87,99,102,105" machi="65" ten="40,12000,1" yaku="1,1,2,1,54,2,53,1" doraHai="110" doraHaiUra="67" who="3" fromWho="2" sc="385,0,297,0,209,-120,99,130" /><INIT seed="3,1,0,0,4,64" ten="385,297,89,229" oya="3" hai0="61,99,0,70,119,125,38,115,12,36,103,102,95" hai1="46,27,92,97,134,91,82,30,13,85,94,4,7" hai2="56,112,17,133,121,113,83,11,19,41,128,44,55" hai3="117,126,58,135,37,96,53,105,129,124,48,80,69" shuffle="mt19937ar,0CC4F4AB,767052DF,A8D5C6C4,3490F870,43A79CEF,4FDB4DF4,9647726D,4DDBC2DB"/><W10/><G117/><T68/><D0/><U15/><E134/><V9/><F83/><W66/><G37/><T122/><D119/><U123/><E123/><V23/><F121/><W93/><G105/><T62/><D122/><U25/><E46/><V67/><F133/><W60/><G135/><T59/><D125/><N who="3" m="48233" /><G129/><T77/><D77/><U33/><E94/><V74/><F74/><W118/><G118/><T43/><D12/><U14/><REACH who="1" step="1"/><E25/><REACH who="1" step="2"/><V114/><F128/><W49/><G80/><T28/><D95/><U84/><E84/><V54/><F44/><W57/><G10/><T20/><D99/><U6/><E6/><V73/><F73/><W98/><G93/><T106/><D106/><U18/><E18/><V72/><F72/><W86/><G86/><T22/><D28/><U120/><E120/><V131/><F131/><W108/><G108/><T16/><D16/><N who="2" m="6218" /><F41/><W24/><G24/><T100/><D43/><U76/><AGARI ba="1,1" hai="4,7,13,14,15,27,30,33,76,82,85,91,92,97" machi="76" ten="30,7900,0" yaku="1,1,0,1,53,2" doraHai="64" doraHaiUra="1" who="1" fromWho="1" sc="385,-21,287,92,89,-21,229,-40" owari="364,11,379,38,68,-33,189,-16" /></mjloggm>