<mjloggm ver="2.3"><GO type="185"/><UN n0="%E3%81%84%E3%81%B6%E3%81%97%E3%81%AE%E3%81%91%E3%82%93" n1="%E4%B8%89%E7%94%B0%E6%9D%91%E8%8C%9C" n2="%E7%B1%B3%E5%85%89%E5%80%B6%E6%A5%BD%E9%83%A8" n3="" dan="16,17,16,0" rate="2225,2193,2150,1500" sx="M,F,F,C"/><TAIKYOKU oya="0"/><INIT seed="0,0,0,5,5,59" ten="350,350,350,0" oya="0" hai0="83,99,100,123,71,42,62,96,63,120,3,72,94" hai1="130,103,110,126,124,38,122,75,51,35,134,119,115" hai2="109,2,127,37,93,73,60,36,98,111,112,68,102" hai3="" shuffle="mt19937ar,16BCD68C,C61A3440,39D55C57,4C045CB4,7CDA0921,E9DDBDC4,ED1DF7D7,F889B832"/><T70/><N who="0" m="30752" /><T54/><N who="0" m="31520" /><T95/><D3/><U113/><E103/><V85/><F2/><T101/><D42/><U78/><E51/><V39/><F73/><T58/><D72/><U49/><E49/><V92/><F112/><T43/><D43/><U32/><E78/><V77/><F127/><T135/><D135/><U133/><N who="1" m="31264" /><U88/><E75/><V44/><F44/><T65/><D83/><U104/><E38/><V57/><F68/><AGARI ba="0,0" hai="54,58,62,63,65,68,70,71,94,95,96,99,100,101" m="31520,30752" machi="68" ten="30,18000,2" yaku="7,1,9,1,52,4" doraHai="59" who="0" fromWho="2" sc="350,180,350,0,350,-180,0,0" /><INIT seed="0,1,0,0,5,84" ten="530,350,170,0" oya="0" hai0="0,99,73,70,113,130,98,91,54,50,58,77,101" hai1="51,2,123,92,62,127,35,93,52,111,97,67,3" hai2="100,96,43,78,105,120,116,32,131,72,115,102,128" hai3="" shuffle="mt19937ar,98F9B500,0B6B3060,73539ECC,5FE8AB12,3510B9C0,40FBB942,4D3C5878,220BB6D0"/><T129/><D70/><U108/><N who="1" m="31520" /><U44/><E127/><V82/><N who="2" m="30752" /><V75/><F32/><T49/><D113/><U132/><E35/><V80/><F43/><T107/><D0/><U68/><E132/><V95/><F115/><T40/><D77/><U36/><E36/><V126/><F116/><T118/><D73/><U71/><E93/><V33/><F33/><T134/><D134/><U42/><E42/><V104/><F126/><T112/><D112/><U1/><REACH who="1" step="1"/><E68/><REACH who="1" step="2"/><V86/><F128/><T48/><D40/><U74/><E74/><N who="2" m="28203" /><F131/><N who="0" m="50186" /><D118/><U57/><E57/><V63/><F63/><T125/><D125/><U88/><AGARI ba="1,1" hai="1,2,3,44,51,52,62,67,71,88,92,97,108,111" m="31520" machi="88" ten="40,9000,2" yaku="1,1,0,1,52,2,54,2,53,0" doraHai="84" doraHaiUra="110" who="1" fromWho="1" sc="530,-61,340,102,170,-31,0,0" /><INIT seed="1,0,0,1,3,2" ten="469,442,139,0" oya="1" hai0="58,73,129,0,94,37,89,47,68,61,70,75,124" hai1="88,72,111,76,109,107,96,71,103,118,115,99,1" hai2="128,106,104,91,83,120,90,117,121,62,125,34,130" hai3="" shuffle="mt19937ar,D02ABA8D,BA7037CF,90BE9119,7783A97C,3388BB06,293B3FD7,4B6D6FF1,496E5590"/><U126/><E1/><V101/><N who="2" m="30752" /><V65/><N who="2" m="31008" /><V92/><F117/><T98/><D0/><U113/><E71/><V36/><F36/><T132/><D132/><U131/><E118/><V86/><F34/><T105/><D129/><N who="2" m="49770" /><F62/><T33/><D124/><U69/><E126/><V135/><F65/><T46/><D75/><U87/><E131/><V49/><F49/><T48/><D73/><U64/><E99/><V93/><F125/><T79/><D79/><U67/><E69/><V63/><F63/><T133/><D133/><U52/><E52/><V54/><F54/><T108/><D37/><U50/><E50/><V66/><F66/><T84/><D46/><U95/><E64/><V51/><F51/><T56/><D56/><U53/><E67/><V77/><F135/><T85/><D58/><U44/><E53/><V112/><F112/><N who="1" m="43081" /><E44/><V123/><N who="2" m="31520" /><V42/><F42/><T97/><D61/><U82/><AGARI ba="0,0" hai="72,76,82,87,88,95,96,103,107,109,111" m="43081" machi="82" ten="40,8000,1" yaku="24,1,34,2,54,1" doraHai="2" who="1" fromWho="1" sc="469,-40,442,80,139,-40,0,0" /><INIT seed="1,1,0,3,4,119" ten="429,522,99,0" oya="1" hai0="38,103,100,97,67,76,114,2,45,48,74,104,99" hai1="60,94,118,75,101,85,34,46,105,89,55,56,125" hai2="134,53,112,81,135,59,58,131,98,90,130,93,120" hai3="" shuffle="mt19937ar,D85703AB,9CB05DDB,98ED6922,AFDCDCA8,C2880BEB,ECB8B208,A96BA393,6492714D"/><U43/><E34/><V116/><N who="2" m="30752" /><V49/><F116/><T54/><D2/><U78/><E118/><V42/><F112/><T84/><D114/><U36/><E125/><V88/><F42/><T107/><D38/><U86/><E75/><V57/><F81/><T72/><D76/><U3/><E78/><V1/><F90/><T109/><D109/><U133/><E133/><N who="2" m="50699" /><F1/><T70/><REACH who="0" step="1"/><D84/><REACH who="0" step="2"/><U40/><E3/><V77/><F77/><T111/><D111/><U44/><E86/><V108/><F108/><T87/><D87/><U102/><REACH who="1" step="1"/><E105/><REACH who="1" step="2"/><V51/><F51/><AGARI ba="1,2" hai="36,40,43,44,46,51,55,56,60,85,89,94,101,102" machi="51" ten="30,12000,1" yaku="1,1,2,1,7,1,53,2" doraHai="119" doraHaiUra="96" who="1" fromWho="2" sc="419,0,512,142,99,-122,0,0" owari="419,2,654,60,-23,-62,0,0" /></mjloggm>