<mjloggm ver="2.3"><GO type="225"/><UN n0="%E7%AE%A1%E5%AF%9D" n1="%E3%83%81%E3%83%A3%E3%82%AA%E3%83%AA" n2="%E6%A1%9C%E8%8A%B1%E9%96%83%E3%80%85" n3="%E3%83%80%E3%83%A0%E3%83%9E%E3%83%8B%E3%82%A2" dan="16,17,16,16" rate="2055,2148,2046,2134" sx="M,M,M,M"/><TAIKYOKU oya="0"/><INIT seed="0,0,0,2,2,91" ten="250,250,250,250" oya="0" hai0="125,110,57,74,80,50,68,114,27,47,39,38,32" hai1="69,72,81,15,77,5,1,56,28,0,26,99,120" hai2="115,121,116,51,127,97,12,82,123,109,85,31,62" hai3="59,17,64,102,52,55,88,45,61,96,14,94,63" shuffle="mt19937ar,C6093B1B,CE2AB511,5DE74023,53C0350C,0EFE75A1,5B615F0C,6B2D7889,DAC0F7EE"/><T46/><D114/><U87/><E69/><V43/><F115/><W83/><G45/><N who="0" m="16907" /><D74/><U79/><E120/><V22/><F43/><W10/><G61/><T70/><D80/><U36/><E36/><N who="0" m="13865" /><D32/><U84/><E56/><V122/><F82/><W58/><G58/><T60/><D27/><U25/><E72/><V9/><F122/><W6/><G6/><T112/><D112/><U92/><E79/><V48/><F121/><W20/><G10/><T134/><D134/><U41/><E41/><V66/><F9/><W54/><G83/><T104/><D104/><U65/><E65/><V3/><F66/><W13/><G13/><T67/><D125/><U71/><E71/><N who="0" m="27177" /><D110/><U126/><E87/><V33/><F85/><W53/><N who="3" m="13824" /><DORA hai="29" /><W2/><G2/><T129/><D129/><U34/><E26/><V95/><F127/><W103/><AGARI ba="0,0" hai="14,17,20,59,63,64,88,94,96,102,103" m="13824" machi="103" ten="40,8000,1" yaku="0,1,8,1,52,1,54,2" doraHai="91,29" who="3" fromWho="3" sc="250,-40,250,-20,250,-20,250,80" /><INIT seed="1,0,0,1,2,121" ten="210,230,230,330" oya="1" hai0="45,86,34,62,112,79,124,97,133,96,35,104,50" hai1="14,82,11,131,0,10,75,18,84,63,127,77,21" hai2="54,128,57,53,117,87,108,98,28,59,67,32,111" hai3="114,23,119,93,6,51,48,83,81,26,92,71,25" shuffle="mt19937ar,DCD0235B,DB9FC56D,4D71A0CC,696CE419,0C17F487,7476AFED,0CCFFD3F,6FF92875"/><U94/><E127/><V103/><F117/><W61/><G71/><T15/><D112/><U58/><E131/><V85/><F128/><W99/><G6/><T91/><D133/><U19/><E0/><V101/><F67/><W72/><G72/><T39/><D39/><U5/><E5/><V88/><F28/><W16/><G119/><T8/><D62/><U31/><E31/><V2/><F2/><W49/><G61/><T56/><D56/><U7/><E7/><V122/><F32/><W129/><G129/><T74/><D74/><U115/><E115/><V80/><F122/><W120/><G120/><T4/><D124/><U24/><E94/><N who="3" m="36458" /><G99/><N who="0" m="37963" /><D91/><U123/><E123/><V52/><F87/><W47/><G114/><T46/><D46/><U65/><REACH who="1" step="1"/><E75/><REACH who="1" step="2"/><V12/><F98/><W70/><G70/><T116/><D116/><U60/><E60/><V22/><F101/><W38/><G38/><T66/><D104/><U27/><E27/><V13/><F103/><W126/><G126/><T118/><D118/><U110/><E110/><N who="2" m="42027" /><F13/><W69/><G69/><T132/><D34/><U36/><E36/><V73/><F73/><W109/><G109/><T42/><D35/><U1/><E1/><V76/><F76/><W64/><G26/><T41/><D132/><U17/><E17/><AGARI ba="0,1" hai="12,17,22,52,53,54,57,59,80,85,88" m="42027" machi="17" ten="30,12000,2" yaku="14,1,52,3,54,2" doraHai="121" who="2" fromWho="1" sc="210,0,220,-120,230,130,330,0" /><INIT seed="2,0,0,0,2,37" ten="210,100,360,330" oya="2" hai0="104,3,103,53,30,67,68,56,46,20,126,135,9" hai1="18,36,74,23,15,54,11,77,115,94,14,35,98" hai2="16,133,32,128,99,102,110,44,2,60,39,100,4" hai3="47,34,58,28,117,52,69,72,119,5,38,24,27" shuffle="mt19937ar,6C0BBB00,468CA47F,A78BDADE,DC93F74C,288DCF99,CEED9B71,0813FFF1,9487A7A4"/><V129/><F32/><W81/><G69/><T73/><D135/><U124/><E35/><V116/><F116/><W25/><G5/><T90/><D126/><U41/><E115/><V91/><F133/><W43/><G28/><T66/><D68/><U21/><E124/><V85/><F60/><W76/><REACH who="3" step="1"/><G34/><REACH who="3" step="2"/><T62/><D30/><U31/><E31/><V130/><F4/><W109/><G109/><T120/><D3/><U83/><E54/><V8/><F110/><W19/><G19/><T92/><D53/><U71/><E71/><V55/><F2/><W131/><G131/><T7/><D7/><U101/><REACH who="1" step="1"/><E15/><REACH who="1" step="2"/><N who="2" m="7271" /><F55/><W108/><G108/><T122/><D122/><U87/><E87/><V33/><F33/><W106/><G106/><T61/><D120/><U84/><E84/><V63/><F85/><W93/><G93/><T89/><D92/><U86/><E86/><V114/><F114/><W79/><G79/><T0/><D66/><U57/><E57/><V26/><F129/><W123/><G123/><T22/><D67/><U95/><E95/><V82/><F130/><W12/><G12/><T121/><D121/><U45/><AGARI ba="0,2" hai="11,14,18,21,23,36,41,45,74,77,83,94,98,101" machi="45" ten="30,8000,1" yaku="1,1,0,1,52,1,53,2" doraHai="37" doraHaiUra="17" who="1" fromWho="1" sc="210,-20,90,100,360,-40,320,-20" /><INIT seed="3,0,0,3,1,117" ten="190,190,320,300" oya="3" hai0="81,104,103,93,30,49,59,31,100,95,110,73,19" hai1="89,109,111,113,71,56,132,44,11,32,43,66,130" hai2="135,46,114,74,106,101,47,50,91,90,121,10,76" hai3="83,69,75,21,28,8,27,133,34,85,124,13,61" shuffle="mt19937ar,F694EC29,B9860270,593E7CA6,9DB511E8,3285A327,3580C330,2FE56A01,56582AD1"/><W131/><G75/><T15/><D110/><N who="1" m="41995" /><E113/><V53/><F114/><W54/><G133/><T62/><D104/><U5/><E132/><V35/><F35/><W123/><G131/><T38/><D38/><N who="1" m="21623" /><E130/><V105/><F135/><W29/><G124/><T79/><D49/><U12/><E32/><V88/><F121/><W134/><G134/><T77/><D93/><U127/><E127/><V116/><F116/><W3/><G3/><T60/><D60/><N who="1" m="38151" /><E89/><V98/><F105/><W129/><G129/><T112/><D112/><U1/><E71/><V14/><F74/><W9/><G69/><T36/><D36/><U41/><E41/><V58/><F76/><N who="0" m="29258" /><D81/><U96/><E96/><V6/><AGARI ba="0,0" hai="6,10,14,46,47,50,53,58,88,90,91,98,101,106" machi="6" ten="30,2000,0" yaku="0,1,54,1" doraHai="117" who="2" fromWho="2" sc="190,-5,190,-5,320,20,300,-10" owari="185,-16,185,-21,340,33,290,4" /></mjloggm>