<mjloggm ver="2.3"><GO type="225"/><UN n0="%E3%83%80%E3%83%A0%E3%83%9E%E3%83%8B%E3%82%A2" n1="%52%65%64%4D%61%67%69%63" n2="%E3%83%9B%E3%83%A2%E3%83%8F%E3%83%A0" n3="%4E%6F%2E%32" dan="16,16,16,16" rate="2138,2014,2064,2087" sx="M,M,M,M"/><TAIKYOKU oya="0"/><INIT seed="0,0,0,4,5,70" ten="250,250,250,250" oya="0" hai0="34,107,95,81,86,57,0,68,33,131,22,2,27" hai1="47,109,59,65,108,44,120,118,15,73,115,9,6" hai2="29,104,52,38,124,78,100,48,62,110,45,114,11" hai3="111,85,98,40,26,94,8,127,54,113,55,119,76" shuffle="mt19937ar,A6A49FC7,C34595E9,D08671D9,3098C86B,86935682,305EBD75,264B8506,ADBA27B4"/><T56/><D68/><U97/><E73/><V88/><F114/><W126/><G113/><T1/><D107/><U129/><E115/><V103/><F124/><N who="3" m="47659" /><G119/><T61/><D95/><U74/><E118/><V5/><F110/><N who="1" m="42601" /><E74/><V106/><F78/><W125/><G111/><T77/><D131/><U17/><E120/><V105/><F29/><W102/><G40/><T28/><REACH who="0" step="1"/><D57/><REACH who="0" step="2"/><U12/><E129/><V79/><F106/><W82/><G125/><T112/><D112/><U36/><E59/><V10/><F105/><W25/><G8/><T67/><AGARI ba="0,1" hai="0,1,2,22,27,28,33,34,56,61,67,77,81,86" machi="67" ten="30,6000,0" yaku="1,1,0,1,53,1" doraHai="70" doraHaiUra="20" who="0" fromWho="0" sc="240,70,250,-20,250,-20,250,-20" /><INIT seed="0,1,0,3,5,38" ten="310,230,230,230" oya="0" hai0="126,76,105,36,0,118,130,61,16,94,101,54,43" hai1="100,52,135,37,53,20,114,108,26,46,31,99,32" hai2="3,65,39,8,70,85,27,86,82,40,96,83,15" hai3="120,2,57,111,102,98,66,67,23,4,104,106,97" shuffle="mt19937ar,1EAE537C,B3C56A28,645382A7,7C131182,09E275C5,D6BE40E1,6DD98602,5C486FBB"/><T92/><D0/><U112/><E135/><V21/><F3/><W50/><G111/><T10/><D118/><U5/><E108/><V119/><F119/><W89/><G120/><T60/><D130/><U125/><E125/><V58/><F70/><W48/><G2/><T84/><D126/><U72/><E72/><V22/><F96/><W14/><G4/><T95/><D105/><U127/><E127/><V122/><F122/><W9/><G9/><T109/><D109/><U28/><E5/><V115/><F115/><N who="1" m="44073" /><E31/><V63/><F40/><W55/><G50/><T59/><D36/><U132/><E132/><V73/><F39/><W1/><G1/><T133/><D133/><U88/><E32/><V51/><F51/><W75/><G75/><T7/><D7/><U19/><E28/><N who="2" m="17519" /><F22/><W29/><G29/><T124/><D124/><U18/><E18/><N who="2" m="8551" /><F73/><W134/><G134/><T45/><D101/><U123/><E123/><V44/><F44/><W6/><G6/><T80/><D45/><U47/><E100/><V12/><F12/><W30/><G30/><T74/><D74/><U35/><E35/><V33/><F33/><W103/><G89/><T129/><D129/><U81/><E47/><V131/><F131/><W25/><G25/><T24/><D24/><U128/><E128/><V42/><F42/><W17/><AGARI ba="1,0" hai="14,17,23,48,55,57,66,67,97,98,102,103,104,106" machi="17" ten="30,2000,0" yaku="0,1,9,1" doraHai="38" who="3" fromWho="3" sc="310,-11,230,-6,230,-6,230,23" /><INIT seed="1,0,0,4,5,133" ten="299,224,224,253" oya="1" hai0="58,99,0,11,82,120,31,73,19,30,75,122,7" hai1="134,12,14,118,65,5,61,55,104,2,121,107,103" hai2="113,68,26,98,46,81,23,54,129,10,90,123,52" hai3="131,97,8,114,48,13,106,57,92,43,119,49,17" shuffle="mt19937ar,3F18EBE8,BE9C39CB,55E38522,A10BEC48,85CCFF3F,EF5B8777,47F69EB9,D12AA436"/><U18/><E121/><N who="0" m="46697" /><D99/><U37/><E118/><V59/><F113/><W35/><G114/><T128/><D128/><U42/><E134/><V78/><F68/><W60/><G35/><T24/><D82/><U62/><E2/><V85/><F129/><W95/><G131/><T56/><D19/><U70/><E5/><V25/><F123/><W21/><G119/><T36/><D36/><U3/><E3/><V38/><F10/><W105/><G8/><T51/><D31/><U67/><E55/><V132/><F132/><W102/><G92/><T110/><D110/><U50/><E37/><V4/><F4/><W84/><G43/><T44/><D44/><U16/><E103/><V91/><F38/><W93/><G106/><T69/><D69/><U34/><E70/><V66/><F98/><W1/><G1/><T22/><D51/><U45/><E50/><N who="2" m="29015" /><F66/><N who="3" m="39183" /><G105/><T126/><D126/><U87/><E45/><V63/><F25/><W124/><G124/><T115/><D115/><U112/><E112/><V47/><F47/><W77/><G77/><T53/><D53/><U94/><E42/><V71/><F71/><W72/><G72/><AGARI ba="0,0" hai="0,7,11,22,24,30,56,58,72,73,75" m="46697" machi="72" ten="30,1000,0" yaku="13,1" doraHai="133" who="0" fromWho="3" sc="299,10,224,0,224,0,253,-10" /><INIT seed="2,0,0,3,1,118" ten="309,224,224,243" oya="2" hai0="31,109,36,55,75,28,80,16,46,76,89,95,66" hai1="114,106,122,67,70,69,17,131,117,115,126,77,83" hai2="1,91,39,4,25,79,130,71,101,30,21,23,99" hai3="100,52,41,94,3,19,132,40,112,111,72,45,5" shuffle="mt19937ar,AE8D8E80,F6EB39B1,7DA15761,9BD9318E,CAC3DF9D,B1B13E2F,7AAEC8F4,DD4E7153"/><V42/><F71/><W81/><G132/><T54/><D66/><U38/><E106/><V92/><F130/><W78/><G111/><T62/><D109/><U123/><E38/><V51/><F39/><W33/><G112/><T43/><D62/><U29/><E117/><V63/><F63/><W85/><G33/><T135/><D135/><U12/><E131/><V68/><F68/><N who="1" m="26217" /><E29/><V119/><F119/><W44/><G19/><T32/><D32/><U20/><E67/><V57/><F79/><W113/><G113/><T48/><D55/><U35/><E35/><V61/><F1/><W73/><G52/><T125/><D125/><U88/><E88/><V128/><F4/><W74/><G41/><T110/><D110/><U14/><E126/><V133/><F133/><W8/><G40/><T65/><D65/><U93/><E93/><V13/><F128/><W120/><G100/><T96/><D16/><U104/><E104/><V24/><F13/><W86/><G94/><T10/><REACH who="0" step="1"/><D10/><REACH who="0" step="2"/><U124/><E124/><V15/><F42/><W56/><G8/><T50/><D50/><U9/><E115/><V64/><F51/><W27/><G45/><AGARI ba="0,1" hai="28,31,36,43,45,46,48,54,75,76,80,89,95,96" machi="45" ten="30,2000,0" yaku="1,1,7,1,53,0" doraHai="118" doraHaiUra="59" who="0" fromWho="3" sc="299,30,224,0,224,0,243,-20" /><INIT seed="3,0,0,5,3,120" ten="329,224,224,223" oya="3" hai0="51,25,45,35,62,9,107,2,110,39,63,44,97" hai1="94,80,0,20,123,60,74,128,89,79,19,98,53" hai2="26,59,115,46,41,36,37,78,5,84,18,119,14" hai3="1,124,104,16,109,23,77,67,42,83,100,76,105" shuffle="mt19937ar,19093592,AF4EE0E2,2F4C0167,93B6B96E,A1185C2F,40519A4E,DD4F3AC7,05A29544"/><W106/><G1/><T49/><D39/><U10/><E123/><V127/><F119/><W118/><G118/><T8/><D110/><U40/><E128/><V22/><F115/><W12/><G124/><T93/><D107/><U73/><E40/><V43/><F127/><W13/><G42/><N who="2" m="15881" /><F37/><W6/><G109/><T131/><D131/><U34/><E34/><V113/><F36/><W85/><G67/><T29/><D2/><U122/><E122/><V88/><F113/><W61/><G61/><T55/><D49/><U27/><E10/><N who="2" m="4431" /><F46/><W52/><G52/><T21/><D35/><U130/><E0/><V82/><F59/><W121/><G121/><T111/><D111/><U57/><E130/><V103/><F103/><W11/><REACH who="3" step="1"/><G100/><REACH who="3" step="2"/><N who="0" m="60463" /><D45/><U125/><E125/><V3/><F3/><W69/><G69/><T133/><D133/><U95/><E95/><V50/><F50/><W114/><G114/><T72/><D72/><AGARI ba="0,1" hai="19,20,27,53,57,60,72,73,74,79,80,89,94,98" machi="72" ten="30,3900,0" yaku="7,1,25,2" doraHai="120" who="1" fromWho="0" sc="329,-39,224,49,224,0,213,0" /><INIT seed="4,0,0,5,3,62" ten="290,273,224,213" oya="0" hai0="10,120,14,53,16,60,121,28,34,15,101,79,124" hai1="71,77,52,0,67,134,82,135,22,108,75,99,7" hai2="118,37,2,1,127,132,20,125,56,74,90,122,81" hai3="43,119,110,104,129,33,40,13,130,70,23,105,25" shuffle="mt19937ar,71EA5122,CA8BC1CB,62EC9437,0C423258,EDB461E1,53B90B50,F8B9B0AA,84560F97"/><T88/><D101/><U26/><E108/><V131/><F122/><W39/><G110/><T114/><D79/><U117/><E117/><V83/><F118/><W24/><G119/><T61/><D124/><N who="2" m="47690" /><F37/><W87/><G70/><T69/><D114/><U111/><E111/><V85/><F131/><N who="3" m="50187" /><G87/><T57/><D15/><U86/><E99/><V113/><F113/><W21/><G33/><T30/><D88/><U115/><E86/><V100/><F100/><W51/><G39/><T54/><D34/><U95/><E95/><V49/><F20/><N who="3" m="7755" /><G13/><T123/><D69/><U116/><E116/><V18/><F18/><W103/><G51/><T109/><D109/><U41/><E115/><V65/><F132/><W55/><G55/><T102/><D102/><U32/><E32/><V48/><F48/><W4/><G4/><T27/><D27/><N who="3" m="10313" /><G103/><T31/><D123/><U93/><E71/><V72/><F49/><W3/><G3/><N who="2" m="1033" /><F81/><W8/><G8/><T112/><D112/><U12/><E82/><V128/><F128/><W94/><G94/><T80/><D80/><U19/><E93/><V47/><F47/><W63/><G63/><AGARI ba="0,0" hai="56,63,65,72,74,83,85,90" m="1033,47690" machi="63" ten="30,2000,0" yaku="18,1,52,1" doraHai="62" who="2" fromWho="3" sc="290,0,273,0,224,20,213,-20" /><INIT seed="5,0,0,2,2,113" ten="290,273,244,193" oya="1" hai0="9,18,95,112,51,115,66,19,71,121,47,107,3" hai1="36,126,20,108,14,94,13,63,65,72,109,119,106" hai2="34,114,10,58,49,6,79,110,101,78,105,117,24" hai3="129,56,134,93,99,73,32,62,21,76,0,25,81" shuffle="mt19937ar,99B5B616,C3A79DB2,E527BB3D,053482F4,7465CBC5,A69758FA,5B367CEF,F777041E"/><U29/><E106/><V87/><F110/><N who="1" m="42601" /><E72/><V41/><F114/><N who="0" m="43562" /><D107/><U4/><E36/><V98/><F117/><W17/><G134/><T43/><D121/><U12/><E126/><V37/><F37/><W8/><G129/><T80/><D80/><U40/><E40/><V42/><F34/><W55/><G32/><T2/><D95/><U133/><E133/><V28/><F28/><W92/><REACH who="3" step="1"/><G99/><REACH who="3" step="2"/><T1/><D9/><U31/><E4/><AGARI ba="0,1" hai="0,4,8,17,21,25,55,56,62,73,76,81,92,93" machi="4" ten="40,2600,0" yaku="1,1,2,1,53,0" doraHai="113" doraHaiUra="130" who="3" fromWho="1" sc="290,0,273,-26,244,0,183,36" /><INIT seed="6,0,0,4,2,9" ten="290,247,244,219" oya="2" hai0="74,42,115,131,107,102,66,61,23,93,0,63,120" hai1="117,130,75,103,29,99,70,60,33,50,133,10,31" hai2="22,80,41,49,15,27,77,90,16,30,123,119,45" hai3="118,84,110,65,32,87,95,56,57,67,11,5,113" shuffle="mt19937ar,842B28C0,86EE6840,828253CF,FD8D106F,0036A663,34DC40AC,3FA4F0D0,6416A6A3"/><V19/><F119/><W85/><G118/><T112/><D0/><U127/><E117/><V121/><F90/><W64/><G110/><T59/><D74/><U14/><E75/><V128/><F128/><W135/><G32/><T104/><D120/><U47/><E130/><V109/><F109/><W134/><G113/><N who="0" m="43595" /><D131/><U51/><E127/><V44/><F44/><W79/><G95/><T124/><D124/><U108/><E133/><N who="3" m="50698" /><G79/><T13/><D42/><U132/><E132/><V92/><F92/><W69/><G69/><N who="0" m="42191" /><D93/><U111/><E108/><V1/><F1/><AGARI ba="0,0" hai="1,5,11,56,57,64,65,67,84,85,87" m="50698" machi="1" ten="40,1300,0" yaku="20,1" doraHai="9" who="3" fromWho="2" sc="290,0,247,0,244,-13,219,13" /><INIT seed="7,0,0,4,0,87" ten="290,247,231,232" oya="3" hai0="128,63,48,42,19,88,119,74,117,83,36,72,86" hai1="15,77,73,91,97,135,96,124,115,55,78,131,127" hai2="125,9,111,45,32,10,116,98,69,82,106,24,7" hai3="3,99,50,110,66,93,23,2,62,108,112,29,60" shuffle="mt19937ar,A84F59EB,0DBAB437,43375E21,81F17880,EFD42BBD,0F4A42B0,D8E74774,331308A0"/><W53/><G112/><T79/><D36/><U109/><E109/><N who="3" m="42090" /><G29/><T123/><D123/><U40/><E115/><V35/><F116/><W26/><G26/><T65/><D128/><U46/><E55/><V61/><F111/><W1/><G23/><T67/><D65/><U12/><E131/><V51/><F125/><N who="1" m="48201" /><E135/><V37/><F37/><W71/><G62/><T80/><D72/><U43/><E73/><V130/><F130/><W133/><G133/><T59/><D19/><U25/><E25/><V17/><F17/><W52/><G50/><T13/><D13/><N who="1" m="5195" /><E91/><AGARI ba="0,0" hai="1,2,3,52,53,60,66,71,91,93,99" m="42090" machi="91" ten="40,7700,0" yaku="10,1,52,1,54,1" doraHai="87" who="3" fromWho="1" sc="290,0,247,-77,231,0,232,77" owari="290,4,170,-23,231,-12,309,31" /></mjloggm>