<mjloggm ver="2.3"><GO type="185"/><UN n0="%E3%82%B9%E3%82%AB%E3%83%88%E3%83%AD%E5%A4%A7%E5%B0%89" n1="%E3%81%B5%E3%81%8F%EF%BC%A3%EF%BD%88%EF%BD%81%EF%BD%8E%E2%99%AA" n2="%E5%8D%81%E5%85%AD%E5%A4%9C%E2%80%A0%E5%92%B2%E5%A4%9C" n3="" dan="16,16,16,0" rate="2116,2147,2174,1500" sx="M,F,F,C"/><TAIKYOKU oya="0"/><INIT seed="0,0,0,5,0,99" ten="350,350,350,0" oya="0" hai0="104,63,115,131,117,33,53,92,91,68,51,88,129" hai1="46,94,113,133,119,128,86,34,96,126,114,98,67" hai2="64,120,121,71,39,76,124,43,0,93,57,3,55" hai3="" shuffle="mt19937ar,99479D8C,DF4275E7,A4F435EE,6D879A08,240D3500,5B95F21E,485F541C,28FAA70C"/><T66/><D115/><U37/><E34/><V41/><N who="2" m="30752" /><V49/><N who="2" m="31008" /><V134/><F76/><T40/><D104/><U38/><E119/><V65/><F124/><T135/><D117/><U52/><E126/><V95/><F134/><T109/><D33/><U56/><E133/><V103/><F95/><T32/><D32/><U45/><E67/><V132/><F132/><T58/><D135/><U48/><E128/><N who="0" m="49225" /><D109/><U90/><E37/><V59/><F59/><T97/><D40/><U123/><N who="1" m="31520" /><U116/><E116/><V100/><F65/><T106/><D106/><U80/><E98/><V110/><F110/><T130/><N who="0" m="49233" /><T61/><DORA hai="89" /><D61/><U50/><E38/><V108/><F108/><T70/><D91/><U74/><E74/><V112/><F43/><T44/><AGARI ba="0,0" hai="44,51,53,58,63,66,68,70,88,92,97" m="49233" machi="44" ten="40,5200,0" yaku="19,1,52,1,54,1" doraHai="99,89" who="0" fromWho="0" sc="350,52,350,-26,350,-26,0,0" /><INIT seed="0,1,0,3,1,113" ten="402,324,324,0" oya="0" hai0="111,32,86,52,107,125,98,54,60,74,121,89,39" hai1="82,92,35,67,95,47,49,132,93,84,63,85,2" hai2="94,44,127,112,90,81,97,64,124,83,68,80,117" hai3="" shuffle="mt19937ar,2D98CBC6,EF660244,E6B7D2C1,4CA4B045,AF2F9256,97FA783F,1B925CD6,67FC12E2"/><T46/><N who="0" m="31008" /><T128/><D32/><U79/><E2/><V114/><F44/><T65/><D74/><U126/><E35/><V122/><N who="2" m="31264" /><V123/><N who="2" m="31520" /><V96/><F64/><T109/><D125/><N who="2" m="48202" /><F68/><T75/><D128/><U101/><E132/><V100/><F117/><T36/><D75/><U51/><E126/><V120/><N who="2" m="30752" /><V91/><F91/><T87/><D87/><U70/><E51/><V108/><F108/><T59/><D54/><U71/><E71/><V135/><F135/><T40/><D65/><U134/><E134/><V77/><F77/><T105/><D39/><U69/><E69/><V72/><F72/><T3/><D3/><U73/><REACH who="1" step="1"/><E101/><REACH who="1" step="2"/><V56/><F56/><T102/><D109/><U119/><E119/><V37/><F37/><T58/><D111/><U61/><E61/><V41/><F41/><AGARI ba="1,1" hai="41,47,49,63,67,70,73,79,82,84,85,92,93,95" machi="41" ten="40,1300,0" yaku="1,1,53,0" doraHai="113" doraHaiUra="55" who="1" fromWho="2" sc="402,0,314,25,324,-15,0,0" /><INIT seed="1,0,0,3,5,74" ten="402,339,309,0" oya="1" hai0="84,1,70,126,3,77,82,97,102,88,98,106,134" hai1="63,131,89,100,99,46,119,135,75,37,133,32,45" hai2="80,0,108,110,58,79,92,116,132,50,72,101,36" hai3="" shuffle="mt19937ar,21AE145A,16344BD4,7024ADB0,9B8D99AB,41175F4C,9F3DA0AE,8AB018EA,FADFB43D"/><U68/><E32/><V73/><F0/><T123/><N who="0" m="31520" /><T64/><D126/><U34/><E34/><V62/><F36/><T104/><D134/><U61/><E119/><V124/><F116/><T35/><D35/><U66/><E75/><V113/><F113/><T2/><D2/><U121/><N who="1" m="31008" /><U122/><N who="1" m="31264" /><U83/><E131/><V49/><F124/><T129/><D129/><U65/><E89/><V78/><F132/><N who="1" m="50761" /><E83/><V53/><F101/><T47/><D88/><U69/><E37/><V130/><F92/><AGARI ba="0,0" hai="45,46,61,63,65,66,68,69,92,99,100" m="50761,31264,31008" machi="92" ten="30,5800,0" yaku="20,1,52,2" doraHai="74" who="1" fromWho="2" sc="402,0,339,58,309,-58,0,0" /><INIT seed="1,1,0,0,5,73" ten="402,397,251,0" oya="1" hai0="132,112,48,63,92,59,85,93,107,125,1,109,79" hai1="81,123,72,67,36,64,60,50,38,97,40,2,80" hai2="47,35,126,78,66,108,117,99,103,53,41,86,98" hai3="" shuffle="mt19937ar,B2E04F6B,36B84693,11034D4D,613FBBC6,735C105D,6CFCF8F3,92B8D8D1,177D4BD3"/><U69/><N who="1" m="31520" /><U83/><E2/><V65/><F35/><T114/><D107/><U45/><E72/><V91/><F117/><T105/><D1/><U55/><E67/><V127/><F53/><T124/><D105/><U58/><REACH who="1" step="1"/><E97/><REACH who="1" step="2"/><V0/><F66/><T122/><N who="0" m="31264" /><T77/><D114/><U100/><E100/><V39/><F65/><T37/><D112/><U110/><E110/><V106/><F108/><T52/><D109/><U135/><E135/><V94/><F0/><T89/><D132/><U134/><E134/><V43/><F98/><T119/><D119/><U42/><E42/><V96/><F43/><T33/><D33/><U115/><E115/><V133/><F133/><T62/><D124/><U70/><E70/><V49/><F96/><T90/><D125/><U68/><E68/><V111/><F111/><T129/><D129/><U95/><E95/><V74/><REACH who="2" step="1"/><F39/><AGARI ba="1,1" hai="36,38,39,40,45,50,55,58,60,64,69,80,81,83" m="31520" machi="39" ten="40,12000,1" yaku="1,1,24,2,52,1,53,0" doraHai="73" doraHaiUra="34" who="1" fromWho="2" sc="402,0,387,132,251,-122,0,0" /><INIT seed="1,2,0,3,2,122" ten="402,519,129,0" oya="1" hai0="125,113,52,106,101,131,46,65,75,127,111,43,62" hai1="44,45,132,87,115,36,105,94,112,51,82,33,91" hai2="54,114,97,133,66,0,103,85,119,37,109,128,93" hai3="" shuffle="mt19937ar,4065013E,A0B6A3B6,3ABBE12C,D1B19791,30524B7E,E210D46F,63D99FFD,5E319C8E"/><U81/><E105/><V2/><F37/><T104/><D113/><U90/><E33/><V83/><F114/><T41/><D75/><U38/><E132/><V39/><F119/><T76/><D76/><U107/><E107/><V70/><F39/><T117/><D117/><U110/><E38/><V123/><N who="2" m="31520" /><V32/><F32/><T60/><D101/><U135/><E135/><V74/><F74/><T64/><D46/><U92/><E110/><V55/><F133/><T73/><D73/><U1/><E1/><V3/><F128/><T34/><D34/><U98/><E82/><V49/><F49/><T126/><D126/><U130/><E130/><V116/><F116/><T77/><D77/><U71/><E71/><V96/><F96/><T84/><D131/><U58/><E58/><V89/><REACH who="2" step="1"/><F109/><REACH who="2" step="2"/><T47/><D111/><U129/><E129/><V79/><F79/><T118/><D118/><U120/><N who="1" m="30752" /><U53/><REACH who="1" step="1"/><E94/><REACH who="1" step="2"/><V80/><F80/><T99/><D125/><U68/><E68/><V63/><AGARI ba="2,2" hai="0,2,3,54,55,63,66,70,83,85,89,93,97,103" m="31520" machi="63" ten="40,3900,0" yaku="1,1,0,1,52,1,53,0" doraHai="122" doraHaiUra="102" who="2" fromWho="2" sc="402,-15,509,-28,119,63,0,0" /><INIT seed="2,0,0,3,3,103" ten="387,481,182,0" oya="2" hai0="93,79,116,123,37,45,95,38,77,68,44,48,42" hai1="57,94,80,88,114,49,34,101,81,131,65,107,119" hai2="46,125,122,43,108,118,71,74,59,124,96,113,112" hai3="" shuffle="mt19937ar,CD021DB2,4A46C4D4,A0FA798E,E6877D08,A3F9BAF1,86776F19,ADC89B77,28C95377"/><V92/><N who="2" m="31264" /><V135/><F74/><T83/><N who="0" m="31520" /><T51/><D116/><U55/><E34/><V98/><F118/><T99/><D68/><U102/><E119/><V106/><F71/><T66/><D66/><U97/><E114/><V126/><F135/><T32/><D32/><U89/><E131/><V36/><F108/><T0/><D0/><U63/><E101/><V129/><F129/><T56/><D56/><U2/><E2/><V85/><F59/><T58/><D58/><U70/><REACH who="1" step="1"/><E89/><REACH who="1" step="2"/><V40/><F113/><T132/><D132/><U60/><E60/><V1/><F112/><T52/><D79/><U109/><E109/><V110/><F1/><T73/><REACH who="0" step="1"/><D93/><REACH who="0" step="2"/><U120/><N who="1" m="30752" /><U115/><E115/><V62/><F110/><T127/><D127/><U117/><E117/><V86/><F125/><T91/><AGARI ba="0,2" hai="37,38,42,44,45,48,51,52,73,77,83,91,95,99" m="31520" machi="91" ten="20,6000,1" yaku="1,1,0,1,7,1,52,1,54,1,53,0" doraHai="103" doraHaiUra="100" who="0" fromWho="0" sc="377,80,471,-20,182,-40,0,0" /><INIT seed="4,0,0,5,1,72" ten="457,451,142,0" oya="0" hai0="132,113,126,99,3,39,133,117,122,93,87,68,92" hai1="55,44,107,33,37,54,100,75,86,116,128,109,77" hai2="104,120,52,131,59,69,103,35,43,124,73,127,66" hai3="" shuffle="mt19937ar,65B0FE26,6B09F6F1,7BFB99BA,9E856DC4,4FEEBECB,358DAF98,3B53CAA1,BFDC3107"/><T135/><N who="0" m="31264" /><T106/><D3/><U79/><E33/><V41/><N who="2" m="30752" /><V90/><F73/><T123/><N who="0" m="31520" /><T1/><D1/><U0/><E0/><V118/><F35/><T57/><D68/><U130/><E116/><V78/><F118/><T105/><D117/><U61/><E75/><V76/><F131/><N who="1" m="50217" /><E109/><V81/><F66/><T2/><D39/><U96/><E86/><V70/><F103/><T46/><D46/><U102/><E102/><V53/><F104/><T63/><D2/><U114/><E114/><V62/><F90/><T112/><D87/><U51/><E37/><V36/><F36/><T98/><D126/><U56/><AGARI ba="0,0" hai="44,51,54,55,56,61,77,79,96,100,107" m="50217" machi="56" ten="30,3000,0" yaku="19,1,52,2" doraHai="72" who="1" fromWho="1" sc="457,-20,451,30,142,-10,0,0" /><INIT seed="5,0,0,3,1,71" ten="437,481,132,0" oya="1" hai0="130,116,57,63,101,70,82,1,127,35,34,132,86" hai1="119,103,51,38,72,78,84,59,111,131,90,97,53" hai2="66,40,52,0,60,121,33,42,87,83,43,49,102" hai3="" shuffle="mt19937ar,DBB06947,AFEC52D7,86B6C000,B25EDFF6,B90A55FA,3722593F,DEE9AC58,8DB0642A"/><U106/><E38/><V107/><N who="2" m="31008" /><V48/><F0/><T64/><D1/><U113/><E119/><V95/><F33/><T93/><D116/><U110/><E131/><V134/><F134/><T76/><D130/><U41/><E41/><V99/><F107/><T108/><D132/><U79/><E113/><V135/><F135/><T104/><D108/><U122/><N who="1" m="31264" /><U58/><E59/><V85/><F49/><T100/><D104/><U50/><E51/><V133/><F133/><T47/><D47/><U124/><E124/><V109/><F109/><N who="1" m="41481" /><E72/><V125/><F125/><T39/><D39/><U46/><E46/><V98/><F60/><T45/><D45/><U2/><E2/><V32/><F66/><T92/><D57/><U88/><E90/><V65/><F32/><T56/><D56/><U55/><E53/><V96/><F65/><T75/><D75/><U80/><AGARI ba="0,0" hai="50,55,58,78,79,80,84,88,97,103,106" m="41481,31264" machi="80" ten="30,4000,0" yaku="10,1,52,1,54,1" doraHai="71" who="1" fromWho="1" sc="437,-20,481,40,132,-20,0,0" /><INIT seed="5,1,0,3,3,36" ten="417,521,112,0" oya="1" hai0="130,103,135,107,131,62,120,51,74,49,41,40,39" hai1="84,117,110,132,121,37,133,48,54,125,106,72,86" hai2="70,32,64,94,93,71,81,115,118,113,88,85,45" hai3="" shuffle="mt19937ar,91500BA5,3EC8286B,65186FEA,0459E34C,A7EAABDF,B57A61C4,5FE501EE,C8CA06C6"/><U46/><N who="1" m="31008" /><U96/><E117/><V1/><F32/><T89/><N who="0" m="30752" /><T109/><D109/><U50/><E110/><V122/><N who="2" m="31264" /><V65/><F1/><T60/><D74/><U38/><E72/><V108/><F118/><T52/><D135/><N who="1" m="51787" /><E125/><V2/><F108/><T95/><D103/><U114/><E114/><N who="2" m="43531" /><F2/><T76/><D39/><N who="1" m="14859" /><E50/><V79/><F45/><T59/><D76/><U0/><E0/><V34/><F34/><T78/><D107/><U57/><E57/><V90/><F90/><T56/><D78/><U98/><E98/><V47/><F47/><T3/><D3/><U53/><E53/><V43/><F43/><N who="0" m="16458" /><D51/><U63/><E63/><V42/><F42/><T126/><D59/><U105/><E105/><V123/><N who="2" m="31520" /><V35/><F35/><T75/><D126/><U58/><E58/><V82/><F65/><T66/><D66/><U67/><E67/><V87/><F64/><T116/><D116/><U128/><E106/><V83/><F71/><T104/><D104/><U73/><E73/><V80/><F70/><T134/><D134/><U44/><E46/><V102/><F102/><T61/><D75/><U69/><E69/><V77/><F87/><N who="1" m="33321" /><E96/><V100/><F100/><T129/><D62/><RYUUKYOKU ba="1,0" sc="417,0,521,0,112,0,0,0" hai0="49,52,56,60,61,89,95,129,130,131" hai1="44,48,54,128" hai2="77,79,80,81,82,83,85,88,93,94" /><INIT seed="5,2,0,3,5,120" ten="417,521,112,0" oya="1" hai0="82,65,68,33,129,118,114,59,101,57,122,128,110" hai1="61,106,91,45,86,109,44,119,60,53,96,121,32" hai2="49,131,92,41,133,52,111,56,94,66,0,100,95" hai3="" shuffle="mt19937ar,A355563A,A9C54953,67E2984F,B71D3269,B08B9427,913BB0D0,94092BA7,17329C9C"/><U72/><N who="1" m="31008" /><U47/><E32/><V97/><F0/><T87/><N who="0" m="31264" /><T46/><D33/><U40/><E72/><V84/><F133/><T124/><D110/><U99/><E119/><V88/><F131/><N who="0" m="50250" /><D118/><U50/><E109/><V130/><F130/><T98/><D114/><U67/><E106/><V85/><F111/><T115/><D115/><U104/><E104/><V93/><F66/><T37/><D68/><U70/><E61/><V69/><F69/><T135/><D65/><U83/><REACH who="1" step="1"/><E45/><REACH who="1" step="2"/><V90/><REACH who="2" step="1"/><F41/><REACH who="2" step="2"/><T48/><D135/><U132/><E132/><V107/><AGARI ba="2,2" hai="49,52,56,84,85,88,90,92,93,94,95,97,100,107" machi="107" ten="20,12000,3" yaku="1,1,2,1,0,1,7,1,9,1,54,2,53,1" doraHai="120" doraHaiUra="51" who="2" fromWho="2" sc="417,-42,511,-82,102,144,0,0" /><INIT seed="6,0,0,0,3,52" ten="375,429,246,0" oya="2" hai0="124,62,127,135,107,67,80,133,65,75,113,88,115" hai1="83,108,3,110,48,82,2,91,118,71,128,64,0" hai2="78,125,79,51,47,81,103,1,106,116,87,33,121" hai3="" shuffle="mt19937ar,230A00EB,EBAD843E,7F4F2B17,358EA45B,0F807387,885B1A59,38E76131,1C5ECA44"/><V38/><N who="2" m="31008" /><V100/><F1/><T55/><D107/><U92/><E118/><V117/><F33/><T85/><D75/><U70/><E128/><V95/><F38/><T93/><D55/><U36/><E36/><V112/><F112/><N who="0" m="43082" /><D80/><U43/><E82/><V54/><F125/><N who="0" m="48202" /><D65/><U58/><E83/><V126/><F126/><T130/><D130/><U102/><E102/><V59/><F79/><T44/><D44/><U63/><E43/><V84/><F106/><T69/><AGARI ba="0,0" hai="62,67,69,85,88,93,133,135" m="48202,43082" machi="69" ten="40,6000,1" yaku="15,1,11,1,18,1,54,1" doraHai="52" who="0" fromWho="0" sc="375,60,429,-20,246,-40,0,0" owari="435,38,409,1,206,-39,0,0" /></mjloggm>