<mjloggm ver="2.3"><GO type="225"/><UN n0="%73%69%67%65%6E%6F%72%69" n1="%E9%95%B7%E5%B2%A1%E5%A4%A7%E6%98%8E%E7%A5%9E" n2="%E3%83%81%E3%83%A3%E3%82%AA%E3%83%AA" n3="%E3%83%80%E3%83%A0%E3%83%9E%E3%83%8B%E3%82%A2" dan="17,16,17,16" rate="2160,2071,2095,2142" sx="M,F,M,M"/><TAIKYOKU oya="0"/><INIT seed="0,0,0,1,1,134" ten="250,250,250,250" oya="0" hai0="30,86,36,115,84,7,23,114,101,76,48,11,60" hai1="13,10,112,99,82,100,126,65,50,79,61,34,97" hai2="81,106,123,116,121,70,25,12,3,110,53,133,103" hai3="14,40,92,77,51,107,125,109,15,117,6,87,85" shuffle="mt19937ar,3F6766D7,179D95EA,FCEF5587,B15BD9D6,D6C252F8,E5A15769,3564E581,FDA7F752"/><T129/><D36/><U32/><E112/><V83/><F3/><W18/><G107/><T47/><D129/><U72/><E126/><V0/><F0/><W35/><G35/><T41/><D101/><U45/><E32/><V19/><F133/><W132/><G132/><T27/><D60/><U4/><E34/><V17/><F70/><W57/><G117/><T74/><D74/><U39/><E39/><V29/><F116/><W124/><G109/><T111/><D111/><U119/><E119/><V54/><F110/><W98/><G6/><T8/><D8/><U122/><E122/><V105/><F103/><W26/><G26/><T90/><D76/><U64/><E61/><V67/><F25/><W95/><G77/><T66/><D66/><U16/><E4/><V73/><F67/><W46/><G57/><T21/><D21/><U28/><E28/><V55/><F29/><W5/><G5/><T37/><D37/><U93/><REACH who="1" step="1"/><E99/><REACH who="1" step="2"/><V52/><F123/><W89/><G18/><T59/><D115/><U49/><E49/><V38/><F38/><W58/><G98/><T24/><D114/><U78/><E78/><V44/><F121/><W42/><G51/><T113/><D48/><U131/><E131/><V128/><F128/><W31/><G31/><T43/><D30/><U2/><E2/><V127/><F19/><W94/><G124/><T102/><D113/><U108/><E108/><V88/><F127/><W120/><G125/><T9/><D7/><U96/><E96/><V91/><F17/><W130/><G120/><T1/><D1/><U104/><E104/><RYUUKYOKU ba="0,1" sc="250,-10,240,30,250,-10,250,-10" hai1="10,13,16,45,50,64,65,72,79,82,93,97,100" /><INIT seed="1,1,1,2,5,44" ten="240,270,240,240" oya="1" hai0="46,112,27,131,98,91,69,20,42,82,59,109,74" hai1="110,51,90,77,13,22,72,93,101,125,56,97,31" hai2="50,92,75,127,41,124,23,53,107,135,96,113,71" hai3="81,116,15,99,28,18,30,5,35,62,122,55,76" shuffle="mt19937ar,C462C385,377232DB,3E10214B,5E5D2C62,2BD9D9E1,E2388E4F,DF09A10D,19EC6F84"/><U104/><E125/><N who="2" m="48203" /><F135/><W37/><G37/><T118/><D69/><U45/><E110/><V19/><F71/><W119/><G122/><T85/><D112/><U103/><E56/><V7/><F7/><W130/><G5/><T126/><D126/><U121/><E121/><V32/><F32/><W120/><G120/><T63/><D118/><N who="3" m="45097" /><G35/><T21/><D109/><U134/><E134/><V64/><F64/><W60/><G99/><T133/><D131/><U114/><E114/><V40/><F75/><N who="3" m="43167" /><G130/><T54/><D74/><U4/><E4/><V48/><F107/><W132/><G132/><T84/><D133/><U129/><E129/><V105/><F105/><W14/><G14/><T68/><D98/><U66/><E104/><V0/><F0/><W111/><G111/><T95/><D68/><U3/><E3/><V86/><F86/><W123/><G123/><T43/><D27/><U70/><E13/><N who="2" m="9711" /><F113/><W12/><G12/><T6/><D6/><U57/><E70/><V89/><F53/><W52/><G62/><T9/><D9/><U79/><E72/><V83/><F83/><W17/><G60/><T65/><D54/><N who="3" m="20521" /><G17/><T25/><D25/><N who="1" m="16823" /><E66/><V73/><F73/><W24/><G24/><T29/><D84/><U1/><E1/><V47/><F40/><W49/><G49/><AGARI ba="1,1" hai="41,47,48,49,50,89,92,96" m="9711,48203" machi="49" ten="30,7700,0" yaku="18,1,52,3" doraHai="44" who="2" fromWho="3" sc="240,0,270,0,240,90,240,-80" /><INIT seed="2,0,0,4,0,23" ten="240,270,330,160" oya="2" hai0="17,34,13,119,57,82,115,116,48,74,39,105,124" hai1="113,72,91,2,129,69,94,102,104,49,117,73,30" hai2="110,27,19,77,86,108,28,50,134,79,59,37,63" hai3="25,99,70,87,58,106,84,42,7,78,109,36,10" shuffle="mt19937ar,EB7449E3,460775BA,C3F51416,56F9354D,ED8B1199,CB88E21A,F4412738,F0F0F125"/><V4/><F37/><W53/><G70/><T47/><D115/><U44/><E69/><V101/><F4/><W125/><G125/><T114/><D114/><U55/><E2/><V135/><F101/><W26/><G109/><N who="2" m="42089" /><F19/><W83/><G84/><T88/><D34/><U12/><E117/><V18/><F18/><W62/><G42/><T41/><D105/><U61/><E113/><V22/><F50/><W93/><G106/><T90/><D124/><U33/><E129/><V8/><F8/><W40/><G40/><T67/><D74/><U85/><E12/><V71/><F71/><W111/><G36/><T31/><D31/><U76/><E76/><N who="2" m="29259" /><F86/><W130/><G130/><T97/><D39/><U43/><E102/><V123/><F123/><W60/><G60/><T122/><D122/><U96/><E104/><V32/><F32/><W46/><G46/><T45/><D47/><U16/><E85/><V9/><F9/><W54/><G54/><AGARI ba="0,0" hai="22,27,28,54,59,63,134,135" m="29259,42089" machi="54" ten="30,5800,0" yaku="14,1,10,1,52,1" doraHai="23" who="2" fromWho="3" sc="240,0,270,0,330,58,160,-58" /><INIT seed="2,1,0,3,2,23" ten="240,270,388,102" oya="2" hai0="107,58,89,7,74,126,22,115,54,34,91,4,46" hai1="0,73,61,32,79,60,8,69,63,103,42,88,65" hai2="3,132,129,85,59,100,39,130,101,102,44,98,106" hai3="35,110,51,48,6,68,27,64,62,76,29,117,99" shuffle="mt19937ar,2F0EC8D0,DAD03D9A,309A5048,0E243AC1,81A03905,3F2E3E4B,B1FF4097,90798C06"/><V26/><F3/><W45/><G117/><T37/><D34/><U78/><E103/><V113/><F113/><W84/><G110/><T133/><D115/><U121/><E121/><V41/><F132/><W134/><G134/><T90/><D107/><U25/><E42/><V87/><F59/><W11/><G45/><T77/><D133/><U55/><E73/><V122/><F122/><W120/><G120/><T31/><D126/><U112/><E112/><V24/><F102/><W18/><G18/><T127/><D127/><U119/><E119/><V67/><F67/><W28/><G28/><T125/><D125/><U118/><E118/><V75/><F101/><W96/><G99/><T9/><D74/><U56/><E61/><V111/><F75/><W10/><G10/><T49/><D77/><U83/><E0/><V92/><F111/><W116/><G116/><T16/><D37/><U50/><E63/><V43/><F41/><W135/><G135/><T80/><D80/><U97/><E8/><V105/><F105/><W72/><G72/><T71/><D71/><U104/><E104/><V14/><F14/><W20/><G96/><T5/><D31/><N who="1" m="19567" /><E97/><V47/><F47/><W12/><REACH who="3" step="1"/><G35/><REACH who="3" step="2"/><T81/><D46/><U93/><E69/><V108/><F108/><W53/><G53/><T128/><D9/><U70/><E70/><V2/><F106/><W66/><G66/><T15/><D54/><U1/><E65/><V21/><F98/><W40/><G40/><T36/><D4/><U33/><E55/><V94/><F100/><W13/><G13/><T86/><D15/><RYUUKYOKU ba="1,1" sc="240,-10,270,-10,388,-10,92,30" hai3="6,11,12,20,27,29,48,51,62,64,68,76,84" /><INIT seed="3,2,1,0,5,62" ten="230,260,378,122" oya="3" hai0="129,16,13,5,57,97,63,109,134,39,3,112,69" hai1="111,28,70,90,49,106,113,89,83,6,44,132,68" hai2="25,103,94,17,96,67,59,11,80,20,21,43,48" hai3="45,130,126,110,65,14,105,2,135,124,101,82,98" shuffle="mt19937ar,3F6BB240,7042C898,5C0002CD,1E582111,6F551A22,E719282B,BA361310,4E895F36"/><W92/><G2/><T87/><D39/><U18/><E106/><V29/><F80/><W52/><G135/><T131/><D134/><U75/><E132/><V30/><F43/><W86/><G130/><N who="0" m="49675" /><D109/><U61/><E111/><V72/><F72/><W9/><G110/><T104/><D69/><U19/><E113/><V71/><F71/><W53/><G105/><T74/><D74/><U26/><E6/><V54/><F11/><W122/><G122/><T128/><D112/><U115/><E115/><V22/><F67/><W27/><G27/><T41/><D41/><U66/><E70/><V0/><F0/><W85/><G86/><T116/><D116/><U125/><E125/><N who="3" m="48234" /><G45/><T47/><D47/><U42/><E75/><V108/><F108/><W31/><G31/><AGARI ba="2,1" hai="17,20,21,22,25,29,30,31,48,54,59,94,96,103" machi="31" ten="40,1300,0" yaku="8,1" doraHai="62" who="2" fromWho="3" sc="230,0,260,0,378,29,122,-19" owari="230,-12,260,1,407,41,103,-30" /></mjloggm>