<mjloggm ver="2.3"><GO type="225"/><UN n0="%E8%A3%8F%44%44%54" n1="%E7%8B%82%E5%96%9C%E4%B9%B1%E8%88%9E" n2="%EF%BC%A6%EF%BC%B8%E9%9B%80%E5%A3%AB" n3="%6B%6F%67%65%70%61%6E" dan="16,16,16,16" rate="2014,2006,2020,2080" sx="M,M,M,M"/><TAIKYOKU oya="0"/><INIT seed="0,0,0,0,5,11" ten="250,250,250,250" oya="0" hai0="98,122,15,61,24,30,106,6,31,21,12,129,32" hai1="96,50,109,28,40,65,79,73,47,10,99,89,82" hai2="114,94,8,38,112,39,71,35,2,121,77,36,74" hai3="92,42,44,67,1,53,7,110,34,108,87,75,60" shuffle="mt19937ar,6E4B6C3F,4C939EDC,C377314C,66C95E3F,B3DF3A54,A750D308,9A6A3E92,B3918D53"/><T76/><D122/><U101/><E109/><V54/><F121/><W9/><G75/><T51/><D76/><U5/><E89/><V55/><F71/><W120/><G53/><T14/><D129/><U70/><E28/><V23/><F35/><W111/><G120/><T45/><D61/><U58/><E70/><V117/><F117/><W68/><G34/><T104/><D6/><U103/><E65/><V123/><F74/><W116/><G87/><T16/><D98/><U130/><E58/><V63/><F2/><W41/><G92/><T131/><D131/><U135/><E130/><V119/><F39/><W93/><G93/><T56/><D56/><U102/><REACH who="1" step="1"/><E135/><REACH who="1" step="2"/><V97/><F123/><W29/><G29/><T125/><D31/><U81/><E81/><V86/><F119/><W4/><G116/><T128/><D128/><U49/><E49/><V27/><F38/><W72/><G44/><T69/><D69/><U20/><E20/><V17/><F36/><W43/><G7/><T84/><D84/><U134/><E134/><V19/><F23/><W25/><G72/><T127/><D32/><U118/><E118/><V0/><F86/><W46/><G46/><T91/><D30/><U26/><E26/><AGARI ba="0,1" hai="1,4,9,25,26,41,42,43,60,67,68,108,110,111" machi="26" ten="50,1600,0" yaku="14,1" doraHai="11" who="3" fromWho="1" sc="250,0,240,-16,250,0,250,26" /><INIT seed="1,0,0,2,3,47" ten="250,224,250,276" oya="1" hai0="114,71,26,108,27,32,77,128,73,72,130,59,105" hai1="131,92,40,103,41,118,7,125,57,84,104,106,112" hai2="64,75,54,87,38,96,78,110,135,62,2,117,25" hai3="36,24,8,123,85,111,44,31,97,121,6,35,52" shuffle="mt19937ar,4AE374F2,07859D5E,68230EA5,D5038BC3,C68477E0,B9E16829,0A1DEAE2,412D04C7"/><U16/><E118/><V66/><F117/><W89/><G111/><T12/><D114/><U15/><E112/><V116/><F110/><W4/><G97/><T83/><D108/><U80/><E7/><V63/><F116/><W21/><G35/><T45/><D71/><U74/><E74/><V76/><F2/><W95/><G4/><T23/><D105/><U10/><E131/><N who="0" m="50217" /><D72/><U22/><E125/><V18/><F38/><W14/><REACH who="3" step="1"/><G36/><REACH who="3" step="2"/><T43/><D32/><U119/><E119/><V88/><F96/><W11/><G11/><T51/><D59/><U19/><E106/><V98/><F98/><W67/><G67/><T82/><D82/><U46/><E104/><V29/><F66/><W68/><G68/><T28/><D28/><U93/><E57/><V99/><F99/><W91/><G91/><T49/><D23/><U132/><E103/><V107/><F107/><W60/><G60/><T48/><D12/><N who="1" m="9575" /><E132/><V3/><F135/><W30/><G30/><T20/><D20/><U69/><E69/><V58/><F29/><W134/><G134/><T101/><D101/><U122/><E122/><V53/><F58/><W39/><G39/><AGARI ba="0,1" hai="26,27,39,43,45,48,49,51,73,77,83" m="50217" machi="39" ten="30,7700,0" yaku="19,1,52,3" doraHai="47" who="0" fromWho="3" sc="250,87,224,0,250,0,266,-77" /><INIT seed="2,0,0,1,4,55" ten="337,224,250,189" oya="2" hai0="80,59,22,121,63,7,95,6,112,87,25,106,129" hai1="32,79,120,62,92,85,1,39,77,127,53,124,76" hai2="74,94,69,103,50,104,57,65,18,45,123,75,15" hai3="16,28,30,56,116,126,27,49,134,101,24,119,54" shuffle="mt19937ar,70EE71A9,0CD0714C,BA216DAE,6A6A453C,31755CB3,CD0E5089,555E9CDF,9CF9340A"/><V111/><F123/><W43/><G126/><N who="1" m="48170" /><E39/><V109/><F104/><W130/><G134/><T128/><D106/><U122/><E1/><V110/><F69/><W114/><G130/><N who="0" m="50283" /><D95/><U41/><E41/><V0/><F0/><W48/><G114/><T33/><D33/><U70/><E32/><V108/><N who="2" m="28160" /><DORA hai="67" /><V29/><F29/><W117/><G101/><T71/><D71/><U20/><E20/><N who="2" m="11359" /><F94/><W88/><G88/><N who="0" m="51303" /><D112/><U9/><E92/><V47/><F103/><W2/><G2/><T66/><D121/><N who="1" m="46699" /><E85/><V51/><F74/><W4/><G4/><T58/><D58/><N who="1" m="35151" /><E70/><V73/><F73/><W107/><G107/><T60/><D60/><U78/><E78/><V38/><F75/><W37/><G119/><T35/><D35/><U99/><E99/><V17/><F38/><W14/><G117/><T81/><D81/><U11/><AGARI ba="0,0" hai="9,11,76,77,79" m="35151,46699,48170" machi="11" ten="40,5200,0" yaku="18,1,13,1,52,1" doraHai="55,67" who="1" fromWho="1" sc="337,-13,224,52,250,-26,189,-13" /><INIT seed="3,0,0,2,2,51" ten="324,276,224,176" oya="3" hai0="39,91,71,62,99,58,52,31,135,103,67,127,34" hai1="107,96,119,77,32,8,27,129,20,104,97,30,100" hai2="126,3,1,111,69,102,74,114,81,28,76,82,85" hai3="113,106,47,40,121,105,120,53,13,54,29,130,41" shuffle="mt19937ar,8C231C2C,A64EB328,E80EAD0A,76C8EDDD,64159571,D47D8717,A8E428D4,8E6FD4E7"/><W84/><G113/><T73/><D73/><U110/><E119/><V94/><F69/><W128/><G29/><T6/><D6/><U9/><E110/><V12/><F114/><W36/><G13/><T79/><D79/><U50/><E129/><N who="3" m="49770" /><G84/><T90/><D135/><U61/><E61/><V21/><F111/><W83/><G83/><T5/><D5/><U124/><E124/><V75/><F126/><W80/><G80/><T10/><D10/><U112/><E112/><V19/><F28/><W131/><N who="3" m="49778" /><W133/><DORA hai="11" /><G133/><T48/><D39/><U7/><E77/><V125/><F125/><W4/><G4/><T109/><D109/><U93/><E32/><V57/><F57/><W55/><G40/><T70/><D127/><U16/><E30/><V116/><F116/><W59/><G59/><T118/><D118/><U42/><E7/><V22/><F22/><W68/><G68/><T123/><D71/><U15/><E27/><V38/><F38/><W44/><G44/><T64/><D70/><U46/><E107/><AGARI ba="0,0" hai="36,41,47,53,54,55,105,106,107,120,121" m="49778" machi="107" ten="50,12000,1" yaku="19,1,52,3" doraHai="51,11" who="3" fromWho="1" sc="324,0,276,-120,224,0,176,120" /><INIT seed="3,1,0,0,3,64" ten="324,156,224,296" oya="3" hai0="102,10,126,67,5,33,13,19,20,108,132,82,120" hai1="29,27,58,117,23,124,74,73,93,86,22,91,30" hai2="4,105,63,110,104,77,9,52,125,37,80,47,38" hai3="62,43,15,68,131,106,109,24,114,95,111,71,70" shuffle="mt19937ar,85293FA3,1D349BB7,10C6D5D6,D75E855F,C7AD1FF7,0CAA6BAB,00453D7C,6489AFEF"/><W76/><G106/><T49/><D120/><U101/><E124/><V59/><F125/><W123/><G123/><T112/><D126/><U69/><E69/><V78/><F110/><N who="3" m="41995" /><G114/><T60/><D108/><U3/><E3/><V7/><F77/><W87/><G131/><T79/><D112/><U53/><E117/><V72/><F7/><W56/><G43/><T42/><D33/><U40/><E40/><N who="2" m="22927" /><F38/><W133/><G133/><T121/><D132/><U14/><E101/><V65/><F52/><N who="3" m="34055" /><G24/><T85/><D121/><U115/><E115/><V46/><F46/><W12/><G95/><T98/><D42/><U48/><REACH who="1" step="1"/><E14/><REACH who="1" step="2"/><V32/><F32/><W2/><G2/><AGARI ba="1,1" hai="2,4,9,59,63,65,72,78,80,104,105" m="22927" machi="2" ten="30,1000,0" yaku="25,1" doraHai="64" who="2" fromWho="3" sc="324,0,146,0,224,23,296,-13" owari="324,32,146,-25,247,-10,283,3" /></mjloggm>