<mjloggm ver="2.3"><GO type="225"/><UN n0="%E3%81%B6%E3%81%A3%E3%81%A8%E3%81%B3%E4%BE%8D" n1="%E9%AC%BC%E5%93%AD" n2="%E3%82%88%E3%81%A3%E3%81%A1" n3="%E3%82%AF%E3%83%AB%E3%83%AB%E2%98%86" dan="16,17,16,16" rate="2065,2048,2068,2077" sx="M,M,M,F"/><TAIKYOKU oya="0"/><INIT seed="0,0,0,0,4,77" ten="250,250,250,250" oya="0" hai0="131,31,108,68,21,126,18,64,15,85,52,101,23" hai1="81,106,24,103,132,91,111,94,134,8,34,119,0" hai2="57,62,27,74,63,19,51,28,84,3,1,95,10" hai3="49,104,40,48,110,53,78,127,100,96,80,122,7" shuffle="mt19937ar,CE08C9F9,BFA065CB,4147C4AA,00D5BFF5,14BF6D36,7CAD4367,CDA6FB41,CB465297"/><T125/><D131/><U6/><E119/><V99/><F74/><W93/><G110/><T22/><D101/><U47/><E111/><V92/><F51/><W4/><G127/><N who="0" m="48651" /><D108/><U117/><E117/><V69/><F69/><W45/><G104/><T76/><D31/><U5/><E5/><V44/><F44/><W89/><G100/><T90/><D76/><U2/><E106/><V12/><F63/><W129/><G122/><T123/><D123/><U124/><E124/><V43/><F43/><W109/><G129/><T135/><D135/><U71/><E71/><V9/><F9/><W14/><G14/><T97/><D97/><U35/><E0/><V41/><F41/><W70/><G70/><T55/><D64/><U58/><E103/><V59/><F84/><W36/><G109/><T88/><D68/><U121/><E121/><V75/><F75/><W79/><G79/><T39/><D39/><U29/><E35/><V17/><F92/><W83/><G36/><T50/><D90/><U42/><E134/><V66/><F59/><N who="3" m="33191" /><G78/><T102/><D102/><U107/><E58/><V73/><F73/><W87/><G96/><T46/><D55/><U30/><E132/><V72/><F72/><W67/><G67/><T38/><D38/><U32/><E107/><V98/><F98/><W13/><G13/><T56/><D56/><U105/><E105/><V116/><F116/><W60/><G60/><T26/><D15/><U11/><E32/><N who="2" m="20511" /><F19/><W16/><G16/><T115/><D115/><U114/><E114/><V20/><F20/><W33/><G33/><T25/><D18/><RYUUKYOKU ba="0,0" sc="250,10,250,-30,250,10,250,10" hai0="21,22,23,25,26,46,50,52,85,88" hai2="1,3,10,12,17,57,62,66,95,99" hai3="4,7,40,45,49,80,83,87,89,93" /><INIT seed="0,1,0,2,1,7" ten="260,220,260,260" oya="0" hai0="19,60,55,31,87,26,54,10,33,119,59,32,23" hai1="14,110,101,82,76,56,44,16,97,39,37,25,72" hai2="38,78,3,61,77,8,74,40,47,35,90,86,22" hai3="75,91,108,43,0,98,4,46,115,107,52,27,99" shuffle="mt19937ar,3FF38424,1AA136C8,CEAC0856,AE1CACD7,FDF48917,2F6CE0DA,F0F99141,36A30D92"/><T125/><D125/><U79/><E110/><V84/><F35/><W128/><G115/><T122/><D122/><U30/><E79/><V57/><F84/><W80/><G108/><T63/><D119/><U42/><E56/><V68/><F68/><W36/><G128/><T48/><D87/><U105/><E39/><V133/><F133/><W64/><G64/><T93/><D93/><U89/><E89/><V132/><F132/><W20/><G107/><T1/><D63/><U135/><E135/><V130/><F130/><W100/><G100/><T5/><REACH who="0" step="1"/><D31/><REACH who="0" step="2"/><U116/><E116/><V106/><F106/><W131/><G131/><T51/><D51/><U21/><REACH who="1" step="1"/><E30/><REACH who="1" step="2"/><V28/><F28/><W120/><G36/><T85/><D85/><U65/><E65/><V49/><F74/><W18/><G75/><T24/><D24/><AGARI ba="1,2" hai="14,16,21,24,25,37,42,44,72,76,82,97,101,105" machi="24" ten="40,2600,0" yaku="1,1,54,1,53,0" doraHai="7" doraHaiUra="81" who="1" fromWho="0" sc="250,-29,210,49,260,0,260,0" /><INIT seed="1,0,0,5,0,107" ten="221,259,260,260" oya="1" hai0="73,87,131,93,71,111,42,132,130,84,102,113,31" hai1="75,2,74,34,15,127,16,69,79,88,62,38,106" hai2="104,63,105,56,117,120,97,5,43,27,58,119,0" hai3="86,125,100,76,99,50,122,11,101,28,112,18,64" shuffle="mt19937ar,5395A2E3,9571596D,869C2FD6,AB2B649C,C26B199B,FA36963F,E5175CC6,185DF9D3"/><U90/><E2/><V96/><F43/><W77/><G112/><T61/><D113/><U121/><E121/><V19/><F120/><W129/><G122/><T55/><D31/><U12/><E38/><V114/><F114/><W57/><G28/><T17/><D42/><U6/><E34/><V82/><F82/><W85/><G125/><T8/><D8/><U91/><E79/><V4/><F19/><W110/><G110/><T98/><D17/><U37/><E37/><V70/><F27/><W22/><G11/><T47/><D111/><U133/><E106/><V21/><F21/><W126/><G126/><T29/><D29/><U123/><E123/><V3/><F63/><W108/><G108/><T94/><D73/><U20/><E127/><V35/><REACH who="2" step="1"/><F70/><REACH who="2" step="2"/><W68/><G68/><T9/><D71/><U30/><E69/><V54/><F54/><W115/><G115/><T51/><D61/><U52/><E52/><V32/><AGARI ba="0,1" hai="0,3,4,5,32,35,56,58,96,97,104,105,117,119" machi="32" ten="25,6400,0" yaku="1,1,0,1,22,2,53,0" doraHai="107" doraHaiUra="41" who="2" fromWho="2" sc="221,-16,259,-32,250,74,260,-16" /><INIT seed="2,0,0,4,4,103" ten="205,227,324,244" oya="2" hai0="17,14,116,92,73,63,133,113,76,42,122,102,120" hai1="28,79,71,59,65,74,62,126,11,45,89,68,30" hai2="4,88,48,53,130,86,0,5,40,44,22,19,80" hai3="39,67,98,43,60,82,57,72,12,69,124,49,75" shuffle="mt19937ar,5D9410A7,BB0DF610,1C9D8D0F,D2B8A130,4FF1E99D,9B0D80C2,42A8B02B,5CE2B786"/><V104/><F130/><W56/><G124/><T94/><D113/><U91/><E126/><V129/><F129/><W119/><G119/><T90/><D133/><U66/><E11/><V3/><F104/><W46/><G57/><T70/><D42/><U13/><E13/><V93/><F3/><W25/><G82/><T55/><D116/><U1/><E1/><V24/><F0/><W123/><G123/><T112/><D112/><U110/><E59/><V96/><REACH who="2" step="1"/><F40/><REACH who="2" step="2"/><W27/><G43/><T114/><D114/><U121/><E121/><V38/><F38/><W106/><G39/><T34/><D120/><U52/><E71/><V99/><F99/><W87/><G106/><T101/><D70/><U83/><E68/><V95/><F95/><W135/><G98/><T115/><D94/><U10/><E83/><V36/><F36/><W16/><G69/><T35/><D115/><U29/><E91/><AGARI ba="0,1" hai="4,5,19,22,24,44,48,53,80,86,88,91,93,96" machi="91" ten="30,11600,0" yaku="1,1,7,1,8,1,54,1,53,0" doraHai="103" doraHaiUra="117" who="2" fromWho="1" sc="205,0,227,-116,314,126,244,0" /><INIT seed="2,1,0,4,4,37" ten="205,111,440,244" oya="2" hai0="19,74,86,114,41,46,124,66,57,51,130,63,62" hai1="121,36,39,24,110,120,133,106,132,129,52,10,67" hai2="118,58,29,28,59,102,72,49,94,95,6,21,71" hai3="105,90,81,97,20,65,101,35,77,55,0,53,117" shuffle="mt19937ar,F86AC418,9AF7EB0D,2C14BE88,8CD0A333,584BC4C4,ABBE0DA9,57F4EF13,95EC6795"/><V40/><F72/><W85/><G35/><T4/><D74/><U16/><E106/><V112/><F71/><W75/><G0/><T34/><D34/><U48/><E67/><V33/><F33/><W99/><G117/><T92/><D114/><U13/><E24/><V15/><F112/><W32/><G32/><T70/><D4/><U22/><E10/><V119/><F119/><W93/><G65/><T56/><D19/><U47/><E110/><V69/><F69/><W100/><REACH who="3" step="1"/><G20/><REACH who="3" step="2"/><T73/><D66/><U84/><E129/><V27/><F118/><W23/><G23/><T43/><D130/><U8/><E22/><V50/><F21/><W96/><G96/><T45/><D70/><U61/><E84/><V14/><F27/><W134/><G134/><N who="1" m="51818" /><E61/><N who="0" m="23049" /><D73/><U111/><E111/><V103/><F6/><W44/><G44/><T76/><D45/><U1/><E1/><V122/><F122/><AGARI ba="1,1" hai="8,13,16,36,39,47,48,52,120,121,122" m="51818" machi="122" ten="30,7700,0" yaku="13,1,20,1,54,2" doraHai="37" who="1" fromWho="2" sc="205,0,111,90,440,-80,234,0" /><INIT seed="3,0,0,2,3,38" ten="205,201,360,234" oya="3" hai0="17,133,32,61,93,78,110,66,12,21,23,123,70" hai1="49,7,99,125,40,116,14,18,45,106,46,132,117" hai2="94,52,88,57,68,112,72,43,131,124,37,39,31" hai3="121,69,105,114,62,6,59,42,84,87,95,127,75" shuffle="mt19937ar,4AC77EC9,02B0EC02,53845511,2380D35C,7245FEDF,B8DCAB2B,90381CDA,4E04CAA1"/><W107/><G75/><T90/><D123/><U89/><E132/><V79/><F68/><W85/><G121/><T47/><D133/><U103/><E125/><V26/><F124/><W4/><G69/><T102/><D110/><U67/><E67/><V5/><F5/><W15/><G127/><T97/><D32/><U83/><E7/><V9/><F9/><W76/><G76/><T10/><D78/><U36/><E83/><V13/><F13/><W108/><G114/><T81/><D81/><U44/><E89/><V115/><F79/><W120/><G120/><T34/><D34/><U22/><REACH who="1" step="1"/><E36/><REACH who="1" step="2"/><V28/><F37/><W65/><G4/><T80/><REACH who="0" step="1"/><D47/><AGARI ba="0,1" hai="14,18,22,40,44,45,46,47,49,99,103,106,116,117" machi="47" ten="40,5200,0" yaku="1,1,2,1,52,1,53,0" doraHai="38" doraHaiUra="64" who="1" fromWho="0" sc="205,-52,191,62,360,0,234,0" owari="153,-25,253,0,360,37,234,-12" /></mjloggm>