<mjloggm ver="2.3"><GO type="225"/><UN n0="%E3%83%81%E3%83%A3%E3%82%AA%E3%83%AA" n1="%E7%90%86%E6%83%B3%E9%9B%80%E5%A3%AB" n2="%62%61%6B%61%73%65" n3="%E2%98%85%E3%83%A6%E3%83%94%E3%83%86%E3%83%AB%E2%98%85" dan="17,16,16,17" rate="2127,2031,2030,2079" sx="M,M,F,M"/><TAIKYOKU oya="0"/><INIT seed="0,0,0,5,3,74" ten="250,250,250,250" oya="0" hai0="21,91,63,3,121,98,86,19,28,80,133,18,75" hai1="60,73,128,50,81,94,27,87,56,124,107,95,14" hai2="65,104,122,23,12,0,132,111,99,100,120,9,43" hai3="40,26,71,77,30,5,45,57,54,102,109,35,103" shuffle="mt19937ar,4ED40512,A318679D,1722C857,C547FBED,B20B337D,FFA8487E,54B88636,7D16D0D9"/><T105/><D3/><U15/><E107/><V62/><F111/><W58/><G109/><T29/><D121/><U127/><E73/><V119/><F132/><W64/><G71/><T46/><D133/><U66/><E128/><V116/><F43/><W78/><G64/><T42/><D63/><U72/><E72/><V44/><F44/><W10/><G57/><T118/><D118/><N who="2" m="45098" /><F23/><W92/><G103/><T114/><D114/><U51/><E27/><V84/><F84/><W6/><G6/><T32/><D32/><U113/><E113/><V2/><F12/><N who="1" m="4649" /><E127/><V22/><F22/><W31/><G31/><T24/><D29/><U17/><E17/><V34/><F34/><W41/><G41/><T130/><D130/><U82/><E82/><V7/><F2/><W4/><G4/><T53/><D75/><U93/><E124/><V59/><AGARI ba="0,0" hai="0,7,9,59,62,65,99,100,104,120,122" m="45098" machi="59" ten="30,1100,0" yaku="12,1" doraHai="74" who="2" fromWho="2" sc="250,-5,250,-3,250,11,250,-3" /><INIT seed="1,0,0,4,3,91" ten="245,247,261,247" oya="1" hai0="79,100,110,66,113,80,18,40,88,47,72,55,17" hai1="127,48,33,95,59,97,7,8,58,46,11,38,123" hai2="62,77,96,122,22,53,82,25,98,134,125,54,108" hai3="24,99,126,31,3,109,4,86,28,87,105,37,44" shuffle="mt19937ar,33027B70,307CD187,07F45C4A,34FC089B,95FCE67C,51DCE8A9,4C351040,580AA1A3"/><U26/><E123/><V117/><F122/><W6/><G126/><T119/><D119/><U42/><E127/><V15/><F125/><W32/><G109/><T43/><D113/><U45/><E26/><V73/><F117/><W27/><G37/><T135/><D110/><U14/><E11/><V70/><F108/><W120/><G120/><T106/><D66/><U21/><E21/><V50/><F134/><W39/><G39/><T23/><D135/><U107/><E107/><V41/><F15/><W71/><G71/><T103/><D106/><U78/><E78/><V112/><F41/><N who="0" m="15946" /><D72/><U19/><E33/><V76/><F76/><W102/><G44/><T5/><D5/><U68/><E68/><V83/><F83/><W124/><G124/><T34/><D34/><U12/><E46/><V2/><F2/><W57/><G57/><N who="1" m="21514" /><E38/><V128/><F112/><W13/><G13/><T133/><D79/><U36/><E36/><V89/><F70/><W121/><G121/><T20/><D133/><U52/><E42/><V115/><F115/><W111/><G111/><T85/><D23/><N who="1" m="11751" /><E97/><V29/><F98/><W30/><G32/><T49/><D18/><U131/><E131/><V56/><F128/><W0/><G0/><T93/><D80/><U94/><AGARI ba="0,0" hai="7,8,14,45,48,52,94,95" m="11751,21514" machi="94" ten="30,11700,0" yaku="8,1,52,2,54,1" doraHai="91" who="1" fromWho="1" sc="245,-39,247,117,261,-39,247,-39" /><INIT seed="1,1,0,2,1,9" ten="206,364,222,208" oya="1" hai0="62,28,78,130,42,56,85,27,104,47,66,11,109" hai1="133,43,92,26,17,131,22,115,118,49,57,94,101" hai2="41,24,14,29,31,1,12,110,19,86,119,74,70" hai3="132,60,39,93,71,8,114,0,64,51,63,117,67" shuffle="mt19937ar,50B3373B,CFB81D5B,3A46AA10,8F7B4ECC,5ECE3722,5094F32F,953361FB,2101630A"/><U2/><E115/><V82/><F74/><W30/><G114/><T23/><D104/><U84/><E118/><V111/><F1/><W122/><G117/><T76/><D109/><N who="2" m="41482" /><F70/><W5/><G122/><T102/><D130/><U36/><E2/><V21/><F119/><W48/><G39/><T73/><D73/><U35/><E36/><V7/><F41/><W72/><G72/><T99/><D85/><U83/><E35/><V79/><F7/><W105/><G105/><T112/><D112/><U44/><E133/><V68/><F68/><W135/><G30/><AGARI ba="1,0" hai="12,14,19,21,24,29,30,31,79,82,86" m="41482" machi="30" ten="30,3900,0" yaku="14,1,52,2" doraHai="9" who="2" fromWho="3" sc="206,0,364,0,222,42,208,-42" /><INIT seed="2,0,0,1,4,77" ten="206,364,264,166" oya="2" hai0="89,65,46,85,119,57,61,112,5,123,64,132,49" hai1="100,95,128,9,118,92,14,34,130,115,88,33,84" hai2="105,106,91,131,13,83,19,69,86,0,45,1,18" hai3="60,117,54,17,129,68,102,32,78,134,12,81,7" shuffle="mt19937ar,76118A50,62BB0210,1BEDE55A,9DF8C29A,2D847AA7,EDA8D09D,8BE45A71,D10F25D2"/><V23/><F69/><W99/><G117/><T133/><D112/><U67/><E115/><V6/><F131/><N who="1" m="50217" /><E118/><V26/><F45/><W37/><G134/><N who="0" m="51819" /><D119/><U22/><E22/><V3/><REACH who="2" step="1"/><F6/><REACH who="2" step="2"/><W125/><G129/><T109/><D5/><N who="1" m="3375" /><E67/><V35/><F35/><W10/><G32/><T124/><D123/><U82/><E34/><V44/><F44/><W103/><G7/><T59/><D124/><U73/><E33/><V71/><F71/><W2/><G125/><T30/><D65/><U8/><E8/><AGARI ba="0,1" hai="0,1,3,8,13,18,19,23,26,83,86,91,105,106" machi="8" ten="40,3900,0" yaku="1,1,52,1,53,0" doraHai="77" doraHaiUra="74" who="2" fromWho="1" sc="206,0,364,-39,254,49,166,0" /><INIT seed="2,1,0,3,1,5" ten="206,325,303,166" oya="2" hai0="20,97,114,40,116,18,37,108,132,72,61,86,105" hai1="125,85,0,36,57,60,135,95,33,110,12,123,48" hai2="42,127,23,17,43,67,26,65,11,9,131,71,56" hai3="79,32,70,50,92,69,112,113,51,99,126,74,34" shuffle="mt19937ar,32B5F74E,4D386FFA,F032C51A,E9EF39C2,A2DDE39B,AA312D94,A526AB5F,FB339FB9"/><V100/><F71/><W80/><G126/><T44/><D72/><U98/><E0/><V83/><F127/><W84/><G69/><T6/><D114/><U93/><E125/><V58/><F100/><W8/><G70/><T19/><D108/><U59/><E36/><V119/><F119/><W41/><G74/><T107/><D116/><U55/><E33/><V25/><F83/><W38/><G38/><T111/><D6/><U117/><E117/><V4/><F4/><W88/><G8/><N who="2" m="3145" /><F131/><W22/><G22/><T115/><D115/><N who="3" m="44105" /><G41/><N who="2" m="15369" /><F26/><W68/><G68/><T10/><D107/><U82/><E82/><V30/><F30/><W35/><AGARI ba="1,0" hai="32,34,35,50,51,79,80,84,88,92,99" m="44105" machi="35" ten="40,2700,0" yaku="11,1,54,1" doraHai="5" who="3" fromWho="3" sc="206,-8,325,-8,303,-14,166,30" /><INIT seed="3,0,0,4,0,24" ten="198,317,289,196" oya="3" hai0="21,44,62,134,79,130,14,77,102,97,133,90,85" hai1="47,63,96,29,70,109,91,75,121,94,68,16,69" hai2="80,54,111,83,43,15,98,12,20,57,87,129,126" hai3="92,115,123,22,38,23,13,99,132,19,8,36,118" shuffle="mt19937ar,8938A3F0,B135C0FB,875D75BB,90B9969F,3905AEFE,242AA9B0,CAE7A825,ABDAE53E"/><W113/><G123/><T88/><D130/><U10/><E121/><V27/><F129/><W106/><G118/><T72/><D44/><U6/><E75/><V65/><F111/><W25/><G106/><N who="0" m="63823" /><D62/><U52/><E109/><V49/><F126/><W0/><G132/><N who="0" m="50795" /><D72/><U82/><E82/><V40/><F65/><W32/><G22/><T26/><D14/><U110/><E6/><V117/><F117/><W71/><G71/><T119/><D119/><U45/><E45/><V61/><F83/><W28/><G36/><T41/><D41/><U39/><E39/><V112/><F112/><W9/><G38/><T5/><D5/><U108/><E47/><V34/><F34/><W100/><G8/><T33/><D33/><U84/><E69/><V116/><F116/><W89/><G100/><T1/><D1/><U86/><E70/><V11/><F98/><W60/><G60/><T37/><D37/><U66/><E108/><V103/><F103/><W135/><REACH who="3" step="1"/><G135/><REACH who="3" step="2"/><T125/><D125/><U4/><E63/><V46/><F11/><W122/><G122/><T67/><D67/><U30/><E66/><V50/><F61/><W42/><G42/><T120/><D120/><U104/><E68/><V124/><F43/><W114/><G114/><T107/><D107/><U93/><E104/><V131/><F124/><W7/><AGARI ba="0,1" hai="0,7,9,13,19,23,25,28,32,89,92,99,113,115" machi="7" ten="30,18000,2" yaku="1,1,0,1,24,2,52,1,53,1" doraHai="24" doraHaiUra="17" who="3" fromWho="3" sc="198,-60,317,-60,289,-60,186,190" owari="138,-26,257,1,229,-12,376,37" /></mjloggm>