<mjloggm ver="2.3"><GO type="225"/><UN n0="%E8%80%81%E9%A6%AC" n1="%73%69%67%65%6E%6F%72%69" n2="%E9%9B%B2%E9%9B%80%E6%81%AD%E5%BC%A5" n3="%E3%83%81%E3%83%A3%E3%82%AA%E3%83%AA" dan="16,17,17,17" rate="2014,2150,2189,2112" sx="M,M,M,M"/><TAIKYOKU oya="0"/><INIT seed="0,0,0,4,5,32" ten="250,250,250,250" oya="0" hai0="6,27,9,110,80,77,34,66,88,59,47,4,120" hai1="28,127,25,45,124,74,106,91,95,55,50,82,37" hai2="111,68,1,100,75,87,46,48,70,53,123,24,112" hai3="61,65,109,119,29,41,33,130,86,13,89,56,69" shuffle="mt19937ar,28AF6F86,C029C30C,FFB95ACB,E90F6920,A2E6B106,CC38F1D4,D66379D2,731A8270"/><T96/><D120/><U20/><E106/><V126/><F123/><W57/><G119/><T64/><D110/><U78/><REACH who="1" step="1"/><E37/><REACH who="1" step="2"/><V43/><F111/><W21/><G109/><T63/><D66/><U52/><E52/><V101/><F53/><W62/><G65/><T121/><D121/><U85/><AGARI ba="0,1" hai="20,25,28,45,50,55,74,78,82,85,91,95,124,127" machi="85" ten="30,2000,0" yaku="1,1,0,1,53,0" doraHai="32" doraHaiUra="118" who="1" fromWho="1" sc="250,-10,240,30,250,-5,250,-5" /><INIT seed="1,0,0,5,4,64" ten="240,270,245,245" oya="1" hai0="47,81,25,60,130,78,69,128,24,106,11,34,43" hai1="52,28,89,5,62,105,3,72,124,31,55,44,135" hai2="38,88,65,6,127,41,80,94,2,53,10,39,116" hai3="59,42,18,133,26,1,58,73,66,114,35,12,51" shuffle="mt19937ar,A31C1E8B,3B7CADD5,5449FABD,1B640BAC,C692F21B,67B81CA3,2FCBF8DD,CC7790A1"/><U36/><E105/><V113/><F116/><W27/><G1/><T29/><D106/><U111/><E124/><V93/><F127/><W83/><G114/><T74/><D25/><U110/><E72/><V82/><F113/><W4/><G4/><T119/><D119/><U8/><E135/><V122/><F122/><W30/><G26/><T15/><D60/><U84/><E36/><V91/><F65/><W67/><G133/><T32/><D32/><U33/><E44/><V102/><F102/><W77/><G59/><T95/><D95/><U118/><E118/><V0/><F53/><N who="1" m="20553" /><E62/><V101/><F101/><W21/><G58/><T14/><D69/><U123/><E33/><V121/><F121/><W48/><REACH who="3" step="1"/><G51/><REACH who="3" step="2"/><T125/><D125/><U75/><E123/><V19/><F6/><W117/><G117/><T23/><D23/><U76/><E3/><V112/><F112/><W7/><G7/><T56/><D56/><U79/><E5/><V131/><F0/><W100/><G100/><T16/><REACH who="0" step="1"/><D15/><REACH who="0" step="2"/><U20/><E20/><V90/><F2/><W85/><G85/><T9/><D9/><U49/><E8/><V99/><F10/><W63/><G63/><T129/><D129/><U37/><E84/><V70/><F131/><W98/><G98/><T97/><D97/><U17/><E75/><V96/><F99/><W132/><G132/><T86/><D86/><U92/><E31/><V61/><F96/><W107/><G107/><T50/><AGARI ba="0,2" hai="11,14,16,24,29,34,43,47,50,74,78,81,128,130" machi="50" ten="30,4000,0" yaku="1,1,0,1,54,1,53,0" doraHai="64" doraHaiUra="108" who="0" fromWho="0" sc="230,60,270,-20,245,-10,235,-10" /><INIT seed="2,0,0,1,4,94" ten="290,250,235,225" oya="2" hai0="104,51,114,124,82,29,34,110,27,70,56,76,74" hai1="33,46,68,3,78,107,30,96,81,109,16,97,35" hai2="132,40,92,28,6,103,9,116,52,53,88,59,62" hai3="106,126,73,31,10,17,12,87,57,111,58,117,86" shuffle="mt19937ar,220412A9,E924CDEF,92E3348E,A7F7AE64,3DDAC4F8,11E91DF8,8F1290A0,3D894C26"/><V11/><F116/><W60/><G117/><T125/><D70/><U123/><E3/><V50/><F132/><W71/><G73/><T39/><D39/><U129/><E68/><V13/><F28/><W131/><G31/><T24/><D114/><U66/><E66/><V15/><F103/><W72/><G72/><T89/><D104/><U25/><E129/><V19/><F40/><W47/><G131/><T49/><D27/><U63/><E35/><V95/><REACH who="2" step="1"/><F88/><REACH who="2" step="2"/><W21/><G126/><T133/><D133/><U85/><E30/><V112/><F112/><W118/><G118/><T18/><D125/><U84/><E123/><V119/><F119/><W8/><G111/><T7/><D110/><U45/><E109/><V77/><F77/><W4/><G106/><T83/><D124/><U127/><E78/><V43/><F43/><W42/><G42/><T22/><D34/><U61/><E33/><V80/><F80/><W79/><G79/><T121/><D121/><U122/><E81/><V75/><F75/><W26/><G71/><T32/><D83/><U1/><E107/><V113/><F113/><W64/><G47/><AGARI ba="0,1" hai="6,9,11,13,15,19,47,50,52,53,59,62,92,95" machi="47" ten="30,12000,1" yaku="1,1,7,1,8,1,54,1,53,1" doraHai="94" doraHaiUra="14" who="2" fromWho="3" sc="290,0,250,0,225,130,225,-120" /><INIT seed="2,1,0,2,2,84" ten="290,250,355,105" oya="2" hai0="89,96,110,0,28,34,19,6,2,77,32,25,74" hai1="50,1,36,94,99,55,12,8,4,11,44,64,61" hai2="98,103,95,31,14,38,109,102,29,71,76,37,47" hai3="132,69,7,52,92,16,5,40,107,35,133,65,130" shuffle="mt19937ar,F3D4ECE0,CE2CEC96,AB67F0D1,AB7109FB,D4A5FBB9,64D6ED4D,20AE9F40,094A2BA3"/><V13/><F71/><W17/><G107/><T111/><D34/><U129/><E129/><V41/><F76/><W116/><G35/><T104/><D19/><N who="3" m="7241" /><G116/><T39/><D39/><U122/><E122/><V113/><F113/><W118/><G118/><T66/><D66/><U127/><E127/><V30/><F109/><N who="0" m="41482" /><D6/><N who="3" m="2057" /><G40/><T22/><D22/><U42/><E8/><V33/><F33/><W105/><G105/><T18/><D18/><U67/><E1/><N who="0" m="617" /><D104/><U93/><E61/><V21/><F37/><W70/><G65/><T15/><D15/><U87/><E36/><V45/><F38/><W106/><G106/><T83/><D96/><U24/><E42/><V27/><F41/><W131/><G92/><T134/><D134/><N who="3" m="51817" /><G52/><T112/><D112/><U91/><REACH who="1" step="1"/><E24/><REACH who="1" step="2"/><V85/><F27/><W101/><G101/><AGARI ba="1,1" hai="4,11,12,44,50,55,64,67,87,91,93,94,99,101" machi="101" ten="30,12000,2" yaku="1,1,2,1,7,1,8,1,52,1,53,1" doraHai="84" doraHaiUra="48" who="1" fromWho="3" sc="290,0,240,133,355,0,105,-123" owari="290,-6,373,37,355,11,-18,-42" /></mjloggm>