<mjloggm ver="2.3"><GO type="225"/><UN n0="%73%69%64%65" n1="%E3%83%81%E3%83%A3%E3%82%AA%E3%83%AA" n2="%E2%98%85%E3%83%A6%E3%83%94%E3%83%86%E3%83%AB%E2%98%85" n3="%23%37%34%E5%A4%A7%E6%B2%BB%E9%83%8E" dan="17,17,16,16" rate="2107,2079,2048,2073" sx="M,M,M,M"/><TAIKYOKU oya="0"/><INIT seed="0,0,0,0,4,44" ten="250,250,250,250" oya="0" hai0="3,20,106,74,83,135,28,48,87,72,77,24,93" hai1="123,34,95,51,75,32,6,96,82,2,120,54,49" hai2="89,68,134,19,122,14,119,41,117,45,46,18,78" hai3="130,129,118,43,69,100,81,109,13,108,38,98,1" shuffle="mt19937ar,88B67B28,B0D560AF,3D555DA6,44C2C8A5,C14E38F8,65BEF5FD,DC678B12,50BD3AB4"/><T73/><D106/><U65/><E65/><V107/><F68/><W84/><G69/><T10/><D135/><U115/><E2/><V111/><F107/><N who="3" m="63895" /><G1/><T33/><D93/><U0/><E0/><V70/><F70/><W47/><G13/><T102/><D102/><U15/><E6/><V17/><F134/><W31/><G31/><T67/><D67/><U56/><E15/><V133/><F111/><N who="3" m="42571" /><G118/><T90/><D90/><AGARI ba="0,0" hai="38,43,47,81,84,90,129,130" m="42571,63895" machi="90" ten="30,1000,0" yaku="14,1" doraHai="44" who="3" fromWho="0" sc="250,-10,250,0,250,0,250,10" /><INIT seed="1,0,0,0,0,75" ten="240,250,250,260" oya="1" hai0="39,4,111,46,126,19,132,37,125,15,70,43,101" hai1="71,131,86,107,85,33,35,124,79,61,18,81,76" hai2="117,93,103,115,123,102,3,119,116,53,133,44,9" hai3="96,78,5,67,34,62,88,42,69,10,121,106,82" shuffle="mt19937ar,1851AC1E,0E249301,9CDE4DEE,2F4287CF,28CBB272,E5A5F043,2F89C1B3,8F8EB662"/><U31/><E107/><V130/><F123/><W110/><G121/><T28/><D70/><U109/><E124/><N who="0" m="47721" /><D111/><U20/><E109/><V135/><F130/><W73/><G110/><T58/><D132/><N who="2" m="50762" /><F115/><W56/><G42/><T48/><D4/><U7/><E7/><N who="2" m="1279" /><F93/><W89/><G56/><T14/><D28/><U91/><E131/><V95/><F95/><W112/><G112/><T134/><D134/><U24/><E86/><V77/><F77/><W100/><REACH who="3" step="1"/><G34/><REACH who="3" step="2"/><T68/><D58/><U63/><E35/><V26/><F117/><W118/><G118/><T0/><D43/><U1/><E71/><V97/><F119/><W54/><G54/><T65/><D68/><U129/><E129/><V17/><F116/><W51/><G51/><T98/><D48/><U128/><E128/><V22/><F97/><W13/><AGARI ba="0,1" hai="5,10,13,62,67,69,73,78,82,88,89,96,100,106" machi="13" ten="20,12000,2" yaku="1,1,0,1,7,1,52,1,54,1,53,1" doraHai="75" doraHaiUra="2" who="3" fromWho="3" sc="240,-30,250,-60,250,-30,250,130" /><INIT seed="2,0,0,2,5,58" ten="210,190,220,380" oya="2" hai0="60,119,51,121,8,84,126,61,12,42,98,128,44" hai1="86,124,91,111,73,78,132,55,59,50,64,75,14" hai2="80,39,129,133,115,103,99,135,47,117,19,110,1" hai3="53,37,116,120,122,7,96,71,101,33,108,87,97" shuffle="mt19937ar,3474F13A,F0E9067E,6EFD4A0C,B14F8108,7A1528A7,784B69C3,30E5F4A9,B5469A3A"/><V77/><F1/><W67/><G33/><T10/><D121/><U34/><E34/><V36/><F117/><W40/><G116/><T94/><D119/><U57/><E78/><V35/><F115/><W134/><G134/><N who="2" m="51209" /><F35/><W93/><G7/><T131/><D126/><U15/><E124/><V66/><F129/><N who="0" m="49738" /><D84/><U76/><E76/><V30/><F30/><W56/><G108/><T25/><D25/><U4/><E132/><V72/><F110/><W24/><G24/><T82/><D82/><U52/><E111/><V17/><F66/><W9/><G87/><T18/><D10/><U92/><E64/><V49/><F36/><W89/><G9/><T88/><AGARI ba="0,0" hai="8,12,18,42,44,51,60,61,88,94,98" m="49738" machi="88" ten="30,7900,0" yaku="19,1,52,2,54,1" doraHai="58" who="0" fromWho="0" sc="210,79,190,-20,220,-39,380,-20" /><INIT seed="3,0,0,4,1,77" ten="289,170,181,360" oya="3" hai0="13,56,30,42,84,36,64,67,41,37,85,124,1" hai1="92,66,127,102,14,76,33,58,6,91,106,135,0" hai2="38,71,11,117,34,123,26,17,18,46,35,40,89" hai3="130,39,121,5,97,110,15,60,3,59,22,48,51" shuffle="mt19937ar,262336B7,A8CB42AF,0C47E8B4,2B002E1B,4AC6E900,14AE1AAE,B042ED69,D659A0CE"/><W79/><G121/><T104/><D1/><U20/><E0/><V101/><F71/><W96/><G39/><T93/><D104/><U75/><E33/><V25/><F123/><W44/><G3/><T125/><D93/><U113/><E113/><V128/><F117/><W129/><G79/><T99/><D99/><U98/><E135/><V82/><F128/><N who="3" m="49259" /><G110/><T74/><D74/><U23/><E127/><V68/><F101/><W27/><G15/><T12/><D30/><U65/><E6/><V133/><F68/><W95/><G5/><T55/><D55/><U7/><E7/><V115/><F115/><W49/><G44/><T78/><D78/><U83/><E58/><V31/><F133/><W103/><G96/><T47/><D56/><U111/><E111/><V90/><F11/><W4/><G4/><T120/><D120/><U21/><REACH who="1" step="1"/><E14/><REACH who="1" step="2"/><V87/><F89/><W70/><G70/><T132/><D132/><U119/><E119/><V45/><F45/><AGARI ba="0,1" hai="12,13,36,37,41,42,45,47,64,67,84,85,124,125" machi="45" ten="25,1600,0" yaku="22,2" doraHai="77" who="0" fromWho="2" sc="289,26,160,0,181,-16,360,0" owari="315,7,160,-24,165,-18,360,35" /></mjloggm>