<mjloggm ver="2.3"><GO type="225"/><UN n0="%E5%85%8B%E5%88%A9%E5%A5%A5%E4%BD%A9%E7%89%B9%E5%89%8C%CE%B6" n1="%E9%95%B7%E5%B2%A1%E5%A4%A7%E6%98%8E%E7%A5%9E" n2="%E3%82%88%E3%81%A3%E3%81%A1" n3="%E3%82%AF%E3%83%AB%E3%83%AB%E2%98%86" dan="16,16,16,16" rate="2138,2018,2056,2090" sx="F,F,M,F"/><TAIKYOKU oya="0"/><INIT seed="0,0,0,4,2,83" ten="250,250,250,250" oya="0" hai0="32,66,104,26,61,47,15,9,90,46,63,86,8" hai1="92,93,128,91,1,81,88,57,23,25,79,41,72" hai2="39,33,13,82,125,105,122,44,131,89,115,116,24" hai3="130,107,17,49,84,99,121,80,53,113,4,70,60" shuffle="mt19937ar,FA03D830,B454BE86,03AC5CFB,04307B91,EA5F4991,FAEE05CE,E256FF61,D8A3427A"/><T102/><D104/><U124/><E1/><V16/><F105/><W30/><G113/><T108/><D102/><U109/><E41/><V67/><F115/><W123/><G4/><T19/><D108/><U2/><E2/><V42/><F122/><N who="3" m="46603" /><G30/><T64/><D32/><U98/><E109/><V22/><F116/><W74/><G74/><T129/><D26/><U85/><E128/><V10/><F131/><W3/><G3/><T100/><D100/><U48/><E124/><V117/><F125/><W95/><G107/><T50/><D129/><U106/><E106/><V59/><F117/><W5/><G5/><T135/><D135/><U12/><E12/><V65/><F59/><W6/><G6/><T55/><D9/><U7/><E7/><V96/><F33/><W62/><G70/><T20/><D20/><U40/><E40/><V0/><F0/><W51/><G17/><T133/><D47/><U58/><REACH who="1" step="1"/><E48/><REACH who="1" step="2"/><V14/><F14/><W68/><G51/><T76/><D133/><U45/><E45/><V103/><F13/><W127/><G127/><T38/><D38/><U78/><E78/><V34/><F10/><W31/><G130/><T27/><D76/><U43/><E43/><V71/><F42/><W18/><G49/><T132/><D132/><U110/><E110/><V126/><F39/><W114/><G114/><T11/><D11/><U56/><E56/><V52/><F44/><W111/><G68/><T120/><D120/><U21/><E21/><V29/><F71/><W101/><G111/><T75/><D8/><U69/><E69/><V35/><F126/><RYUUKYOKU ba="0,1" sc="250,-10,240,30,250,-10,250,-10" hai1="23,25,57,58,72,79,81,85,88,91,92,93,98" /><INIT seed="1,1,1,4,4,82" ten="240,270,240,240" oya="1" hai0="81,35,127,39,77,33,6,73,114,87,12,120,26" hai1="9,95,133,101,62,80,131,93,126,5,36,37,125" hai2="104,106,14,89,22,54,79,118,98,102,128,115,18" hai3="68,55,105,75,45,32,56,46,59,117,7,103,83" shuffle="mt19937ar,1BCF0523,603F3979,36C87305,9AD5ED05,7CC1EF28,8E052475,83B294BB,3BC2AD97"/><U76/><E131/><V47/><F79/><W41/><G68/><T123/><D114/><U135/><E62/><V8/><F118/><W16/><G32/><T52/><D39/><U109/><E109/><V0/><F115/><W23/><G7/><T122/><D127/><N who="1" m="48651" /><E36/><V74/><F128/><W3/><G3/><T97/><D97/><N who="1" m="59583" /><E37/><V30/><F74/><W91/><G117/><T72/><D73/><N who="1" m="43023" /><E9/><V108/><F108/><W42/><G105/><T113/><D113/><U124/><E5/><V29/><F106/><W88/><G103/><T24/><D72/><U129/><E129/><V99/><F0/><W92/><G75/><T130/><D130/><U66/><E66/><V67/><F67/><W43/><G83/><T25/><D35/><U71/><E71/><V15/><F15/><N who="3" m="9631" /><G91/><T86/><D33/><U111/><E111/><V85/><F99/><N who="3" m="57735" /><G59/><T96/><D96/><U27/><E124/><V11/><F11/><W19/><G19/><T28/><D81/><U34/><E93/><N who="2" m="54447" /><F8/><W38/><G38/><T61/><D77/><U84/><E84/><V110/><F110/><W40/><N who="3" m="10752" /><DORA hai="132" /><W116/><G116/><T60/><D87/><U63/><E34/><V31/><F104/><W119/><G119/><T121/><D86/><U53/><E27/><V44/><F98/><W78/><G78/><T51/><D121/><U2/><E2/><V13/><F102/><W134/><G134/><T48/><D6/><U49/><E135/><V58/><F13/><W21/><G21/><T94/><D12/><U70/><E133/><V90/><F90/><W69/><G69/><RYUUKYOKU ba="1,1" sc="240,-15,270,-15,240,15,240,15" hai2="14,18,22,29,30,31,44,47,54,58" hai3="45,46,55,56" /><INIT seed="2,2,1,5,2,109" ten="225,255,255,255" oya="2" hai0="13,45,3,114,112,31,132,42,101,63,54,10,103" hai1="119,51,130,47,6,22,104,83,127,116,24,5,134" hai2="73,131,32,41,100,120,50,97,12,93,0,60,46" hai3="2,36,122,95,64,69,111,118,86,16,62,59,28" shuffle="mt19937ar,606BCF98,41562707,336A628B,89FA7DF1,ED56991D,3FE8FD33,99D7CFB3,7EFDA394"/><V92/><F0/><W94/><G118/><T74/><D74/><U68/><E104/><V110/><F32/><W44/><G2/><T121/><D3/><U48/><E68/><V53/><F73/><W8/><G122/><T40/><D121/><U72/><E130/><V81/><F120/><W89/><G28/><T98/><D31/><U19/><E134/><V20/><F131/><W76/><G76/><T79/><D79/><U126/><E72/><V26/><F110/><W125/><G111/><T117/><D132/><U34/><E83/><V15/><F81/><W66/><G125/><N who="1" m="47626" /><E48/><V108/><F93/><W115/><G69/><T80/><D80/><U85/><E85/><V70/><F108/><W84/><G66/><T21/><D21/><U124/><E34/><V27/><F27/><W106/><G106/><T71/><D117/><N who="1" m="45131" /><E124/><V96/><F96/><W78/><G36/><T88/><D71/><U87/><E87/><V77/><F77/><W38/><G38/><T58/><D40/><AGARI ba="2,1" hai="5,6,19,22,24,40,47,51" m="45131,47626" machi="40" ten="30,1000,0" yaku="18,1" doraHai="109" who="1" fromWho="0" sc="225,-16,255,26,255,0,255,0" /><INIT seed="3,0,0,3,0,131" ten="209,281,255,255" oya="3" hai0="93,48,76,39,104,134,26,92,57,124,29,94,80" hai1="88,89,70,58,13,35,24,115,51,119,91,82,64" hai2="86,116,121,44,112,14,100,15,135,49,31,75,108" hai3="97,3,4,84,32,1,27,52,0,79,20,40,47" shuffle="mt19937ar,0D181E47,D2E1BE3C,C544BDFE,35D6D5FF,22D7E29E,0F440521,0A91842A,227A22BD"/><W38/><G32/><T21/><D39/><U67/><E115/><V73/><F75/><W68/><G68/><T9/><D104/><U123/><E123/><V72/><F73/><W19/><G97/><T61/><D124/><U102/><E119/><V22/><F72/><W128/><G128/><T18/><D48/><U114/><E114/><V6/><F121/><W11/><G79/><T101/><D134/><U127/><E127/><V5/><F135/><W33/><G84/><N who="0" m="48135" /><D9/><U95/><E70/><V56/><F112/><W63/><REACH who="3" step="1"/><G33/><REACH who="3" step="2"/><T98/><D29/><U122/><E122/><V37/><F31/><W130/><G130/><T8/><D8/><U41/><E35/><V69/><F86/><W54/><G54/><AGARI ba="0,1" hai="18,21,26,54,57,61,92,93,94,98,101" m="48135" machi="54" ten="30,1000,0" yaku="8,1" doraHai="131" who="0" fromWho="3" sc="209,20,281,0,255,0,245,-10" /><INIT seed="4,0,0,3,0,50" ten="229,281,255,235" oya="0" hai0="95,43,97,49,68,88,66,52,46,119,33,29,20" hai1="76,107,38,54,42,121,134,67,16,75,122,12,118" hai2="89,114,70,129,125,65,110,48,90,26,102,93,19" hai3="72,58,74,112,86,84,55,7,115,0,60,133,96" shuffle="mt19937ar,1173F189,4FC75CD7,CD767DD1,31A4779A,DE9AF0E8,26CC3EB5,3070FC6B,EA4AB90D"/><T9/><D119/><U69/><E107/><V71/><F114/><N who="3" m="43563" /><G7/><T31/><D33/><U35/><E35/><V127/><F102/><W109/><G0/><T81/><D9/><U18/><E118/><V40/><F129/><W34/><G34/><T128/><D128/><U117/><E117/><V37/><F37/><W131/><G131/><T28/><D81/><U56/><E134/><V64/><F110/><W59/><G109/><T135/><D135/><U44/><E76/><V15/><F26/><W120/><G133/><T61/><REACH who="0" step="1"/><D20/><REACH who="0" step="2"/><U85/><E122/><V103/><F125/><W4/><G120/><T98/><D98/><U14/><E121/><V2/><F127/><W6/><G96/><T27/><D27/><U45/><E12/><V78/><F15/><W30/><G4/><T83/><D83/><U126/><E14/><V77/><F2/><W80/><G6/><T17/><D17/><U116/><E18/><V94/><F19/><W79/><G30/><T32/><D32/><U1/><E16/><V104/><F104/><W106/><G106/><T25/><D25/><U11/><E1/><V123/><F123/><W5/><G5/><T10/><D10/><U130/><E11/><V100/><F40/><AGARI ba="0,1" hai="28,29,31,40,43,46,49,52,61,66,68,88,95,97" machi="40" ten="40,18000,2" yaku="1,1,52,1,54,2,53,3" doraHai="50" doraHaiUra="24" who="0" fromWho="2" sc="219,190,281,0,255,-180,235,0" owari="409,40,281,3,75,-32,235,-11" /></mjloggm>