<mjloggm ver="2.3"><GO type="185"/><UN n0="%EF%BC%BC%28%EF%BC%BE%6F%EF%BC%BE%29%EF%BC%8F%E2%98%85" n1="%E2%98%85%E3%83%A6%E3%83%94%E3%83%86%E3%83%AB%E2%98%85" n2="%E3%81%B5%E3%81%8F%EF%BC%A3%EF%BD%88%EF%BD%81%EF%BD%8E%E2%99%AA" n3="" dan="17,18,16,0" rate="2217,2236,2140,1500" sx="M,M,F,C"/><TAIKYOKU oya="0"/><INIT seed="0,0,0,5,4,48" ten="350,350,350,0" oya="0" hai0="59,71,100,41,134,87,62,37,79,83,99,119,34" hai1="118,65,120,89,58,44,115,104,35,110,60,75,107" hai2="54,47,76,36,130,126,105,84,42,124,102,69,94" hai3="" shuffle="mt19937ar,223440C6,CB0D715D,CFCC16FE,C1B06E30,29C1B50A,37B6F8D9,C33CAFA0,348CDB87"/><T72/><D34/><U70/><N who="1" m="30752" /><U68/><E35/><V81/><F69/><T40/><D71/><U92/><E75/><V57/><F105/><T66/><D119/><U64/><E118/><V135/><F135/><T128/><D134/><U111/><E115/><V133/><F133/><T106/><D128/><U45/><E58/><V53/><F130/><T52/><D37/><U33/><E33/><V56/><F94/><T85/><D72/><U32/><E32/><V51/><REACH who="2" step="1"/><F102/><REACH who="2" step="2"/><T67/><D67/><U3/><E68/><V127/><F127/><T86/><D66/><U112/><E65/><V117/><F117/><T1/><D1/><U82/><E3/><V113/><F113/><T73/><AGARI ba="0,1" hai="40,41,52,59,62,73,79,83,85,86,87,99,100,106" machi="73" ten="30,4000,0" yaku="0,1,52,1,54,1" doraHai="48" who="0" fromWho="0" sc="350,50,350,-20,340,-20,0,0" /><INIT seed="0,1,0,3,0,106" ten="400,330,320,0" oya="0" hai0="95,97,36,117,107,49,44,79,103,37,100,81,91" hai1="120,54,60,115,63,118,34,74,99,109,70,93,125" hai2="65,62,53,61,104,0,51,119,59,64,73,87,1" hai3="" shuffle="mt19937ar,717B30A1,A099FFC8,070924D3,0BAA4011,A39A30B7,08A530F7,7DB9A296,81640D1C"/><T113/><D113/><U110/><N who="1" m="30752" /><U128/><E34/><V92/><F104/><T75/><D117/><U42/><E115/><V72/><F119/><T85/><D103/><U98/><E118/><V55/><F87/><T101/><D101/><U68/><E125/><V71/><F92/><T35/><D35/><U126/><E126/><V90/><F90/><T121/><N who="0" m="31008" /><T129/><D129/><U114/><E42/><AGARI ba="1,0" hai="36,37,42,44,49,75,79,81,85,91,95,97,100,107" m="31008" machi="42" ten="30,12000,1" yaku="7,1,24,2,52,2" doraHai="106" who="0" fromWho="1" sc="400,122,330,-122,320,0,0,0" /><INIT seed="0,2,0,4,4,67" ten="522,208,320,0" oya="0" hai0="89,39,117,71,100,73,69,81,32,74,101,123,36" hai1="119,53,2,86,113,102,62,134,47,35,59,79,97" hai2="120,3,66,65,52,103,80,99,50,114,84,82,70" hai3="" shuffle="mt19937ar,02BDCC86,2C19A6FF,063A8818,2F8286A7,3EA10823,2230526B,0B750214,E6C464DE"/><T76/><N who="0" m="31520" /><T48/><D32/><U126/><E2/><V88/><N who="2" m="30752" /><V61/><F3/><T107/><D117/><U72/><E35/><V38/><F66/><T41/><D48/><U75/><E119/><V90/><F38/><T1/><D1/><U125/><E113/><V83/><F114/><T122/><N who="0" m="31264" /><T93/><D74/><U124/><E134/><V115/><F90/><T44/><D39/><U37/><E86/><V109/><F109/><T116/><D116/><U54/><E79/><V51/><F51/><T33/><D33/><U55/><E37/><V63/><F63/><T45/><D45/><U68/><E68/><V46/><F115/><T40/><D40/><U95/><REACH who="1" step="1"/><E47/><REACH who="1" step="2"/><V110/><REACH who="2" step="1"/><F110/><REACH who="2" step="2"/><T42/><D42/><U135/><E135/><V108/><F108/><T121/><N who="0" m="31008" /><T106/><D71/><U43/><E43/><V56/><F56/><T64/><D69/><U104/><E104/><AGARI ba="2,2" hai="46,50,52,61,65,70,80,82,83,84,88,99,103,104" m="30752" machi="104" ten="30,12000,2" yaku="1,1,7,1,52,2,54,2,53,0" doraHai="67" doraHaiUra="127" who="2" fromWho="1" sc="522,0,198,-124,310,144,0,0" /><INIT seed="1,0,0,0,1,66" ten="522,74,454,0" oya="1" hai0="75,108,44,106,128,131,116,49,92,96,41,86,67" hai1="42,43,111,78,100,130,132,33,95,126,47,32,76" hai2="103,72,53,84,112,85,60,69,83,59,135,40,37" hai3="" shuffle="mt19937ar,5C3D8BDB,C17EEC6A,DC72EB38,E66713C5,3CD4F074,EE10C757,A441B50D,17A91A9C"/><U115/><E115/><V119/><F119/><T122/><N who="0" m="31264" /><T58/><D75/><U62/><E126/><V55/><F112/><T48/><D116/><U45/><E130/><V35/><F35/><T54/><D108/><U129/><E129/><V65/><F103/><T133/><D133/><U3/><E132/><V63/><F72/><T90/><D106/><U2/><E62/><V71/><F135/><T68/><D96/><U101/><REACH who="1" step="1"/><E95/><REACH who="1" step="2"/><V89/><F40/><T61/><AGARI ba="0,1" hai="41,44,48,49,54,58,61,67,68,86,90,92,128,131" m="31264" machi="61" ten="30,3000,0" yaku="0,1,52,2" doraHai="66" who="0" fromWho="0" sc="522,40,64,-20,454,-10,0,0" /><INIT seed="2,0,0,2,5,104" ten="562,44,444,0" oya="2" hai0="105,82,72,62,84,126,42,34,49,100,46,124,116" hai1="61,113,80,117,125,52,132,53,97,70,127,121,87" hai2="122,99,38,107,114,101,40,106,37,69,58,74,33" hai3="" shuffle="mt19937ar,72391D41,431C2D9C,E77D5783,B2BED958,8F5BECE5,A12705C3,25DBDD83,8343D89D"/><V41/><N who="2" m="31264" /><V32/><F69/><T131/><D34/><U56/><N who="1" m="31008" /><U64/><E113/><V108/><F114/><T63/><D116/><U118/><E97/><V67/><F108/><T77/><D131/><U43/><E132/><V36/><F106/><T93/><D105/><U133/><E133/><V135/><F135/><T55/><D100/><U86/><E43/><V128/><F128/><T89/><D42/><U50/><E53/><V123/><N who="2" m="31520" /><V91/><F40/><T109/><D109/><U90/><REACH who="1" step="1"/><E86/><REACH who="1" step="2"/><V96/><F41/><T88/><REACH who="0" step="1"/><D89/><REACH who="0" step="2"/><U68/><E68/><V76/><F32/><T47/><D47/><U103/><E103/><V130/><F33/><T79/><D79/><U110/><E110/><V111/><F111/><T92/><D92/><U75/><E75/><V51/><F130/><T0/><D0/><U78/><E78/><V102/><F91/><T120/><N who="0" m="30752" /><T48/><D48/><U2/><E2/><V81/><F51/><T3/><D3/><U98/><E98/><N who="2" m="37419" /><F107/><T73/><D73/><U95/><E95/><V57/><F102/><T39/><D39/><U85/><E85/><V65/><F101/><T35/><D35/><U129/><E129/><V115/><F115/><RYUUKYOKU ba="0,2" sc="552,0,34,0,444,0,0,0" hai0="46,49,55,62,63,72,77,82,84,88,93,124,126" hai1="50,52,56,61,64,70,80,87,90,117,118,125,127" hai2="36,37,38,57,58,65,67,74,76,81" /><INIT seed="2,1,2,5,2,34" ten="552,34,444,0" oya="2" hai0="55,87,36,49,39,88,33,105,67,71,69,108,97" hai1="43,70,42,52,56,32,103,83,48,45,98,116,65" hai2="86,1,47,81,2,104,84,131,38,89,53,80,68" hai3="" shuffle="mt19937ar,A8FDA9DF,2398AB8E,CE732D4B,96803EE0,33EE9E90,376FEA12,A5ABEE45,078EE4B9"/><V119/><F104/><T125/><D33/><U132/><E32/><V124/><F68/><T91/><D125/><U92/><E132/><V54/><F119/><T111/><D105/><U109/><E109/><N who="0" m="42057" /><D97/><U76/><E116/><V66/><F66/><T63/><D71/><U58/><E70/><V123/><N who="2" m="31520" /><V0/><F124/><T41/><D41/><U73/><E65/><V3/><N who="2" m="0" /><DORA hai="35" /><V59/><F131/><T96/><D96/><U118/><E118/><V37/><F47/><T120/><N who="0" m="30752" /><T117/><D117/><U82/><E82/><V90/><REACH who="2" step="1"/><F54/><REACH who="2" step="2"/><T40/><D40/><U61/><E43/><V121/><N who="2" m="31008" /><V94/><F94/><T102/><D102/><U44/><E42/><V107/><F107/><T101/><D101/><U128/><E128/><V74/><F74/><T79/><D36/><U95/><E95/><V122/><N who="2" m="31264" /><V75/><F75/><T85/><D39/><U72/><E72/><V114/><F114/><T112/><D112/><U46/><E46/><V100/><F100/><T130/><D130/><U133/><E44/><V78/><F78/><T64/><D64/><U106/><E106/><V129/><F129/><T135/><D79/><U60/><E76/><V113/><F113/><RYUUKYOKU ba="1,3" sc="552,-10,34,-10,434,20,0,0" hai2="37,38,53,59,80,81,84,86,89,90" /><INIT seed="2,2,3,5,0,61" ten="542,24,454,0" oya="2" hai0="82,75,126,116,38,105,2,97,51,103,42,87,73" hai1="3,1,90,49,37,65,98,81,74,125,95,54,96" hai2="64,35,70,121,108,135,132,43,41,118,112,34,130" hai3="" shuffle="mt19937ar,FFBD6F92,F873B57C,95F3F948,8827F8EB,A3106FD0,0288DE33,64D34D00,D8EC2417"/><V36/><RYUUKYOKU type="yao9" ba="2,3" sc="542,0,24,0,454,0,0,0" hai2="34,35,36,41,43,64,70,108,112,118,121,130,132,135" /><INIT seed="2,3,3,2,2,57" ten="542,24,454,0" oya="2" hai0="135,114,87,89,129,79,124,112,76,134,99,103,93" hai1="46,56,91,49,123,130,83,86,55,48,45,127,75" hai2="78,122,53,104,52,1,61,70,59,119,90,108,77" hai3="" shuffle="mt19937ar,348970CF,AA3220DB,0A9FEF41,4E62CCFA,C2115C64,4537AC34,48F39914,AC78C352"/><V43/><N who="2" m="31264" /><V85/><F1/><T100/><D129/><U73/><N who="1" m="31520" /><U51/><E130/><V92/><F104/><T35/><D35/><U33/><E33/><V42/><F119/><T32/><D32/><U102/><E127/><V50/><F108/><T96/><D124/><U39/><E102/><N who="0" m="38953" /><D99/><U84/><E39/><V80/><F70/><T60/><D60/><U115/><E115/><N who="0" m="44073" /><D96/><U44/><REACH who="1" step="1"/><E86/><REACH who="1" step="2"/><V58/><F78/><AGARI ba="3,4" hai="76,78,79,87,89,93,134,135" m="44073,38953" machi="78" ten="30,3900,0" yaku="11,1,34,2" doraHai="57" who="0" fromWho="2" sc="542,85,14,0,454,-45,0,0" /><INIT seed="4,0,0,1,0,104" ten="627,14,409,0" oya="0" hai0="78,92,107,126,62,52,66,108,58,75,113,86,2" hai1="121,90,112,115,118,53,105,102,42,54,84,123,59" hai2="65,37,87,45,57,71,68,41,94,83,33,103,124" hai3="" shuffle="mt19937ar,552EA91C,B3153136,CBF7CA74,90DBB2A9,8AA6BCDC,1C7D526A,985D9675,64E99224"/><T99/><D2/><U131/><N who="1" m="31008" /><U46/><N who="1" m="31520" /><U55/><E118/><V116/><F33/><T47/><D126/><U76/><E131/><V51/><F94/><T119/><D119/><U100/><E76/><V70/><F87/><T77/><D108/><U88/><E59/><V89/><F89/><N who="1" m="34409" /><E84/><V106/><F103/><N who="1" m="39465" /><E105/><V122/><N who="2" m="31264" /><V38/><F83/><T96/><D107/><U35/><E35/><V125/><F106/><T49/><D86/><U32/><E32/><V3/><F3/><T61/><D78/><U44/><E42/><V109/><F116/><T34/><D34/><U80/><E80/><V69/><F109/><T120/><N who="0" m="30752" /><T132/><D92/><U79/><E79/><V91/><F91/><T85/><D85/><U39/><E39/><V129/><F129/><T114/><D62/><U97/><E97/><V127/><N who="2" m="17408" /><DORA hai="67" /><V134/><REACH who="2" step="1"/><F134/><REACH who="2" step="2"/><T40/><D132/><U0/><E0/><V50/><F50/><T73/><D77/><U1/><E1/><V101/><F101/><T130/><D130/><U43/><E43/><V81/><F81/><T56/><D99/><U135/><E135/><V72/><F72/><T111/><D96/><U63/><E63/><AGARI ba="0,1" hai="37,38,41,45,51,57,63,65,124,125,127" m="17408,31264" machi="63" ten="80,16000,3" yaku="1,1,18,1,34,3,52,5,53,0" doraHai="104,67" doraHaiUra="110,98" who="2" fromWho="1" sc="627,0,14,-160,399,170,0,0" owari="627,58,-146,-75,569,17,0,0" /></mjloggm>