<mjloggm ver="2.3"><GO type="225"/><UN n0="%E6%9C%A7%E5%A4%8F%E6%9C%88" n1="%E3%83%9C%E3%83%84" n2="%E8%80%81%E9%A6%AC" n3="%E4%BA%8C%E4%B8%89%E8%B5%A4%E4%BA%94%EF%BC%94%EF%BC%96%EF%BC%98" dan="17,16,16,16" rate="2180,2042,2018,2077" sx="M,M,M,M"/><TAIKYOKU oya="0"/><INIT seed="0,0,0,0,2,60" ten="250,250,250,250" oya="0" hai0="124,120,1,49,91,56,92,52,54,118,131,73,85" hai1="41,126,86,119,59,90,55,28,57,10,33,81,117" hai2="98,79,9,20,61,75,93,133,29,88,36,63,110" hai3="14,96,18,40,115,95,78,99,71,47,122,84,43" shuffle="mt19937ar,D39AD8C5,6F002483,93BB15D0,3F70865E,038D154C,EB559628,6EDE214E,386E9700"/><T32/><D118/><U22/><E126/><V76/><F36/><W11/><G71/><T134/><D120/><U82/><E33/><V72/><F110/><W39/><G115/><T19/><D124/><U104/><E104/><V114/><F114/><W58/><G122/><T106/><D106/><U46/><E10/><V105/><F133/><W74/><G74/><T113/><D113/><U66/><E81/><V102/><F9/><W135/><G135/><T130/><D134/><U121/><E121/><V128/><F128/><N who="0" m="49194" /><D1/><U5/><E5/><V44/><F44/><W7/><G43/><T17/><D73/><U103/><E103/><V111/><F111/><W94/><G58/><N who="0" m="33039" /><D32/><U77/><E119/><V89/><F75/><W116/><G116/><T67/><D67/><U83/><E66/><V31/><F72/><W70/><G70/><T2/><D2/><U30/><E30/><V64/><F31/><W45/><G45/><T132/><D132/><U23/><E28/><V109/><F109/><W69/><G69/><T62/><AGARI ba="0,0" hai="17,19,54,56,62,85,91,92" m="33039,49194" machi="62" ten="30,3000,0" yaku="19,1,54,1" doraHai="60" who="0" fromWho="0" sc="250,30,250,-10,250,-10,250,-10" /><INIT seed="0,1,0,3,4,125" ten="280,240,240,240" oya="0" hai0="100,96,59,4,113,62,46,133,7,95,122,41,82" hai1="45,115,19,134,107,24,69,28,44,35,126,5,86" hai2="60,54,81,94,47,31,53,8,91,52,89,30,68" hai3="63,58,120,75,23,109,123,64,17,56,15,38,104" shuffle="mt19937ar,D6C65012,A34A2AD2,888C17B4,D36F68D2,6CBE21B3,EE4D13FB,32739533,CD51E371"/><T116/><D113/><U10/><E107/><V119/><F119/><W88/><G38/><T93/><D116/><U90/><E126/><V43/><F8/><W42/><G42/><T114/><D114/><U65/><E134/><V55/><F68/><W16/><G75/><T3/><D122/><N who="3" m="46633" /><G104/><T51/><D133/><U6/><E115/><V2/><F2/><W9/><G109/><T110/><D110/><U18/><E5/><V78/><F60/><W80/><G58/><T132/><D132/><U121/><E121/><V66/><F66/><W21/><G17/><T84/><D95/><U85/><E85/><AGARI ba="1,0" hai="9,15,16,21,23,56,63,64,80,85,88" m="46633" machi="85" ten="30,3900,0" yaku="13,1,54,2" doraHai="125" who="3" fromWho="1" sc="280,0,240,-42,240,0,240,42" /><INIT seed="1,0,0,0,5,117" ten="280,198,240,282" oya="1" hai0="93,121,21,105,113,32,9,106,95,7,40,47,48" hai1="110,111,131,78,91,102,38,123,28,36,8,11,125" hai2="118,87,66,3,41,134,96,126,31,29,89,30,86" hai3="80,70,99,53,72,63,133,19,20,116,79,67,71" shuffle="mt19937ar,FE014B1F,7B155181,F68DC167,8FFFDA28,551AA700,106E0D16,F49E5E7B,B9CA76F6"/><U22/><E131/><V62/><F118/><W10/><G116/><T1/><D32/><U97/><E125/><V119/><F119/><W14/><G133/><T73/><D113/><U26/><E91/><V56/><F3/><W104/><G53/><T132/><D73/><U2/><E78/><V51/><F134/><W55/><G55/><T83/><D132/><U65/><E65/><V6/><F6/><W58/><G104/><T112/><D112/><U25/><E123/><V39/><F39/><N who="1" m="14889" /><E26/><V24/><F126/><W35/><G35/><T114/><D83/><U42/><E42/><V120/><F120/><W130/><G130/><T103/><D114/><U108/><E2/><V127/><F127/><W45/><G45/><T12/><D121/><U122/><E122/><V18/><F96/><W15/><REACH who="3" step="1"/><G99/><REACH who="3" step="2"/><T128/><D128/><U0/><E0/><V17/><F41/><W77/><G77/><T124/><D124/><U57/><E57/><V115/><F115/><W61/><G61/><T129/><D129/><U59/><E59/><V43/><F43/><W82/><G82/><T44/><D44/><U135/><E135/><V27/><F62/><W85/><G85/><T54/><D40/><U33/><E33/><V34/><F87/><W92/><G92/><AGARI ba="0,1" hai="8,11,22,25,28,92,97,102,108,110,111" m="14889" machi="92" ten="40,3900,0" yaku="14,1,10,1" doraHai="117" who="1" fromWho="3" sc="280,0,198,49,240,0,272,-39" /><INIT seed="1,1,0,2,1,88" ten="280,247,240,233" oya="1" hai0="115,42,33,127,72,118,41,90,103,108,0,43,70" hai1="32,52,76,68,59,46,21,120,44,96,16,89,74" hai2="132,73,78,25,93,39,34,134,54,23,97,122,17" hai3="27,112,5,49,119,11,79,77,10,13,130,71,36" shuffle="mt19937ar,D2E6DF1C,DCF7D778,3C8C7411,996DB33A,FA556B3B,D2A7C966,AAB8D71D,815EE7F1"/><U6/><E120/><V4/><F39/><W65/><G36/><T7/><D33/><U53/><E68/><V75/><F122/><W12/><G112/><T121/><D70/><U8/><E32/><V91/><F34/><W35/><G119/><T51/><D72/><U86/><E96/><V85/><F4/><W82/><G130/><T40/><D115/><U135/><E76/><V101/><F54/><N who="1" m="21097" /><E74/><V125/><F125/><W129/><G129/><T131/><D40/><U128/><E59/><V107/><F75/><W20/><G35/><T55/><D42/><U19/><E135/><V14/><F25/><W83/><G71/><T110/><D43/><U126/><E126/><V123/><F123/><W38/><G38/><T47/><D41/><U22/><E128/><V95/><F95/><W113/><G113/><T102/><D131/><U1/><E1/><V106/><F106/><W64/><G5/><T66/><D127/><U81/><E6/><V94/><F94/><W69/><G69/><T45/><D0/><U29/><E8/><V58/><F58/><W109/><G109/><T80/><D108/><U105/><E29/><V56/><F56/><W48/><G20/><N who="1" m="7786" /><E105/><V61/><F61/><W114/><G114/><T30/><D110/><U31/><E31/><V24/><F24/><AGARI ba="1,0" hai="10,11,12,13,24,27,48,49,64,65,77,79,82,83" machi="24" ten="25,3200,0" yaku="22,2,8,1" doraHai="88" who="3" fromWho="2" sc="280,0,247,0,240,-35,233,35" /><INIT seed="2,0,0,4,3,73" ten="280,247,205,268" oya="2" hai0="60,120,30,53,64,86,122,41,74,21,75,12,102" hai1="40,91,68,8,38,2,65,56,55,109,95,63,37" hai2="15,92,135,32,127,19,108,134,101,52,131,62,133" hai3="28,22,128,35,93,6,31,33,57,4,84,123,42" shuffle="mt19937ar,1460F449,FD1CEE85,53221018,46CB2F3A,543C64B7,30AC3282,BCEC0E34,0DBB28B5"/><V47/><F32/><W59/><G42/><T111/><D41/><U36/><E109/><V14/><F108/><W96/><G123/><T119/><D53/><U76/><E2/><V121/><F121/><W10/><G128/><T54/><D54/><U100/><E8/><V78/><F131/><W83/><G35/><T130/><D111/><U89/><E40/><V71/><F127/><W9/><G33/><T117/><D102/><U114/><E114/><V112/><F112/><W79/><G10/><T1/><D1/><U118/><E118/><N who="0" m="45065" /><D130/><U16/><E16/><V69/><F78/><W88/><G6/><T126/><D126/><U46/><E76/><V13/><F19/><W17/><G9/><T124/><D124/><U104/><E46/><V29/><F29/><N who="3" m="11339" /><G4/><T99/><D75/><U72/><E72/><V129/><F129/><W43/><G43/><T20/><D74/><U45/><E45/><V7/><F7/><W34/><G34/><T94/><D30/><U105/><E105/><V87/><F101/><W85/><G85/><T80/><D21/><U82/><E104/><V90/><REACH who="2" step="1"/><F47/><REACH who="2" step="2"/><W61/><G61/><T50/><D60/><N who="1" m="35871" /><E100/><V0/><F0/><W44/><G44/><T48/><D122/><U27/><E36/><V25/><F25/><AGARI ba="0,1" hai="17,22,25,57,59,79,83,84,88,93,96" m="11339" machi="25" ten="30,3900,0" yaku="8,1,52,1,54,1" doraHai="73" who="3" fromWho="2" sc="280,0,247,0,195,-39,268,49" /><INIT seed="3,0,0,1,1,68" ten="280,247,156,317" oya="3" hai0="132,87,97,118,30,70,61,120,119,15,60,46,27" hai1="116,37,13,38,45,126,113,52,112,123,14,105,9" hai2="3,78,72,66,83,134,50,133,29,11,8,59,107" hai3="44,82,33,86,98,53,115,73,51,23,131,55,19" shuffle="mt19937ar,703965D4,247AD60C,84624981,2B472C27,004802C3,3D5A8937,C4C65C3E,89B8FB28"/><W28/><G115/><T90/><D120/><U20/><E123/><V48/><F107/><W35/><G73/><T26/><D132/><U114/><E105/><V84/><F50/><W95/><G131/><T94/><D27/><U49/><E126/><V127/><F127/><W10/><G10/><T101/><D15/><U1/><E116/><V2/><F2/><W0/><G0/><T110/><D110/><U106/><E106/><V129/><F129/><W62/><G28/><T125/><D125/><U43/><E20/><V42/><F29/><W57/><G86/><T89/><D89/><U103/><E103/><V16/><F72/><W96/><G82/><T76/><D76/><U69/><E69/><V130/><F130/><W117/><G98/><T135/><D135/><U92/><E92/><V85/><F85/><W40/><G117/><T22/><D46/><U12/><REACH who="1" step="1"/><E43/><REACH who="1" step="2"/><V63/><F3/><W4/><G40/><T71/><D71/><U47/><E47/><V121/><F121/><W56/><G44/><T100/><D100/><U88/><E88/><V39/><F133/><W24/><G95/><T108/><D108/><U111/><E111/><V67/><F134/><W104/><G104/><T34/><D22/><U25/><E25/><V58/><F16/><W80/><G19/><T79/><D119/><U77/><E77/><V124/><F124/><W102/><G24/><T91/><D118/><U99/><E99/><V128/><F128/><W7/><G96/><T41/><D79/><U18/><E18/><V32/><F78/><W74/><G23/><T5/><D97/><RYUUKYOKU ba="0,1" sc="280,-10,237,30,156,-10,317,-10" hai1="1,9,12,13,14,37,38,45,49,52,112,113,114" owari="270,2,267,-8,146,-25,317,31" /></mjloggm>