<mjloggm ver="2.3"><GO type="225"/><UN n0="%E4%BA%8C%E4%B8%89%E8%B5%A4%E4%BA%94%EF%BC%94%EF%BC%96%EF%BC%98" n1="%E3%81%99%E3%81%9A%E3%81%BD%E3%82%93" n2="%E3%83%80%E3%83%A0%E3%83%9E%E3%83%8B%E3%82%A2" n3="%E7%AE%A1%E5%AF%9D" dan="16,16,16,16" rate="2075,2134,2136,2059" sx="M,M,M,M"/><TAIKYOKU oya="0"/><INIT seed="0,0,0,2,1,88" ten="250,250,250,250" oya="0" hai0="1,29,124,55,130,49,81,13,134,61,23,8,99" hai1="50,106,84,70,77,83,25,92,3,11,68,59,100" hai2="34,63,96,6,47,78,133,131,28,128,75,103,104" hai3="48,85,40,10,26,42,135,97,95,24,66,51,107" shuffle="mt19937ar,D1B33914,F4464142,44FA48A9,0F6F6ABE,ACDE4C79,9FE8C6CD,16C18327,3AE94B8F"/><T91/><D134/><U9/><E106/><V74/><F6/><W30/><G107/><T118/><D118/><U15/><E3/><V127/><F47/><W67/><G85/><T110/><D1/><U16/><E11/><V21/><F21/><W18/><G135/><T98/><D130/><N who="2" m="49706" /><F133/><W119/><G119/><T113/><D113/><U71/><E25/><N who="3" m="9834" /><G30/><T7/><D29/><U53/><E100/><V101/><F28/><W62/><G48/><T79/><D124/><U12/><E12/><V120/><F34/><W22/><G10/><T121/><D121/><U20/><E9/><V114/><F63/><W89/><G51/><T87/><D110/><U46/><REACH who="1" step="1"/><E92/><REACH who="1" step="2"/><N who="2" m="58503" /><F120/><W5/><G5/><T90/><D23/><U73/><E73/><V115/><F127/><W122/><G122/><T36/><D7/><U57/><AGARI ba="0,1" hai="15,16,20,46,50,53,57,59,68,70,71,77,83,84" machi="57" ten="40,5200,0" yaku="1,1,0,1,54,1,53,0" doraHai="88" doraHaiUra="33" who="1" fromWho="1" sc="250,-26,240,62,250,-13,250,-13" /><INIT seed="1,0,0,1,1,4" ten="224,302,237,237" oya="1" hai0="133,122,6,108,66,74,130,107,73,94,134,7,1" hai1="39,101,98,69,32,87,42,91,75,105,37,45,3" hai2="43,116,11,0,82,24,103,125,97,95,84,118,31" hai3="72,10,117,88,127,120,65,109,52,21,12,30,38" shuffle="mt19937ar,8D5D4D04,C70EF94E,17B308D8,EC33922E,6C062785,79337C18,879FCAB6,170C9D32"/><U14/><E3/><V63/><F125/><W124/><G120/><T123/><D107/><U33/><E69/><V132/><F132/><N who="0" m="50794" /><D108/><U128/><E39/><V54/><F43/><W71/><G72/><N who="0" m="27755" /><D130/><U64/><E64/><V51/><F63/><N who="3" m="40383" /><G38/><T131/><D131/><U76/><E128/><V110/><F110/><W40/><G109/><T25/><D66/><U83/><REACH who="1" step="1"/><E14/><REACH who="1" step="2"/><V68/><F68/><W16/><G117/><T96/><D1/><U15/><E15/><V29/><F0/><W36/><G36/><T47/><D123/><U46/><E46/><V78/><F118/><W79/><G124/><T18/><D47/><U61/><E61/><V53/><F116/><W81/><G127/><T115/><D122/><U19/><E19/><V119/><F119/><W85/><G30/><T100/><D115/><U67/><E67/><V114/><F31/><W58/><G12/><T27/><D18/><U80/><AGARI ba="0,1" hai="32,33,37,42,45,75,76,80,83,87,91,98,101,105" machi="80" ten="20,12000,1" yaku="1,1,0,1,7,1,53,2" doraHai="4" doraHaiUra="28" who="1" fromWho="1" sc="224,-40,292,130,237,-40,237,-40" /><INIT seed="1,1,0,0,1,124" ten="184,422,197,197" oya="1" hai0="77,101,46,50,51,86,89,76,118,24,49,34,7" hai1="62,95,78,25,61,126,66,88,125,65,31,75,90" hai2="108,127,5,103,28,53,122,19,42,134,96,70,128" hai3="74,115,23,94,119,105,114,117,35,93,13,17,54" shuffle="mt19937ar,2E3FDC3D,2312061B,30E78F59,EF8CC58B,E99A6DBE,AAAB4AE0,CDF0C93E,6E3238D6"/><U3/><E3/><V63/><F5/><W32/><G105/><T21/><D118/><N who="3" m="45065" /><G74/><T112/><D112/><N who="3" m="43049" /><G54/><T121/><D121/><U84/><E78/><N who="0" m="30313" /><D34/><AGARI ba="1,0" hai="13,17,23,32,34,35,93,94" m="43049,45065" machi="34" ten="40,1300,0" yaku="12,1" doraHai="124" who="3" fromWho="0" sc="184,-16,422,0,197,0,197,16" /><INIT seed="2,0,0,5,2,71" ten="168,422,197,213" oya="2" hai0="103,27,62,70,128,55,7,130,92,16,65,108,1" hai1="79,30,59,46,125,54,69,90,8,33,105,52,24" hai2="126,110,117,107,87,120,45,44,36,67,106,53,74" hai3="101,35,15,131,10,78,39,84,91,66,83,127,135" shuffle="mt19937ar,58F01F52,F6B43B99,1F959FD8,F7434F00,8D3523E3,D819B9BA,E2F4F8AD,5E370B17"/><V99/><F74/><W25/><G39/><T73/><D73/><U38/><E69/><V9/><F120/><W112/><G135/><T96/><D108/><U102/><E125/><V6/><F117/><W88/><G131/><T42/><D42/><U95/><E79/><V47/><F110/><W18/><G101/><T51/><D7/><U20/><E102/><V43/><F126/><W115/><G127/><T119/><D1/><U34/><E105/><V63/><F87/><W72/><G66/><T22/><REACH who="0" step="1"/><D119/><REACH who="0" step="2"/><U80/><E34/><V11/><F6/><W57/><G72/><T129/><D129/><U134/><E33/><V48/><F45/><AGARI ba="0,1" hai="16,22,27,45,51,55,62,65,70,92,96,103,128,130" machi="45" ten="40,2600,0" yaku="1,1,54,1,53,0" doraHai="71" doraHaiUra="29" who="0" fromWho="2" sc="158,36,422,0,197,-26,213,0" /><INIT seed="3,0,0,3,1,93" ten="194,422,171,213" oya="3" hai0="105,10,114,121,17,70,77,14,54,65,117,25,125" hai1="111,1,109,36,60,89,80,102,73,85,56,92,44" hai2="15,38,13,2,110,135,118,21,116,23,95,64,27" hai3="71,19,20,129,11,49,104,63,106,53,94,97,6" shuffle="mt19937ar,5E957A04,8D08EC6A,97714CDC,13A6EBE5,1183329D,E43DA741,A5844E5B,1789541B"/><W8/><G129/><T37/><D117/><N who="2" m="45162" /><F38/><W98/><G98/><T59/><D105/><U31/><E1/><V33/><F95/><W82/><G82/><T112/><D37/><U130/><E31/><N who="2" m="19711" /><F64/><W83/><G83/><T122/><D77/><U123/><E130/><V50/><F50/><W55/><G104/><T76/><D76/><U113/><E113/><N who="0" m="43625" /><D125/><U131/><E123/><N who="0" m="47113" /><D25/><U68/><E68/><V119/><N who="2" m="45170" /><V84/><DORA hai="96" /><F84/><W91/><G71/><T103/><D70/><U24/><E24/><V48/><F48/><W124/><G124/><T78/><D78/><N who="1" m="44111" /><E102/><V108/><F135/><W133/><G133/><T51/><D65/><U32/><E32/><V134/><F134/><W75/><G106/><T0/><D0/><U128/><E44/><V41/><F41/><W57/><G75/><T29/><D29/><U28/><E36/><V16/><F2/><W46/><REACH who="3" step="1"/><G6/><REACH who="3" step="2"/><T69/><D69/><U43/><E128/><V40/><F40/><W35/><G35/><T87/><D87/><U18/><E131/><V66/><F66/><W101/><G101/><AGARI ba="0,1" hai="10,14,17,51,54,59,101,103" m="47113,43625" machi="101" ten="30,3900,0" yaku="11,1,52,2" doraHai="93,96" who="0" fromWho="3" sc="194,49,422,0,171,0,203,-39" owari="243,-1,422,43,171,-18,164,-24" /></mjloggm>