<mjloggm ver="2.3"><GO type="185"/><UN n0="%E4%B8%89%E7%94%B0%E6%9D%91%E8%8C%9C" n1="%EF%BC%BC%28%EF%BC%BE%6F%EF%BC%BE%29%EF%BC%8F%E2%98%85" n2="%E3%80%93%E3%81%84%E3%81%A1%E3%81%AF%E3%82%89%E3%80%93" n3="" dan="17,17,18,0" rate="2189,2169,2251,1500" sx="F,M,M,C"/><TAIKYOKU oya="0"/><INIT seed="0,0,0,3,3,121" ten="350,350,350,0" oya="0" hai0="98,111,119,70,90,74,133,44,41,103,129,42,0" hai1="34,128,100,112,92,56,95,63,75,126,68,80,122" hai2="33,118,72,109,76,131,35,54,40,47,32,85,36" hai3="" shuffle="mt19937ar,8F84D927,D4E326A4,A20A9353,A0145056,03A94148,24802D91,A206BDC2,4FCE86E6"/><T94/><D119/><U134/><N who="1" m="31264" /><U93/><E34/><V39/><F118/><T120/><N who="0" m="30752" /><T67/><D0/><U87/><E75/><V86/><F131/><T91/><D74/><U52/><E128/><V107/><F107/><T96/><D129/><U123/><N who="1" m="31520" /><U77/><E112/><V115/><F115/><T38/><D133/><U84/><E134/><V117/><F117/><T58/><D42/><U53/><E126/><V49/><F39/><T83/><D70/><U65/><E100/><V116/><F116/><T106/><D111/><U127/><E127/><V108/><F72/><T43/><D43/><U105/><E105/><V114/><F114/><T82/><REACH who="0" step="1"/><D91/><REACH who="0" step="2"/><U50/><REACH who="1" step="1"/><E53/><REACH who="1" step="2"/><V48/><F35/><T55/><D55/><U89/><AGARI ba="0,2" hai="50,52,56,63,65,68,77,80,84,87,89,92,93,95" m="31520,31264" machi="89" ten="30,9000,2" yaku="1,1,2,1,0,1,52,2,54,1,53,0" doraHai="121" doraHaiUra="113" who="1" fromWho="1" sc="340,-60,340,110,350,-30,0,0" /><INIT seed="1,0,0,2,3,98" ten="280,450,320,0" oya="1" hai0="60,107,119,108,57,65,129,62,49,39,40,72,112" hai1="33,50,66,80,86,89,94,67,3,122,75,99,115" hai2="56,101,100,84,103,104,41,126,53,63,70,82,114" hai3="" shuffle="mt19937ar,8F89929E,D13FDED3,42A6A405,A6C1872E,A55E3D0F,4066254C,FB78A9BA,84D56B93"/><U43/><N who="1" m="31264" /><U58/><E33/><V78/><F114/><T93/><D72/><U102/><E115/><V110/><F110/><T118/><D107/><U76/><E3/><V134/><F134/><T96/><D112/><U51/><E43/><V130/><F130/><T116/><D129/><U106/><E51/><V77/><F126/><T64/><D108/><U36/><E36/><V120/><N who="2" m="30752" /><V97/><F70/><T45/><D39/><U85/><E86/><V111/><F111/><T88/><REACH who="0" step="1"/><D62/><REACH who="0" step="2"/><U124/><E124/><V68/><F68/><T52/><AGARI ba="0,1" hai="40,45,49,52,57,60,64,65,88,93,96,116,118,119" machi="52" ten="30,9000,2" yaku="1,1,2,1,0,1,12,1,54,2,53,0" doraHai="98" doraHaiUra="81" who="0" fromWho="0" sc="270,100,450,-60,320,-30,0,0" /><INIT seed="2,0,0,5,2,58" ten="370,390,290,0" oya="2" hai0="126,125,99,104,100,37,96,114,51,1,38,34,82" hai1="94,40,90,107,81,60,129,36,74,76,116,57,132" hai2="33,97,56,128,110,79,62,50,92,49,86,101,44" hai3="" shuffle="mt19937ar,1E2C5C45,37DD3415,F010FA49,3327FBB8,F1236581,4CC7D3B7,AE9751FE,32E9D904"/><V91/><F33/><T35/><D1/><U118/><E107/><V55/><F128/><T77/><D114/><U111/><E129/><V69/><F110/><T48/><D104/><U52/><E111/><V124/><F124/><T95/><D95/><U120/><N who="1" m="30752" /><U123/><N who="1" m="31520" /><U122/><N who="1" m="31264" /><U53/><E132/><V121/><N who="2" m="31008" /><V54/><F69/><T61/><D82/><U59/><E40/><V63/><REACH who="2" step="1"/><F79/><REACH who="2" step="2"/><T106/><D77/><U119/><E119/><V108/><F108/><T80/><D126/><U45/><E116/><V72/><F72/><T39/><D125/><U83/><E118/><V98/><F98/><T134/><D96/><U67/><E76/><V89/><F89/><T0/><D34/><U41/><E74/><V127/><F127/><T73/><D35/><U131/><E131/><V130/><F130/><T71/><D73/><U84/><REACH who="1" step="1"/><E67/><REACH who="1" step="2"/><V88/><F88/><T105/><D100/><U3/><E3/><V42/><F42/><T43/><D43/><U32/><E32/><V2/><F2/><T112/><D0/><U102/><E102/><V70/><F70/><T65/><D71/><U75/><E75/><V78/><F78/><T87/><D65/><U85/><E85/><RYUUKYOKU ba="0,2" sc="370,-20,380,10,280,10,0,0" hai1="36,41,45,52,53,57,59,60,81,83,84,90,94" hai2="44,49,50,54,55,56,62,63,86,91,92,97,101" /><INIT seed="2,1,2,4,3,99" ten="350,390,290,0" oya="2" hai0="56,35,45,37,119,80,2,63,105,100,118,72,134" hai1="74,122,49,123,94,103,40,101,111,36,108,64,53" hai2="1,78,121,79,84,92,0,83,3,42,98,55,43" hai3="" shuffle="mt19937ar,CABAA30F,3ED2EA3B,02FEC5C6,CFD053A0,F96D588E,01F0D4A7,C3EB6007,32DCEBC3"/><V46/><N who="2" m="31008" /><V88/><F55/><T65/><D134/><U131/><N who="1" m="31264" /><U59/><N who="1" m="31520" /><U48/><E74/><V117/><F117/><T41/><D2/><U58/><E131/><V66/><F66/><T114/><D35/><U112/><E112/><V91/><REACH who="2" step="1"/><F43/><REACH who="2" step="2"/><T44/><D114/><U115/><E115/><V113/><F113/><T61/><D118/><U81/><E64/><V129/><F129/><T86/><D41/><U67/><E67/><V68/><F68/><T107/><D65/><U34/><E34/><V57/><F57/><T125/><D56/><U96/><E40/><V32/><F32/><T62/><D119/><U106/><E58/><V73/><F73/><T69/><D72/><U97/><E59/><V87/><F87/><T54/><D86/><U93/><E53/><V133/><F133/><T126/><D54/><U85/><E85/><V135/><F135/><T102/><D69/><U39/><E106/><V128/><F128/><T110/><D107/><U60/><E60/><V71/><F71/><T50/><D105/><U38/><E38/><AGARI ba="1,3" hai="0,1,3,38,42,46,78,79,83,84,88,91,92,98" m="31008" machi="38" ten="40,7700,0" yaku="1,1,52,1,54,1,53,0" doraHai="99" doraHaiUra="51" who="2" fromWho="1" sc="350,0,390,-79,280,109,0,0" /><INIT seed="2,2,0,3,0,36" ten="350,311,389,0" oya="2" hai0="127,62,39,65,32,91,79,105,61,95,115,112,55" hai1="135,125,75,54,63,50,81,129,90,85,102,100,2" hai2="131,106,77,44,45,101,134,0,110,128,43,98,70" hai3="" shuffle="mt19937ar,5586C689,55431BE4,6B0D8A79,DF89CB70,4A7F0767,FFB54FB1,CE731F81,E31219E1"/><V68/><F0/><T80/><D105/><U89/><E2/><V126/><F126/><T35/><D32/><U82/><E125/><V66/><F134/><T123/><N who="0" m="31520" /><T60/><D127/><U121/><N who="1" m="31008" /><U99/><E135/><V51/><F110/><T38/><D35/><U113/><E113/><N who="0" m="43593" /><D55/><U48/><E129/><N who="2" m="49739" /><F77/><T37/><D65/><U107/><E100/><V41/><F66/><T108/><D108/><U130/><E130/><V109/><F109/><T52/><D80/><U132/><E132/><V97/><F97/><T69/><D79/><U93/><E75/><V111/><F111/><T34/><D34/><U86/><E107/><V46/><F46/><T84/><D69/><U58/><AGARI ba="2,0" hai="48,50,54,58,63,81,82,85,86,89,90,93,99,102" m="31008" machi="58" ten="30,5900,0" yaku="0,1,9,1,8,1,52,1" doraHai="36" who="1" fromWho="1" sc="350,-22,311,63,389,-41,0,0" /><INIT seed="4,0,0,4,0,56" ten="328,374,348,0" oya="0" hai0="71,92,117,100,47,97,59,109,103,115,46,113,60" hai1="120,80,79,63,1,33,105,35,43,119,85,91,57" hai2="44,70,102,34,98,61,135,87,67,90,96,116,48" hai3="" shuffle="mt19937ar,53F09485,B197DE9F,DE33179E,7C362F07,B05568AF,A26870A9,C436DCB3,EDC00B44"/><T101/><D117/><U53/><N who="1" m="30752" /><U75/><E119/><V118/><F34/><T0/><D71/><U95/><E1/><V52/><F135/><T50/><D0/><U121/><N who="1" m="31008" /><U130/><E130/><V89/><F98/><T82/><D82/><U111/><E111/><V88/><REACH who="2" step="1"/><F87/><REACH who="2" step="2"/><T129/><D109/><U38/><E105/><AGARI ba="0,1" hai="44,48,52,61,67,70,88,89,90,96,102,105,116,118" machi="105" ten="40,12000,2" yaku="1,1,2,1,52,1,54,2,53,1" doraHai="56" doraHaiUra="64" who="2" fromWho="1" sc="328,0,374,-120,338,130,0,0" /><INIT seed="5,0,0,0,5,3" ten="328,254,468,0" oya="1" hai0="47,95,123,33,112,120,72,110,50,84,90,49,51" hai1="109,102,41,55,122,1,77,86,79,59,65,134,35" hai2="114,0,132,106,116,85,119,46,73,88,94,82,100" hai3="" shuffle="mt19937ar,7F1116E9,78F22FAC,D7D4C7B7,816DFE96,058A5DEF,A783554C,0A1FA700,CE231E26"/><U104/><N who="1" m="31264" /><U93/><E1/><V43/><F0/><T127/><N who="0" m="30752" /><T133/><N who="0" m="31520" /><T40/><D33/><U98/><E35/><V54/><F132/><T96/><D133/><U57/><E134/><V113/><F54/><T67/><D110/><U87/><E109/><V81/><F106/><T53/><D112/><N who="2" m="43114" /><F100/><T121/><N who="0" m="31008" /><T75/><D127/><U131/><E131/><V74/><F82/><T108/><D108/><U60/><E41/><V42/><F42/><T83/><D67/><U58/><E104/><V111/><F111/><T69/><D69/><U34/><E34/><V52/><F52/><T115/><D115/><U97/><E97/><V99/><F99/><T48/><REACH who="0" step="1"/><D53/><REACH who="0" step="2"/><U64/><E64/><V89/><F119/><T56/><D56/><N who="1" m="21611" /><E55/><V2/><F116/><T38/><D38/><U107/><E107/><V71/><F2/><T76/><AGARI ba="0,1" hai="40,47,48,49,50,51,72,75,76,83,84,90,95,96" m="31008,31520,30752" machi="76" ten="30,6000,1" yaku="1,1,0,1,52,3,53,0" doraHai="3" doraHaiUra="103" who="0" fromWho="0" sc="318,70,254,-40,468,-20,0,0" /><INIT seed="6,0,0,2,0,84" ten="388,214,448,0" oya="2" hai0="51,65,40,54,96,81,112,99,2,48,103,119,68" hai1="133,60,97,72,94,63,38,109,110,82,66,50,114" hai2="36,77,0,120,76,106,3,43,32,118,75,41,80" hai3="" shuffle="mt19937ar,842CDC6F,F6E00CE0,AE3E04E3,67D23E73,A1C4361C,645033DA,BA3873B2,4DA4C70F"/><V116/><N who="2" m="30752" /><V61/><F32/><T101/><D119/><U122/><N who="1" m="31264" /><U33/><E38/><V78/><F106/><T111/><D111/><U127/><E33/><V93/><F75/><T131/><D112/><U135/><E114/><V47/><F43/><T117/><D131/><U46/><E127/><V95/><F80/><T52/><D40/><U79/><E110/><V123/><N who="2" m="31520" /><V86/><F61/><T56/><D81/><U62/><E109/><V49/><F36/><T37/><D37/><U67/><E50/><V105/><F105/><T121/><N who="0" m="31008" /><T71/><D117/><U44/><E46/><V98/><F3/><T107/><D65/><U128/><E44/><V73/><F73/><T64/><D64/><U100/><REACH who="1" step="1"/><E128/><REACH who="1" step="2"/><V35/><F35/><T113/><D113/><U59/><E59/><V83/><F118/><T69/><D56/><U125/><E125/><V89/><F116/><T70/><D68/><U39/><E39/><V102/><F0/><T45/><D69/><U57/><E57/><V53/><F41/><T108/><D2/><U129/><E129/><V124/><F124/><T126/><D108/><U115/><E115/><V55/><F47/><T87/><D126/><U90/><E90/><RYUUKYOKU ba="0,1" sc="388,-10,204,20,448,-10,0,0" hai1="60,62,63,66,67,72,79,82,94,97,100,133,135" owari="378,-2,224,-38,448,40,0,0" /></mjloggm>