<mjloggm ver="2.3"><GO type="225"/><UN n0="%EF%BC%A6%EF%BC%B8%E9%9B%80%E5%A3%AB" n1="%E3%82%88%E3%81%A3%E3%81%A1" n2="%E3%83%81%E3%83%A3%E3%82%AA%E3%83%AA" n3="%E3%82%B9%E3%83%91%E3%83%BC%E3%82%AF%E3%82%B9" dan="16,16,17,16" rate="2051,2069,2155,2086" sx="M,M,M,F"/><TAIKYOKU oya="0"/><INIT seed="0,0,0,5,4,52" ten="250,250,250,250" oya="0" hai0="91,35,22,5,40,110,101,72,41,125,62,123,15" hai1="1,57,4,88,33,132,12,16,56,26,99,47,6" hai2="85,74,20,71,59,109,118,70,105,29,121,2,58" hai3="124,34,92,48,84,14,115,19,97,54,95,23,130" shuffle="mt19937ar,CF27CE1C,5BEBB6D4,4129A412,D8393835,C3A27B5D,00715702,1FE5827F,C29C41E3"/><T60/><D35/><U69/><E69/><V45/><F2/><W39/><G39/><T67/><D123/><U128/><E128/><V42/><F74/><W129/><G115/><T116/><D116/><U103/><E103/><V27/><F105/><W117/><G34/><T100/><D72/><U82/><E132/><V66/><F121/><W87/><G117/><T96/><D125/><U122/><E122/><V9/><F9/><W112/><G112/><T30/><D62/><U86/><E99/><V111/><F118/><W127/><G87/><T79/><D79/><U17/><E1/><V135/><F135/><W7/><G7/><N who="1" m="2602" /><E33/><V107/><F85/><W10/><G10/><T37/><D37/><U75/><E75/><V68/><F107/><W18/><G18/><N who="1" m="7274" /><E12/><V46/><F46/><W98/><G98/><T80/><D15/><U28/><E47/><V11/><F11/><W64/><G97/><T24/><D5/><U36/><E36/><V50/><REACH who="2" step="1"/><F66/><REACH who="2" step="2"/><W0/><G64/><T61/><D67/><U8/><E8/><V21/><F21/><W32/><G0/><T108/><D96/><U13/><E13/><V77/><F77/><W49/><G32/><T63/><D100/><U3/><E3/><V114/><F114/><W90/><G124/><T106/><D101/><U104/><E104/><V83/><F83/><W25/><G127/><T94/><D106/><U51/><E26/><V93/><F93/><N who="3" m="54471" /><G25/><T134/><D134/><U38/><E38/><V76/><F76/><W102/><G95/><T73/><D73/><U55/><E28/><V126/><F126/><RYUUKYOKU ba="0,1" sc="250,-15,250,15,240,15,250,-15" hai1="51,55,56,57,82,86,88" hai2="20,27,29,42,45,50,58,59,68,70,71,109,111" /><INIT seed="1,1,1,4,2,68" ten="235,265,255,235" oya="1" hai0="15,123,128,102,45,96,37,7,74,24,81,20,133" hai1="113,109,13,0,117,72,23,12,30,2,100,54,44" hai2="10,82,51,49,130,58,56,46,111,25,115,131,43" hai3="11,116,40,80,104,99,5,14,26,63,17,125,9" shuffle="mt19937ar,0BDCEBC8,0BB08C90,51E497D3,90AAA3D6,F0CE2585,5CDFC800,48440B95,B2C50E29"/><U119/><E72/><V28/><F111/><W121/><G121/><T98/><D123/><U126/><E100/><V57/><F115/><W1/><G116/><T55/><D133/><U135/><E54/><V132/><F82/><W59/><G125/><T78/><D128/><N who="2" m="49194" /><F10/><W48/><G80/><T90/><D90/><U70/><E70/><V122/><F122/><W112/><G112/><T19/><D55/><U107/><E107/><V95/><F95/><W73/><G73/><T41/><D7/><U47/><E113/><V61/><F61/><W108/><G108/><T62/><D62/><U93/><E93/><V97/><F97/><W18/><G104/><T33/><D33/><U94/><E94/><V75/><F75/><W83/><G99/><T64/><D64/><U21/><E109/><V67/><F67/><W36/><G83/><T127/><D127/><U79/><E126/><V35/><F132/><W118/><G118/><T53/><D53/><AGARI ba="1,1" hai="25,28,35,43,46,49,51,53,56,57,58" m="49194" machi="53" ten="30,1000,0" yaku="19,1" doraHai="68" who="2" fromWho="0" sc="235,-13,265,0,255,23,235,0" /><INIT seed="2,0,0,5,2,95" ten="222,265,278,235" oya="2" hai0="22,48,82,63,114,86,47,113,77,33,35,101,103" hai1="37,105,109,7,106,119,128,28,124,23,55,111,1" hai2="15,10,20,46,38,19,130,49,41,83,108,73,92" hai3="115,96,118,126,68,11,17,97,125,26,45,121,42" shuffle="mt19937ar,F2369C6A,6035324D,0A970615,F2B88CB9,E7137E94,C12BD707,51FF964D,8114D065"/><V99/><F130/><W58/><G68/><T69/><D22/><U133/><E37/><V61/><F108/><N who="1" m="41545" /><E119/><V31/><F61/><W98/><G118/><T71/><D71/><U27/><E128/><V117/><F117/><W12/><G121/><T66/><D101/><U60/><E124/><N who="3" m="47722" /><G115/><T89/><D103/><U25/><E133/><V132/><F132/><W81/><G81/><T93/><D113/><U70/><E27/><V74/><F83/><W72/><G72/><T110/><D114/><U94/><E94/><V56/><F38/><N who="3" m="21719" /><G58/><T30/><D30/><U40/><E40/><V2/><F56/><W43/><G43/><T52/><REACH who="0" step="1"/><D110/><REACH who="0" step="2"/><U32/><E23/><V67/><F31/><W54/><G26/><T84/><AGARI ba="0,1" hai="33,35,47,48,52,63,66,69,77,82,84,86,89,93" machi="84" ten="20,8000,1" yaku="1,1,2,1,0,1,7,1,54,1,53,0" doraHai="95" doraHaiUra="0" who="0" fromWho="0" sc="212,90,265,-20,278,-40,235,-20" /><INIT seed="3,0,0,0,0,18" ten="302,245,238,215" oya="3" hai0="32,54,5,10,117,121,57,79,24,132,135,82,1" hai1="36,90,126,65,81,125,91,128,130,110,44,53,86" hai2="114,71,41,108,19,104,0,72,23,122,64,93,43" hai3="98,76,85,67,21,101,11,14,112,118,39,92,70" shuffle="mt19937ar,0BD590EC,ABD8737F,94B45EFD,03FA841B,80AEE9E9,323265B2,59A2D41B,5C7FFB3A"/><W31/><G118/><T62/><D121/><U22/><E65/><V48/><F104/><W87/><G112/><T66/><D117/><U69/><E69/><V89/><F0/><W133/><G39/><T109/><D109/><U120/><E120/><V77/><F114/><W97/><G133/><N who="0" m="51275" /><D24/><U38/><E110/><V68/><F122/><W17/><G97/><T100/><D100/><U119/><E119/><V20/><F108/><W107/><G107/><T30/><D30/><U55/><E44/><V35/><F35/><W106/><G106/><T95/><D95/><U75/><E75/><V123/><F123/><W58/><G70/><T45/><D32/><U29/><E29/><V16/><F72/><W2/><G2/><T34/><D34/><U83/><E86/><N who="2" m="52407" /><F71/><W52/><G67/><T6/><D6/><U88/><E90/><V84/><F68/><W103/><G103/><T131/><D131/><U4/><E4/><V94/><F64/><W12/><G76/><T113/><D113/><U74/><E74/><V37/><F37/><W78/><G78/><T8/><D8/><U49/><E49/><V26/><F48/><N who="3" m="30983" /><G31/><T80/><D79/><U63/><E63/><V105/><F105/><W40/><G40/><T28/><D28/><U129/><E129/><V33/><F33/><W25/><G25/><T7/><D7/><AGARI ba="0,0" hai="7,11,12,14,17,21,85,87,92,98,101" m="30983" machi="7" ten="30,5800,0" yaku="8,1,52,1,54,1" doraHai="18" who="3" fromWho="0" sc="302,-58,245,0,238,0,215,58" /><INIT seed="3,1,0,2,5,38" ten="244,245,238,273" oya="3" hai0="104,118,15,115,6,125,31,48,69,121,124,82,103" hai1="112,39,127,133,37,66,70,24,93,84,49,62,99" hai2="26,132,87,23,113,45,55,91,85,42,97,64,9" hai3="0,60,20,110,111,134,101,19,114,52,53,122,2" shuffle="mt19937ar,3F5509C2,E5E19F93,EE0511BE,D8970A4E,74AE5B56,6006B77C,DB04FAD9,FE17978B"/><W4/><G122/><T102/><D121/><U14/><E112/><V108/><F113/><W71/><G114/><T78/><D115/><U75/><E75/><V54/><F108/><N who="3" m="41515" /><G134/><T58/><D69/><U83/><E133/><V12/><F64/><N who="3" m="41351" /><G101/><T21/><D118/><U16/><E24/><V29/><F132/><W17/><G17/><T89/><D104/><U131/><E49/><V90/><F97/><W47/><G47/><T65/><D102/><U79/><E131/><V76/><F76/><W100/><G100/><T32/><D103/><U117/><E117/><V109/><F109/><W43/><G43/><T129/><D78/><U95/><E99/><V28/><F28/><W120/><G120/><T8/><D129/><U107/><E107/><V67/><F67/><W5/><G5/><T3/><D65/><U18/><E18/><N who="2" m="8463" /><F91/><W98/><G98/><T41/><D41/><U34/><E37/><V81/><F87/><W44/><G44/><T96/><D96/><U1/><E39/><V30/><F30/><W94/><G94/><T13/><D31/><U128/><E93/><V123/><F123/><W33/><G33/><T22/><D32/><U88/><E95/><V77/><F77/><W57/><G4/><T135/><D135/><U63/><E34/><V68/><F68/><W46/><G46/><T61/><D124/><U119/><E127/><V36/><F36/><W80/><G80/><T59/><D125/><U51/><E128/><V73/><F73/><W106/><G106/><T92/><D6/><U7/><E7/><V126/><F126/><W40/><G19/><RYUUKYOKU ba="1,0" sc="244,-10,245,-10,238,30,273,-10" hai2="23,26,29,42,45,54,55,81,85,90" /><INIT seed="4,2,0,4,2,22" ten="234,235,268,263" oya="0" hai0="81,45,88,14,127,51,90,97,112,91,62,54,67" hai1="65,44,120,52,107,38,69,129,23,118,42,101,105" hai2="55,6,7,92,8,108,36,122,1,34,43,111,126" hai3="104,116,102,48,0,84,27,58,70,60,47,99,110" shuffle="mt19937ar,BF868B92,223B6871,F5AA4C31,6D19AEB7,1E103B7F,D2AFF2C8,B0D55C8D,4E9AFABF"/><T93/><D127/><U100/><E120/><V13/><F122/><W74/><G74/><T79/><D112/><U71/><E118/><V49/><F126/><W117/><G110/><T75/><REACH who="0" step="1"/><D14/><REACH who="0" step="2"/><U72/><E129/><V3/><F13/><W31/><G0/><T98/><D98/><U119/><E119/><V21/><F1/><W130/><G130/><T80/><D80/><U29/><E105/><V109/><F3/><W89/><G116/><T131/><D131/><U94/><E107/><V17/><F111/><W40/><G117/><T63/><D63/><U125/><E94/><V96/><F109/><W39/><G104/><T73/><D73/><U16/><E72/><V66/><F108/><W87/><G99/><T35/><D35/><U28/><E125/><V78/><F96/><W50/><G60/><T10/><D10/><U121/><E121/><V135/><F92/><W64/><G84/><T18/><D18/><U59/><E29/><V53/><F17/><W19/><G19/><T76/><D76/><U4/><E28/><V32/><F78/><W11/><G87/><T33/><D33/><U26/><E4/><V5/><F5/><W57/><G31/><T2/><D2/><U134/><E134/><V103/><F7/><W56/><G64/><T83/><D83/><U77/><E77/><V68/><F66/><W114/><G114/><T115/><D115/><U85/><E85/><V133/><F6/><W15/><G15/><T106/><D106/><U86/><E86/><V123/><F123/><W37/><G11/><T113/><D113/><U61/><E65/><RYUUKYOKU ba="2,1" sc="224,15,235,15,268,-15,263,-15" hai0="45,51,54,62,67,75,79,81,88,90,91,93,97" hai1="16,23,26,38,42,44,52,59,61,69,71,100,101" /><INIT seed="4,3,1,4,2,22" ten="239,250,253,248" oya="0" hai0="98,67,27,66,81,91,29,43,108,25,110,104,94" hai1="58,101,84,19,6,122,21,82,24,97,72,59,20" hai2="45,53,95,33,15,50,114,125,12,38,71,80,126" hai3="40,69,5,117,16,123,79,106,74,105,107,57,121" shuffle="mt19937ar,55E61FF8,04D1A001,DAEEA0C8,B4C8EACE,9B84517C,D6B8417D,E8885D26,2156C680"/><T11/><D104/><U118/><E72/><V13/><F114/><W55/><G69/><T3/><D43/><U76/><E122/><N who="3" m="46602" /><G117/><T0/><D81/><U135/><E118/><V14/><F38/><W96/><G5/><T60/><D3/><U120/><E120/><V9/><F71/><W87/><G74/><T128/><D128/><U134/><E6/><V39/><F39/><W132/><G40/><T73/><D73/><U26/><E134/><V7/><F80/><N who="3" m="47519" /><G132/><T2/><D2/><U41/><E41/><V68/><F68/><W34/><G34/><T62/><D29/><U133/><E133/><V86/><F33/><W103/><G16/><T35/><D35/><U63/><E135/><V30/><F30/><W112/><G112/><T113/><D113/><U54/><E59/><V85/><REACH who="2" step="1"/><F95/><REACH who="2" step="2"/><N who="3" m="58783" /><G57/><T37/><D37/><U17/><E21/><V75/><F75/><W64/><G64/><N who="0" m="24619" /><D0/><U92/><E24/><N who="0" m="9289" /><D11/><U124/><E124/><AGARI ba="3,2" hai="7,9,12,13,14,15,45,50,53,85,86,124,125,126" machi="124" ten="40,2600,0" yaku="1,1,18,1,53,0" doraHai="22" doraHaiUra="65" who="2" fromWho="1" sc="239,0,250,-35,243,55,248,0" /><INIT seed="5,0,0,5,0,25" ten="239,215,298,248" oya="1" hai0="20,16,15,74,117,127,98,58,122,30,90,106,119" hai1="63,67,116,36,70,31,96,124,80,47,56,104,66" hai2="14,111,32,118,62,49,18,85,4,128,50,13,73" hai3="110,72,130,19,45,114,60,84,125,57,7,65,55" shuffle="mt19937ar,015250E3,E8E9A41B,70C3ED84,4DF05FD1,C3A3486E,AB38DDC7,3B561216,8DC50555"/><U2/><E2/><V5/><F73/><W132/><G72/><T94/><D74/><U64/><E116/><V68/><F118/><W78/><G110/><T120/><D106/><U101/><E124/><V3/><F111/><W41/><G125/><T102/><D127/><U86/><E70/><V97/><F32/><W53/><G7/><T82/><D58/><U51/><E36/><V23/><F3/><W48/><G114/><T39/><D39/><U0/><E0/><V112/><F112/><W35/><G130/><T33/><D82/><U26/><E51/><V135/><F128/><W81/><G132/><T88/><D117/><U38/><E38/><V107/><F135/><W93/><G35/><T76/><D76/><U108/><E47/><V134/><F85/><W129/><G129/><T89/><D119/><U133/><E133/><V123/><F134/><W29/><G29/><T6/><REACH who="0" step="1"/><D6/><REACH who="0" step="2"/><U115/><E115/><V42/><F107/><W10/><G93/><T22/><D22/><U9/><E9/><V12/><F23/><W54/><G10/><T27/><AGARI ba="0,1" hai="15,16,20,27,30,33,88,89,90,94,98,102,120,122" machi="27" ten="30,8000,1" yaku="1,1,0,1,52,1,54,2,53,0" doraHai="25" doraHaiUra="131" who="0" fromWho="0" sc="229,90,215,-40,298,-20,248,-20" owari="319,31,175,-22,278,3,228,-12" /></mjloggm>