<mjloggm ver="2.3"><GO type="185"/><UN n0="%E5%83%95%E3%80%81%E3%81%8A%E3%81%8A%E3%81%8F%E3%81%BD%E3%82%93" n1="%E3%81%B0%E3%81%8F%E3%81%92%E3%81%A3%E3%81%8D" n2="%E5%8D%81%E5%85%AD%E5%A4%9C%E2%80%A0%E5%92%B2%E5%A4%9C" n3="" dan="17,16,16,0" rate="2129,2201,2182,1500" sx="F,M,F,C"/><TAIKYOKU oya="0"/><INIT seed="0,0,0,3,2,72" ten="350,350,350,0" oya="0" hai0="126,42,124,105,112,100,77,34,81,113,68,70,79" hai1="33,117,125,46,69,120,36,39,95,56,116,63,57" hai2="65,2,92,41,49,37,1,91,84,90,109,119,108" hai3="" shuffle="mt19937ar,98788DC3,A13B9D41,2F5D1DE6,A0352025,5006BD49,DFAF0578,CABBFFBA,BF4F3E62"/><T130/><D34/><U83/><N who="1" m="30752" /><U76/><E33/><V127/><F37/><N who="1" m="14409" /><E95/><V62/><F127/><N who="0" m="48682" /><D42/><U66/><E125/><V55/><F41/><T35/><D35/><U40/><E83/><V94/><F119/><N who="1" m="45641" /><E76/><N who="0" m="29257" /><D81/><U78/><E78/><V38/><F38/><AGARI ba="0,0" hai="38,40,46,56,57,63,66,69" m="45641,14409,30752" machi="38" ten="30,3900,0" yaku="34,2,52,1" doraHai="72" who="1" fromWho="2" sc="350,0,350,39,350,-39,0,0" /><INIT seed="1,0,0,0,1,98" ten="350,389,311,0" oya="1" hai0="101,108,49,54,106,117,50,128,81,73,48,105,94" hai1="80,135,109,91,78,39,119,66,129,70,46,76,57" hai2="96,75,100,2,71,35,36,68,34,38,107,3,83" hai3="" shuffle="mt19937ar,CADD9EA6,4D6AAD6A,AEFB5182,7B2D7B61,F2DC68D3,2ACF40E9,B0A83E99,7811F2C6"/><U122/><N who="1" m="31264" /><U69/><E119/><V121/><N who="2" m="31008" /><V64/><F64/><T132/><D117/><U0/><E0/><N who="2" m="43" /><F100/><T63/><D132/><U43/><E135/><V113/><F96/><T120/><N who="0" m="30752" /><T112/><D112/><U52/><E129/><V53/><F53/><T44/><D128/><U103/><E103/><V32/><F83/><T99/><D108/><U114/><E114/><V115/><F115/><T58/><REACH who="0" step="1"/><D44/><REACH who="0" step="2"/><U97/><E109/><V40/><F113/><T134/><D134/><U86/><E97/><V130/><F130/><T67/><D67/><U55/><E55/><V102/><F40/><T93/><D93/><U133/><E133/><V51/><F35/><T47/><D47/><U104/><E104/><V74/><F107/><T90/><D90/><U72/><E66/><V84/><F34/><T42/><D42/><U79/><REACH who="1" step="1"/><E72/><REACH who="1" step="2"/><V126/><F75/><T131/><D131/><U61/><AGARI ba="0,2" hai="39,43,46,52,57,61,69,70,76,78,79,80,86,91" m="31264" machi="61" ten="30,12000,2" yaku="1,1,2,1,0,1,52,1,54,1,53,1" doraHai="98" doraHaiUra="85" who="1" fromWho="1" sc="340,-60,379,140,311,-60,0,0" /><INIT seed="1,1,0,0,4,84" ten="280,519,251,0" oya="1" hai0="71,123,119,38,103,70,112,91,50,46,63,120,97" hai1="128,92,106,86,1,98,111,118,133,115,48,52,78" hai2="79,43,81,56,64,96,55,66,68,134,130,117,36" hai3="" shuffle="mt19937ar,35C1E3AE,2366A15D,61C3FA35,005CC130,8CDA650A,F0719078,1987C446,C14A5C53"/><U73/><E1/><V35/><F35/><T40/><N who="0" m="30752" /><T109/><N who="0" m="31520" /><T99/><D112/><U41/><E115/><V57/><F117/><T77/><D119/><U59/><E118/><V89/><F68/><T53/><D77/><U102/><E128/><V88/><F130/><T87/><D63/><U104/><E133/><V69/><F69/><T80/><D109/><U107/><E111/><V114/><F114/><T124/><D99/><U76/><E73/><V62/><F134/><T34/><D34/><U47/><REACH who="1" step="1"/><E86/><REACH who="1" step="2"/><V85/><F85/><T61/><D124/><U60/><AGARI ba="1,1" hai="41,47,48,52,59,60,76,78,92,98,102,104,106,107" machi="60" ten="30,8000,1" yaku="1,1,2,1,0,1,54,1,53,1" doraHai="84" doraHaiUra="42" who="1" fromWho="1" sc="280,-41,509,92,251,-41,0,0" /><INIT seed="1,2,0,1,0,37" ten="239,601,210,0" oya="1" hai0="103,1,64,92,89,116,76,49,56,43,85,48,105" hai1="121,82,95,115,3,57,90,132,88,113,38,84,62" hai2="35,124,52,102,122,126,32,120,67,36,65,50,111" hai3="" shuffle="mt19937ar,1C287550,E593C38F,5C04FDF9,5C0EF92C,46ABB3E2,6A05BE03,346D4A98,CDCC2D92"/><U101/><N who="1" m="31008" /><U45/><E3/><V46/><N who="2" m="30752" /><V34/><N who="2" m="31264" /><V96/><F111/><T128/><D1/><U71/><E132/><V107/><REACH who="2" step="1"/><F36/><REACH who="2" step="2"/><T2/><D2/><U44/><E38/><V58/><F58/><T130/><D116/><U70/><E70/><V74/><F74/><T119/><D119/><U133/><E71/><V135/><F135/><T118/><D118/><U110/><E133/><V51/><F51/><T108/><D108/><U53/><E110/><V80/><F80/><T112/><D112/><U93/><E115/><V106/><F106/><T33/><D105/><U61/><E113/><V66/><AGARI ba="2,1" hai="32,34,35,46,50,52,65,66,67,96,102,107,124,126" m="31264,30752" machi="66" ten="40,6000,1" yaku="1,1,0,1,52,2,54,1,53,0" doraHai="37" doraHaiUra="129" who="2" fromWho="2" sc="239,-22,601,-42,200,74,0,0" /><INIT seed="2,0,0,5,3,39" ten="217,559,274,0" oya="2" hai0="88,82,70,61,64,42,50,66,108,38,102,58,48" hai1="114,93,33,63,97,129,65,132,103,99,111,54,56" hai2="121,125,72,80,34,79,119,49,112,83,57,126,43" hai3="" shuffle="mt19937ar,F3C80D93,DE55ECAA,F12C961C,384B3997,C43219B3,ABC65FD8,0B09EE25,63AE09FE"/><V116/><N who="2" m="31008" /><V45/><F34/><T3/><D3/><U133/><E33/><V67/><F112/><T52/><D108/><U96/><E114/><V77/><F67/><T106/><D66/><U94/><E111/><V37/><F57/><T107/><D102/><U46/><E129/><V76/><F49/><T131/><D50/><U92/><E103/><V86/><REACH who="2" step="1"/><F77/><REACH who="2" step="2"/><T115/><D115/><U41/><REACH who="1" step="1"/><E65/><REACH who="1" step="2"/><V71/><F71/><T59/><D131/><U130/><E130/><V120/><N who="2" m="30752" /><V74/><F74/><T1/><D70/><U117/><E117/><AGARI ba="0,2" hai="37,43,45,72,76,79,80,83,86,116,117,119,125,126" m="30752,31008" machi="117" ten="40,12000,1" yaku="1,1,52,3,53,0" doraHai="39" doraHaiUra="47" who="2" fromWho="1" sc="217,0,549,-120,264,140,0,0" /><INIT seed="2,1,0,1,1,70" ten="217,429,404,0" oya="2" hai0="119,92,35,107,77,55,123,64,133,44,89,130,101" hai1="63,67,103,58,50,108,111,2,65,74,90,46,120" hai2="72,36,95,104,100,80,32,110,97,57,41,134,47" hai3="" shuffle="mt19937ar,3AF518E9,7AEE81B7,AD806FB7,0C36F79C,2E4202AE,2CC33034,9A490EA9,6716ADB0"/><V109/><F32/><T1/><N who="0" m="31520" /><T93/><D1/><U85/><E2/><V121/><N who="2" m="31008" /><V34/><F34/><T117/><D35/><U61/><N who="1" m="30752" /><U127/><E74/><V83/><F134/><T113/><D133/><U114/><E114/><V75/><F95/><T94/><D113/><U84/><E103/><V51/><F51/><T82/><D64/><U99/><E99/><V124/><F124/><T81/><D130/><U56/><E127/><V39/><F57/><T54/><D101/><U115/><E115/><V69/><F69/><T66/><D66/><U48/><E90/><V125/><F125/><T129/><D107/><U3/><E3/><V0/><F0/><T40/><D89/><U132/><E132/><V45/><F83/><T86/><D129/><U96/><E96/><V71/><F71/><T62/><D82/><U60/><E60/><V128/><F128/><T131/><D131/><U102/><E102/><V33/><F33/><T87/><D62/><U118/><REACH who="1" step="1"/><E46/><REACH who="1" step="2"/><V52/><F72/><T53/><REACH who="0" step="1"/><D87/><REACH who="0" step="2"/><U122/><N who="1" m="31264" /><U49/><E49/><AGARI ba="1,2" hai="40,44,49,53,54,55,77,81,86,92,93,94,117,119" m="31520" machi="49" ten="40,2600,0" yaku="1,1,52,1,53,0" doraHai="70" doraHaiUra="105" who="0" fromWho="1" sc="207,48,419,-28,404,0,0,0" /><INIT seed="4,0,0,1,2,51" ten="255,391,404,0" oya="0" hai0="56,69,126,76,60,70,84,112,53,116,34,113,132" hai1="62,123,109,125,85,45,86,63,43,57,46,72,67" hai2="44,89,39,122,105,35,128,87,88,133,124,40,41" hai3="" shuffle="mt19937ar,BF9EB441,7AD00440,8F5F2F5B,BB647A17,8F27A57F,3D5D4791,B8BEFD12,FD5AFF6C"/><T93/><D34/><U97/><N who="1" m="31520" /><U100/><E72/><V95/><N who="2" m="31264" /><V102/><F35/><T73/><D116/><U37/><E109/><V42/><F124/><T115/><D126/><U81/><E125/><V61/><F133/><T2/><D2/><U121/><N who="1" m="31008" /><U65/><E46/><V33/><F33/><T64/><D132/><U131/><E81/><V0/><F0/><T78/><D73/><U91/><E91/><V110/><F110/><T77/><D64/><U80/><E80/><V75/><F75/><T92/><REACH who="0" step="1"/><D84/><REACH who="0" step="2"/><U106/><REACH who="1" step="1"/><E131/><REACH who="1" step="2"/><V118/><F128/><T90/><D90/><U52/><E52/><V50/><F88/><T108/><D108/><U103/><E103/><V135/><F89/><T1/><D1/><U114/><E114/><V66/><F102/><T3/><D3/><U49/><E49/><V134/><F50/><T101/><D101/><U119/><E119/><V96/><F118/><T74/><D74/><U32/><E32/><V83/><F134/><T68/><AGARI ba="0,2" hai="53,56,60,68,69,70,76,77,78,92,93,112,113,115" machi="68" ten="50,12000,2" yaku="1,1,0,1,29,2,15,1,52,1,53,0" doraHai="51" doraHaiUra="129" who="0" fromWho="0" sc="245,140,381,-60,404,-60,0,0" /><INIT seed="4,1,0,1,0,3" ten="385,321,344,0" oya="0" hai0="60,75,105,126,120,134,42,36,106,115,41,0,104" hai1="81,77,76,37,83,98,94,74,35,92,57,88,125" hai2="73,102,62,38,32,63,50,47,1,97,52,87,65" hai3="" shuffle="mt19937ar,A16E2F02,034D6513,27A0CB14,EC184FF7,1AEBE892,B601C980,43D8723D,11FD209A"/><T90/><N who="0" m="30752" /><T33/><D75/><U103/><E35/><V121/><N who="2" m="31008" /><V95/><F73/><T128/><D0/><U85/><E37/><V114/><F1/><T54/><D33/><U68/><E68/><V116/><F32/><T82/><D128/><U133/><E57/><V113/><F116/><T59/><D115/><U96/><E133/><V118/><F118/><T132/><D126/><AGARI ba="1,0" hai="74,76,77,81,83,85,88,92,94,96,98,103,125,126" machi="126" ten="40,8000,1" yaku="34,3,54,1" doraHai="3" who="1" fromWho="0" sc="385,-82,321,82,344,0,0,0" /><INIT seed="5,0,0,3,5,77" ten="303,403,344,0" oya="1" hai0="38,74,61,99,94,118,86,93,89,70,106,2,98" hai1="54,64,43,110,87,112,81,82,120,126,50,133,95" hai2="67,122,39,60,66,104,113,73,79,57,0,37,131" hai3="" shuffle="mt19937ar,6001E018,CDBA65D4,205D7033,D171713B,DFBA05D1,3E0B9B1D,1633F8D0,7B000CB8"/><U44/><N who="1" m="30752" /><U85/><E110/><V59/><N who="2" m="31264" /><V65/><F0/><T103/><D2/><U32/><E32/><V90/><F104/><T107/><D38/><U33/><E33/><V40/><F113/><T109/><D61/><U48/><E112/><V111/><F111/><T91/><D70/><U114/><E114/><V123/><N who="2" m="31520" /><V121/><N who="2" m="31008" /><V124/><F124/><T129/><D118/><U105/><E105/><N who="0" m="39945" /><D109/><U127/><E64/><V55/><F131/><T80/><D129/><U117/><E117/><V108/><F108/><T34/><D34/><U96/><E133/><V52/><F90/><T102/><D74/><U69/><E69/><V71/><F71/><T88/><AGARI ba="0,0" hai="80,86,88,89,91,93,94,98,99,102,103" m="39945" machi="88" ten="30,9000,2" yaku="35,5,52,1,54,1" doraHai="77" who="0" fromWho="0" sc="303,90,403,-60,344,-30,0,0" /><INIT seed="6,0,0,4,2,81" ten="393,343,314,0" oya="2" hai0="123,79,109,86,91,59,133,49,43,73,71,135,111" hai1="47,107,104,93,119,72,89,63,67,82,65,66,52" hai2="69,51,114,0,126,102,75,134,74,38,113,85,122" hai3="" shuffle="mt19937ar,A308E0AB,6EC73734,01A45EF3,6488F13D,E90313F0,F1BA1DC3,D643383C,2F7D0532"/><V40/><N who="2" m="31264" /><V83/><F0/><T35/><N who="0" m="31520" /><T92/><D35/><U90/><E119/><V76/><F69/><T48/><D71/><U78/><E90/><V121/><N who="2" m="31008" /><V57/><F102/><T125/><D125/><U118/><E118/><V116/><F116/><T37/><D37/><U64/><N who="1" m="16896" /><DORA hai="88" /><U3/><E3/><V53/><F126/><T124/><D124/><U120/><N who="1" m="30752" /><U32/><E32/><V94/><F134/><N who="0" m="51210" /><D59/><U62/><E62/><V45/><REACH who="2" step="1"/><F94/><REACH who="2" step="2"/><T39/><D92/><U99/><REACH who="1" step="1"/><E63/><REACH who="1" step="2"/><V103/><F103/><T132/><D132/><U77/><E77/><V68/><F68/><T112/><D79/><U87/><E87/><V96/><F96/><T97/><D86/><U108/><E108/><V127/><F127/><T58/><D97/><U70/><E70/><V131/><F131/><T1/><D109/><U98/><E98/><V84/><F84/><T105/><D111/><U106/><E106/><V60/><F60/><T61/><D105/><U54/><E54/><V41/><F41/><T42/><D61/><U115/><E115/><AGARI ba="0,2" hai="38,40,45,51,53,57,74,75,76,83,85,113,114,115" m="31008,31264" machi="115" ten="40,18000,2" yaku="1,1,15,1,52,3,53,1" doraHai="81,88" doraHaiUra="130,55" who="2" fromWho="1" sc="393,0,333,-180,304,200,0,0" owari="393,-1,153,-45,504,46,0,0" /></mjloggm>