<mjloggm ver="2.3"><GO type="225"/><UN n0="%72%6F%6E%6E%6E%6E%6E" n1="%EF%BC%88%27%EF%BC%88%E3%82%A7%EF%BC%89%27%6F%EF%BC%89" n2="%23%37%34%E5%A4%A7%E6%B2%BB%E9%83%8E" n3="%E3%80%93%E3%81%84%E3%81%A1%E3%81%AF%E3%82%89%E3%80%93" dan="16,16,16,16" rate="2072,2068,2079,2043" sx="M,M,M,M"/><TAIKYOKU oya="0"/><INIT seed="0,0,0,4,0,96" ten="250,250,250,250" oya="0" hai0="92,43,101,80,36,62,4,69,128,57,11,39,49" hai1="129,78,76,111,65,99,113,48,5,7,55,1,118" hai2="100,61,115,132,95,116,67,109,122,103,24,14,28" hai3="125,63,119,98,16,21,112,20,86,110,131,59,9" shuffle="mt19937ar,1C228F6F,FAAD5BD3,4D2988C0,023C2F95,49298B05,0704EE4F,B6D1B85F,B694E995"/><T45/><D128/><U18/><E118/><V134/><F122/><W81/><G119/><T108/><D80/><U130/><E113/><V107/><F116/><W0/><G131/><N who="1" m="50186" /><E99/><V90/><F115/><W54/><G125/><T27/><D69/><U123/><E123/><V37/><F37/><W58/><G110/><T41/><D108/><U56/><E111/><V12/><F109/><W84/><G112/><T47/><D27/><U42/><E42/><V126/><F126/><W51/><G0/><T2/><D49/><U66/><E18/><V121/><F121/><W85/><G98/><T135/><D135/><N who="2" m="51754" /><F107/><W33/><G33/><T70/><D70/><U32/><E32/><N who="2" m="20487" /><F12/><N who="3" m="7183" /><G81/><T46/><D46/><U25/><E25/><V60/><F14/><W93/><G93/><T10/><D10/><N who="1" m="2351" /><E7/><V124/><F124/><W82/><G82/><T75/><D75/><U40/><E40/><V106/><F106/><W26/><G26/><T97/><D62/><N who="2" m="24170" /><F67/><AGARI ba="0,0" hai="20,21,51,54,58,59,63,67,84,85,86" m="7183" machi="67" ten="30,2000,0" yaku="8,1,54,1" doraHai="96" who="3" fromWho="2" sc="250,0,250,0,250,-20,250,20" /><AGARI ba="0,0" hai="48,55,56,65,66,67,76,78" m="2351,50186" machi="67" ten="30,1000,0" yaku="19,1" doraHai="96" who="1" fromWho="2" sc="250,0,250,10,230,-10,270,0" /><INIT seed="1,0,0,0,5,67" ten="250,260,220,270" oya="1" hai0="61,37,96,63,72,18,66,97,127,93,112,77,116" hai1="120,81,111,27,17,83,68,95,50,101,16,44,113" hai2="24,43,7,30,21,99,104,119,28,70,25,39,74" hai3="115,135,126,49,124,128,38,32,125,114,54,85,82" shuffle="mt19937ar,3884087E,52E5101F,877BF0F9,61F7AAC3,0FD1BDB3,18465B81,D2406932,249BBFB3"/><U40/><E120/><V1/><F119/><W34/><G38/><T133/><D116/><U73/><E113/><N who="3" m="43018" /><G128/><T131/><D112/><U8/><E68/><V10/><F74/><W60/><G60/><T71/><D131/><U48/><E111/><V0/><F70/><W57/><G135/><T3/><D37/><U76/><E83/><V53/><F53/><W15/><G15/><T107/><D3/><U62/><E62/><V110/><F110/><W41/><G41/><T51/><D61/><U46/><E8/><V109/><F109/><W5/><G5/><T26/><D133/><U12/><E27/><V14/><F43/><W103/><G103/><T13/><D26/><U92/><E101/><V56/><F56/><W33/><G33/><T9/><D51/><U106/><E106/><V6/><F39/><W121/><G121/><T19/><D107/><U80/><E80/><V94/><F104/><W22/><G22/><T47/><D47/><U90/><E12/><V130/><F130/><W52/><G54/><T45/><D45/><U123/><E123/><V36/><F36/><W2/><G2/><T89/><D127/><N who="3" m="32513" /><W35/><DORA hai="98" /><G35/><T23/><D23/><U69/><E46/><V4/><F99/><W122/><G122/><T118/><D118/><U58/><E50/><V20/><F94/><N who="1" m="35881" /><E58/><V134/><F134/><W65/><G65/><T31/><D97/><U11/><E40/><V75/><F75/><W55/><G55/><T129/><D129/><U100/><E73/><V64/><F64/><W102/><G102/><T86/><D72/><U91/><E100/><RYUUKYOKU ba="0,0" sc="250,-15,260,-15,220,15,270,15" hai2="0,1,4,6,7,10,14,20,21,24,25,28,30" hai3="32,34,49,52,57,82,85" /><INIT seed="2,1,0,5,4,110" ten="235,245,235,285" oya="2" hai0="7,5,30,10,11,95,108,111,69,12,106,59,133" hai1="80,34,70,27,124,119,35,117,115,74,22,89,101" hai2="0,50,66,130,51,92,56,64,31,104,90,120,125" hai3="8,32,24,79,122,134,116,87,58,52,83,13,54" shuffle="mt19937ar,3AE6DA1A,74F5300E,488CB48B,AAFCC311,31A39A46,32BD26D4,1ABDD423,0D9938C0"/><V40/><F104/><W71/><G122/><T43/><D106/><U88/><E70/><V123/><F0/><W33/><G71/><T60/><D69/><U113/><E101/><V75/><F75/><W46/><G116/><T55/><D43/><U1/><E1/><V77/><F77/><W15/><G134/><T62/><D133/><U131/><E119/><V127/><F31/><W78/><G15/><T103/><D60/><U17/><E117/><V26/><F26/><W38/><G24/><T36/><D36/><U44/><E131/><V48/><F130/><W20/><G20/><T97/><REACH who="0" step="1"/><D30/><REACH who="0" step="2"/><U114/><E124/><N who="2" m="47691" /><F40/><W61/><G38/><T118/><D118/><U135/><E135/><V3/><F3/><AGARI ba="1,1" hai="3,5,7,10,11,12,55,59,62,95,97,103,108,111" machi="3" ten="40,1300,0" yaku="1,1,53,0" doraHai="110" doraHaiUra="39" who="0" fromWho="2" sc="225,26,245,0,235,-16,285,0" /><INIT seed="3,0,0,5,4,54" ten="251,245,219,285" oya="3" hai0="43,115,62,76,106,4,113,87,69,10,56,39,85" hai1="48,57,61,63,99,2,44,88,126,98,47,128,46" hai2="129,134,11,9,96,114,50,1,109,60,123,65,78" hai3="79,49,97,41,42,67,105,73,122,22,116,18,119" shuffle="mt19937ar,B66B8A1B,7B7D8C4F,15F60671,BB51D19E,A98D89A4,90A7F289,3DE73732,811F3578"/><W118/><G122/><T84/><D106/><U25/><E2/><V75/><F123/><W28/><G28/><T111/><D111/><U30/><E126/><V36/><F114/><N who="0" m="43530" /><D69/><U13/><E128/><V117/><F117/><W58/><G79/><T15/><D76/><U93/><E13/><V23/><F129/><W107/><G73/><T16/><D4/><U71/><E71/><V21/><F134/><W34/><G34/><T83/><D83/><U101/><E48/><V95/><F109/><W124/><G124/><T120/><D120/><U59/><E63/><V24/><F36/><W52/><G67/><N who="0" m="39367" /><D43/><U70/><E70/><V89/><F1/><W108/><G108/><T110/><D110/><U130/><E61/><V74/><F50/><W135/><G135/><T132/><D132/><U26/><E130/><V31/><F23/><W133/><G133/><T94/><D94/><N who="1" m="58583" /><E26/><V92/><F92/><W29/><G29/><T64/><D64/><U32/><E32/><V55/><F55/><W103/><REACH who="3" step="1"/><G105/><REACH who="3" step="2"/><T82/><D39/><U91/><E30/><V68/><REACH who="2" step="1"/><F78/><REACH who="2" step="2"/><W14/><AGARI ba="0,2" hai="14,18,22,41,42,49,52,58,97,103,107,116,118,119" machi="14" ten="30,12000,1" yaku="1,1,2,1,0,1,52,1,54,1,53,0" doraHai="54" doraHaiUra="33" who="3" fromWho="3" sc="251,-40,245,-40,209,-40,275,140" owari="211,-4,205,-14,169,-23,415,41" /></mjloggm>