<mjloggm ver="2.3"><GO type="225"/><UN n0="%74%EF%BC%9C%6E" n1="%E9%9B%81%E7%BA%8F" n2="%E3%81%93%E3%82%93%E3%81%AB%E3%81%A1%E3%81%AF%E6%97%A5%E6%9B%9C%E6%97%A5" n3="%41%42%49%4C%49%54%59" dan="16,16,16,17" rate="2077,2067,2009,2157" sx="F,M,M,M"/><TAIKYOKU oya="0"/><INIT seed="0,0,0,3,0,21" ten="250,250,250,250" oya="0" hai0="131,31,78,88,122,103,52,92,125,112,32,105,30" hai1="126,116,89,72,96,38,63,93,10,16,18,100,71" hai2="67,5,119,73,129,13,46,7,82,124,118,102,80" hai3="45,43,83,29,97,48,57,114,39,85,37,123,8" shuffle="mt19937ar,AB0D2454,336C6F0D,9558A113,92A382B1,DB8D9FBC,DF6E8D9E,123BB236,FB1E06CE"/><T117/><D117/><N who="2" m="44554" /><F129/><W17/><G114/><T109/><D112/><U84/><E116/><V79/><F124/><W19/><G123/><T3/><D122/><U44/><E126/><V28/><F67/><W27/><G97/><T9/><D78/><U22/><E72/><V68/><F68/><W101/><G101/><T62/><D125/><U54/><E71/><V127/><F127/><W98/><G98/><T107/><D103/><U91/><E38/><V70/><F70/><W66/><G66/><T15/><D3/><U40/><E40/><V87/><F102/><W64/><G64/><T128/><D109/><U86/><E10/><V24/><F46/><W77/><G8/><T20/><D20/><U108/><E18/><V120/><F13/><W14/><G14/><T26/><D31/><U61/><E108/><V11/><F11/><W2/><G2/><T33/><D33/><U115/><E115/><V69/><F69/><W1/><G1/><T133/><D133/><U111/><E111/><V51/><F51/><W25/><G39/><T36/><D36/><U53/><E44/><V132/><F132/><W58/><G37/><T59/><D107/><U74/><E74/><V60/><F60/><W34/><G45/><T56/><D56/><U113/><E113/><V50/><F50/><W94/><G43/><T65/><D105/><N who="1" m="63623" /><E63/><V106/><F106/><W75/><G48/><T95/><D65/><U35/><E61/><V81/><F120/><W135/><G135/><T104/><D104/><U90/><E54/><V76/><F82/><W134/><G134/><T42/><D128/><RYUUKYOKU ba="0,0" sc="250,-10,250,-10,250,30,250,-10" hai2="5,7,24,28,73,76,79,80,81,87" /><INIT seed="1,1,0,3,0,78" ten="240,240,280,240" oya="1" hai0="104,8,105,92,23,47,111,132,56,101,57,91,123" hai1="6,4,98,124,12,130,52,59,73,33,76,29,127" hai2="69,116,74,71,99,72,44,112,28,43,80,11,24" hai3="81,100,83,134,42,75,46,85,36,113,93,55,110" shuffle="mt19937ar,440D1065,F431FB72,D4826697,E18B68AF,9A8B8038,DF0D877E,2313ED56,D9BE6AD0"/><U25/><E130/><V9/><F116/><W135/><G113/><T19/><D111/><U5/><E98/><V131/><F9/><W16/><G110/><T109/><D109/><U122/><E122/><V49/><F131/><W15/><G55/><T90/><D123/><U68/><E68/><V66/><F112/><W114/><G114/><T2/><D132/><N who="3" m="50729" /><G75/><T96/><D47/><U40/><E40/><V129/><F129/><W128/><G128/><T120/><D120/><U38/><E38/><V51/><F74/><W41/><G41/><T77/><D77/><U14/><E76/><V45/><F99/><N who="3" m="59503" /><G85/><T31/><D105/><U17/><E73/><V0/><F72/><W34/><G34/><T118/><D118/><U61/><REACH who="1" step="1"/><E14/><REACH who="1" step="2"/><V35/><F0/><W94/><G94/><T108/><D108/><U62/><E62/><V87/><F43/><W37/><G37/><T21/><D2/><U1/><E1/><V39/><F39/><W10/><AGARI ba="1,1" hai="10,15,16,36,42,46,81,83" m="59503,50729" machi="10" ten="30,7900,0" yaku="20,1,52,2,54,1" doraHai="78" who="3" fromWho="3" sc="240,-21,230,-40,280,-21,240,92" /><INIT seed="2,0,0,3,3,14" ten="219,190,259,332" oya="2" hai0="95,72,126,62,85,133,65,30,135,100,47,118,64" hai1="104,71,84,129,124,99,13,69,106,21,51,58,122" hai2="107,110,42,40,68,38,18,15,114,103,25,9,45" hai3="83,105,5,101,120,88,2,31,52,1,132,56,116" shuffle="mt19937ar,CD137DC3,531FEBF5,CBA96DD7,842FB03F,303BFB70,FFF7FA41,93993AE9,B7113AAE"/><V28/><F68/><W134/><G120/><T125/><D72/><U90/><E122/><V81/><F114/><W16/><G116/><T48/><D30/><U10/><E21/><V130/><F130/><W37/><G37/><T17/><D118/><U96/><E124/><N who="0" m="47721" /><D100/><U102/><E129/><V74/><F110/><W3/><G31/><T128/><D128/><U80/><E104/><V77/><F42/><W94/><G83/><T33/><D33/><U22/><E22/><V91/><F91/><W11/><G101/><T112/><D112/><U36/><E36/><V87/><F103/><W29/><G29/><T63/><D95/><U109/><E96/><V6/><F107/><W73/><G73/><T111/><D85/><U82/><E82/><V76/><F76/><W35/><G35/><T89/><D89/><U115/><E109/><V55/><F74/><W46/><G88/><T23/><D23/><U53/><REACH who="1" step="1"/><E115/><REACH who="1" step="2"/><V57/><F81/><W113/><G105/><T50/><D111/><U49/><E49/><V131/><F131/><W34/><G113/><T54/><D50/><U41/><E41/><V79/><F87/><W117/><G34/><T121/><D121/><U127/><E127/><V75/><F75/><W93/><G117/><T123/><D123/><U19/><AGARI ba="0,1" hai="10,13,19,51,53,58,69,71,80,84,90,99,102,106" machi="19" ten="20,5200,0" yaku="1,1,0,1,7,1,52,1,53,0" doraHai="14" doraHaiUra="61" who="1" fromWho="1" sc="219,-13,180,62,259,-26,332,-13" /><INIT seed="3,0,0,2,3,52" ten="206,242,233,319" oya="3" hai0="14,19,49,67,127,32,17,126,69,43,107,70,6" hai1="10,29,16,51,106,98,3,85,94,26,72,99,53" hai2="9,15,68,23,44,54,12,22,79,58,102,2,42" hai3="118,82,86,36,77,33,101,87,115,47,114,88,95" shuffle="mt19937ar,F3F9C1D0,8A05E496,EC6DD50D,7B405661,B5C2E451,2FC25C4B,B5F92333,34291DCC"/><W116/><G33/><T65/><D107/><U63/><E72/><V66/><F102/><W83/><G47/><N who="0" m="25855" /><D32/><U73/><E73/><V120/><F79/><N who="3" m="46431" /><G101/><T45/><D19/><U75/><E106/><V20/><F120/><W71/><G36/><T78/><D17/><U30/><E75/><V92/><F2/><W59/><G59/><T41/><D14/><N who="1" m="7255" /><E3/><V111/><F111/><W60/><G60/><T1/><D6/><U122/><E63/><N who="2" m="40031" /><F92/><W132/><G132/><T130/><D78/><U135/><E135/><V125/><F125/><N who="0" m="47626" /><D1/><U123/><E123/><V5/><F15/><W64/><G71/><N who="0" m="27147" /><D130/><U121/><E122/><V0/><F0/><W46/><G116/><T57/><D57/><N who="1" m="32959" /><E121/><V105/><F105/><W25/><G118/><T104/><D104/><U113/><E30/><V24/><F24/><W28/><G25/><T131/><D131/><U21/><E85/><V62/><F5/><W18/><G87/><T61/><D61/><U38/><E99/><V97/><F97/><W7/><G28/><T133/><D133/><U27/><E27/><V31/><F31/><W8/><G7/><T37/><AGARI ba="0,0" hai="37,41,45,65,67" m="27147,47626,25855" machi="37" ten="30,4000,0" yaku="18,1,34,2" doraHai="52" who="0" fromWho="0" sc="206,40,242,-10,233,-10,319,-20" /><INIT seed="4,0,0,1,4,41" ten="246,232,223,299" oya="0" hai0="26,133,115,24,62,13,125,79,32,73,25,94,15" hai1="126,78,56,109,34,8,22,66,77,124,36,0,60" hai2="20,70,2,53,44,90,98,65,4,88,102,16,5" hai3="11,45,135,10,86,6,121,128,51,46,95,93,54" shuffle="mt19937ar,500E8EE3,51B5EAB0,88811C9B,D02762E9,C402623D,A6433D79,EC6CE682,8DC6173E"/><T132/><D32/><U131/><E34/><V61/><F2/><W105/><G105/><T43/><D115/><U122/><E109/><V85/><F90/><W130/><G135/><N who="0" m="51787" /><D125/><N who="1" m="48235" /><E122/><V103/><F103/><W12/><G121/><T35/><D35/><U47/><E131/><N who="3" m="50218" /><G86/><T69/><D94/><N who="3" m="35849" /><G11/><T19/><D43/><N who="1" m="23015" /><E22/><V58/><F102/><W96/><G96/><T75/><D79/><U72/><E72/><N who="0" m="27721" /><D19/><U110/><E110/><V49/><F98/><W21/><G21/><T17/><D17/><U29/><E29/><V9/><F9/><W84/><G84/><T1/><D1/><U67/><E78/><V31/><F31/><W39/><G39/><T37/><D37/><U33/><E33/><V123/><F123/><W71/><G71/><T97/><D97/><U38/><E38/><V68/><F68/><W116/><G116/><T107/><D107/><U111/><E77/><V7/><F70/><W64/><G64/><AGARI ba="0,0" hai="13,15,24,25,26,62,64,69" m="27721,51787" machi="64" ten="40,2000,0" yaku="20,1" doraHai="41" who="0" fromWho="3" sc="246,20,232,0,223,0,299,-20" /><INIT seed="4,1,0,2,0,108" ten="266,232,223,279" oya="0" hai0="57,99,66,24,96,11,44,129,110,88,50,25,133" hai1="90,59,17,120,45,65,48,27,111,94,62,118,22" hai2="42,19,81,35,30,92,127,103,85,53,5,95,86" hai3="41,75,18,32,68,109,1,106,33,34,104,64,113" shuffle="mt19937ar,7413D06D,F2726E4C,A6525F7B,3A1D10E9,3FE246A8,364C9DEF,650EF279,E040AEF9"/><T26/><D110/><U84/><E111/><V121/><F121/><W128/><G75/><T74/><D74/><U9/><E120/><V82/><F5/><W123/><G1/><T4/><D129/><U15/><E118/><V31/><F42/><W117/><G18/><T51/><D133/><U93/><E93/><N who="2" m="35915" /><F35/><W49/><G49/><T87/><D4/><U105/><E105/><V8/><F127/><W0/><G41/><N who="0" m="24847" /><D11/><U83/><E94/><V63/><F103/><W14/><G106/><T107/><D107/><U116/><E116/><V23/><F8/><W112/><G104/><T20/><D20/><U46/><REACH who="1" step="1"/><E48/><REACH who="1" step="2"/><V73/><F73/><W10/><G117/><T130/><D51/><U78/><E78/><V122/><F122/><W2/><G123/><T40/><D99/><U38/><E38/><V56/><F82/><W43/><G109/><T132/><D96/><U60/><E60/><V21/><F81/><W70/><G128/><T55/><D130/><U67/><E67/><V91/><F86/><W6/><G64/><T79/><D79/><U37/><E37/><V119/><F119/><W115/><REACH who="3" step="1"/><G43/><REACH who="3" step="2"/><T125/><D66/><U114/><E114/><V135/><F91/><W52/><G52/><T29/><D40/><U12/><E12/><V47/><F53/><W76/><G76/><T16/><D55/><U80/><E80/><V131/><F85/><W102/><G102/><T77/><D88/><U36/><E36/><V58/><F131/><W69/><AGARI ba="1,2" hai="0,2,6,10,14,32,33,34,68,69,70,112,113,115" machi="69" ten="50,16000,3" yaku="1,1,0,1,29,2,15,1,52,3,53,1" doraHai="108" doraHaiUra="3" who="3" fromWho="3" sc="266,-81,222,-41,223,-41,269,183" owari="185,-6,181,-22,182,-17,452,45" /></mjloggm>