<mjloggm ver="2.3"><GO type="225"/><UN n0="%52%65%64%4D%61%67%69%63" n1="%E3%81%93%E3%82%93%E3%81%AB%E3%81%A1%E3%81%AF%E6%97%A5%E6%9B%9C%E6%97%A5" n2="%E3%81%95%E3%81%8F%E3%82%89%E3%81%93" n3="%E2%98%85%E3%83%A6%E3%83%94%E3%83%86%E3%83%AB%E2%98%85" dan="16,16,17,17" rate="2030,2007,2019,2078" sx="M,M,M,M"/><TAIKYOKU oya="0"/><INIT seed="0,0,0,4,2,95" ten="250,250,250,250" oya="0" hai0="99,126,74,77,115,123,10,118,31,6,48,80,47" hai1="92,124,24,43,51,44,100,132,73,38,134,23,18" hai2="36,81,133,8,63,125,128,122,85,25,34,46,66" hai3="0,107,90,2,116,12,93,33,109,5,26,119,1" shuffle="mt19937ar,02B8B352,5E29594A,2F4DCF79,D23AAE8F,D21891B3,299BADCF,AB1BCE1A,79252DE4"/><T72/><D123/><U94/><E73/><V50/><F122/><W112/><G107/><T15/><D118/><U114/><E114/><V61/><F133/><N who="1" m="51305" /><E124/><V91/><F125/><W9/><G112/><T62/><D126/><U20/><E20/><V60/><F36/><W41/><G41/><T83/><D115/><U22/><E22/><V14/><F128/><W65/><G65/><T121/><D121/><U55/><E100/><V129/><F129/><W13/><G109/><T30/><D62/><U7/><E7/><V84/><F84/><W105/><G105/><T16/><D99/><U131/><E131/><V75/><F75/><W70/><G70/><T40/><REACH who="0" step="1"/><D6/><REACH who="0" step="2"/><U69/><E69/><V106/><F61/><W104/><G119/><T103/><D103/><U111/><E111/><V56/><F63/><W117/><G116/><T58/><D58/><AGARI ba="0,1" hai="18,23,24,38,43,44,51,55,58,92,94" m="51305" machi="58" ten="30,1000,0" yaku="20,1" doraHai="95" who="1" fromWho="0" sc="240,-10,250,20,250,0,250,0" /><INIT seed="1,0,0,2,0,13" ten="230,270,250,250" oya="1" hai0="118,86,42,8,10,6,37,99,45,24,48,123,63" hai1="59,20,103,132,64,1,78,3,31,92,58,115,62" hai2="18,34,40,87,116,117,57,89,101,74,112,134,19" hai3="94,26,2,133,76,61,49,113,72,29,67,128,106" shuffle="mt19937ar,5722404C,96CC59DA,BC42B5F3,47A3A3CF,7FCB82CC,0CB5EE45,16939AB5,A2B39288"/><U44/><E115/><V131/><F74/><W95/><G113/><T104/><D118/><U130/><E78/><V125/><F34/><W85/><G106/><T11/><D123/><U33/><E33/><V9/><F112/><W127/><G2/><T90/><D63/><U36/><E132/><V60/><F40/><W23/><G133/><T32/><D37/><U77/><E77/><V82/><F134/><W46/><G127/><T47/><D47/><U27/><E130/><V80/><F101/><W66/><G72/><T54/><D42/><N who="1" m="22599" /><E59/><V28/><F28/><W51/><G128/><T97/><D24/><U135/><E135/><V93/><F125/><W98/><G94/><T100/><D97/><AGARI ba="0,0" hai="1,3,20,27,31,58,62,64,92,97,103" m="22599" machi="97" ten="30,1500,0" yaku="25,1" doraHai="13" who="1" fromWho="0" sc="230,-15,270,15,250,0,250,0" /><INIT seed="1,1,0,2,3,98" ten="215,285,250,250" oya="1" hai0="59,135,12,26,29,46,10,31,24,27,87,54,126" hai1="101,23,79,0,90,14,20,36,99,117,5,37,69" hai2="4,19,41,71,81,67,51,66,43,70,91,62,120" hai3="25,7,82,83,50,100,130,80,33,109,86,45,119" shuffle="mt19937ar,7BBCE7B3,04706B1A,CD480435,2891B556,44246BEA,D30FAD9D,3A7E146B,499AAE66"/><U108/><E69/><V63/><F120/><W9/><G109/><T77/><D135/><U58/><E117/><V18/><F4/><W35/><G119/><T103/><D126/><U55/><E79/><V76/><F91/><W30/><G130/><T32/><D46/><U97/><E0/><V85/><F51/><W64/><G64/><T6/><D103/><U95/><E108/><V107/><F107/><W122/><G122/><T28/><D32/><U38/><E5/><V84/><F81/><W72/><G72/><T8/><D8/><U123/><E123/><V21/><REACH who="2" step="1"/><F21/><REACH who="2" step="2"/><W52/><G35/><T133/><D133/><U78/><E78/><AGARI ba="1,1" hai="18,19,41,43,62,63,66,67,70,71,76,78,84,85" machi="78" ten="25,6400,0" yaku="1,1,2,1,22,2,53,0" doraHai="98" doraHaiUra="111" who="2" fromWho="1" sc="215,0,285,-67,240,77,250,0" /><INIT seed="2,0,0,3,1,132" ten="215,218,317,250" oya="2" hai0="67,123,14,135,19,10,107,22,21,72,55,29,54" hai1="50,65,114,53,40,97,86,41,28,71,122,127,115" hai2="51,117,13,32,113,84,112,128,131,100,93,119,103" hai3="37,108,76,79,30,5,60,27,3,52,134,133,8" shuffle="mt19937ar,0C4E3BA2,4F0172C6,BD44DAC9,03E37D4B,DD8DE6C6,E8F32D66,A0FB6DEE,AD3317D2"/><V130/><F32/><W38/><G108/><T124/><D123/><U90/><E28/><V111/><F111/><W0/><G0/><T104/><D72/><U109/><E122/><V39/><F39/><W12/><G3/><T89/><D135/><N who="3" m="51721" /><G38/><T62/><D124/><U35/><E35/><V129/><F51/><W80/><G37/><T4/><D89/><U116/><E116/><N who="2" m="44619" /><F13/><W18/><G5/><T73/><D73/><U68/><E109/><V63/><F63/><W78/><G80/><T36/><D36/><U42/><E97/><V24/><F24/><W118/><G118/><T81/><D81/><U98/><E98/><V99/><F128/><W31/><G27/><T83/><D83/><U66/><E71/><V105/><F100/><W64/><G52/><N who="0" m="20011" /><D107/><U45/><E114/><N who="2" m="44139" /><F84/><W6/><G6/><T49/><D104/><AGARI ba="0,0" hai="93,99,103,104,105,129,130,131" m="44139,44619" machi="104" ten="40,7700,0" yaku="19,1,34,2" doraHai="132" who="2" fromWho="0" sc="215,-77,218,0,317,77,250,0" /><INIT seed="2,1,0,5,0,131" ten="138,218,394,250" oya="2" hai0="64,57,36,40,125,123,10,72,32,63,73,13,71" hai1="112,62,113,47,41,108,97,55,9,101,75,58,130" hai2="69,77,6,95,74,121,1,48,107,14,44,99,42" hai3="76,118,26,37,93,127,68,52,30,83,20,117,122" shuffle="mt19937ar,248342A4,36AA7594,875FB480,F95FDEC5,B51099A0,120288B3,A87C69E5,CDD0C257"/><V111/><F121/><W133/><G68/><T24/><D123/><U110/><E75/><V105/><F69/><W102/><G122/><T2/><D125/><U43/><E130/><V94/><F1/><W114/><G37/><T87/><D87/><U5/><E43/><V100/><F111/><N who="1" m="42537" /><E97/><V15/><F74/><W78/><G127/><T88/><D57/><U23/><E101/><V61/><F77/><W7/><G7/><T89/><D2/><N who="1" m="183" /><E23/><V79/><F79/><W19/><G114/><T85/><D40/><U120/><E120/><V90/><F61/><W104/><G104/><T25/><D36/><AGARI ba="1,0" hai="36,41,47,55,58,62,112,113" m="183,42537" machi="36" ten="30,1000,0" yaku="14,1" doraHai="131" who="1" fromWho="0" sc="138,-13,218,13,394,0,250,0" /><INIT seed="3,0,0,0,0,132" ten="125,231,394,250" oya="3" hai0="14,26,109,55,79,101,77,61,128,133,45,76,4" hai1="50,21,54,9,81,59,18,47,85,8,42,98,70" hai2="58,38,84,82,90,65,96,114,43,3,62,97,30" hai3="23,112,66,28,117,92,135,24,87,2,121,102,130" shuffle="mt19937ar,CB7049DC,6A90CBC8,C3CB308D,9767EF84,D3BA5998,9E00F8B8,D0978C56,44E8824B"/><W74/><G121/><T71/><D133/><U129/><E70/><V131/><F114/><W0/><G135/><T37/><D109/><U95/><E129/><V88/><F3/><W16/><G112/><T1/><D1/><U125/><E125/><V108/><F108/><W10/><G117/><T12/><D128/><U127/><E127/><V89/><F30/><W115/><G115/><T51/><D37/><U105/><E105/><V110/><F110/><W35/><G130/><T64/><D101/><U72/><E72/><V34/><F34/><W63/><G74/><T46/><D26/><U69/><E69/><V5/><F5/><W99/><G87/><T15/><D4/><U11/><E81/><V44/><F131/><W94/><G94/><T104/><D104/><U103/><E85/><V100/><F96/><W118/><G118/><T29/><D29/><U49/><E9/><V53/><F65/><W106/><G92/><AGARI ba="0,0" hai="38,43,44,53,58,62,82,84,88,89,90,92,97,100" machi="92" ten="30,2000,0" yaku="7,1,54,1" doraHai="132" who="2" fromWho="3" sc="125,0,231,0,394,20,250,-20" owari="125,-27,231,-2,414,41,230,-12" /></mjloggm>