<mjloggm ver="2.3"><GO type="185"/><UN n0="%E5%8D%81%E5%85%AD%E5%A4%9C%E2%80%A0%E5%92%B2%E5%A4%9C" n1="%E3%80%93%E3%81%84%E3%81%A1%E3%81%AF%E3%82%89%E3%80%93" n2="%E3%81%9F%E3%82%80%E3%81%A8%E3%83%BC" n3="" dan="16,18,16,0" rate="2143,2243,2168,1500" sx="F,M,M,C"/><TAIKYOKU oya="0"/><INIT seed="0,0,0,3,1,131" ten="350,350,350,0" oya="0" hai0="111,114,58,68,97,116,106,51,118,124,81,35,99" hai1="92,48,46,82,98,53,65,67,108,85,0,103,63" hai2="36,52,62,133,34,59,86,75,117,93,41,57,70" hai3="" shuffle="mt19937ar,ADEE5498,CDE330AD,3191155C,B453A2AA,82FA4F71,5449536F,F9790FD0,C8F310FE"/><T121/><N who="0" m="31008" /><T37/><D35/><U91/><E108/><V128/><F75/><T76/><D37/><U90/><E0/><V40/><F34/><T115/><D68/><U56/><REACH who="1" step="1"/><E103/><REACH who="1" step="2"/><V55/><F128/><T125/><D111/><U71/><E71/><V73/><F70/><T47/><D118/><U72/><E72/><V105/><F73/><T96/><D116/><U135/><E135/><V78/><F133/><T132/><D132/><U2/><E2/><V113/><F117/><T33/><D33/><U110/><E110/><V80/><F113/><T94/><D114/><U49/><E49/><V88/><F36/><T32/><D115/><U77/><E77/><V122/><F122/><T95/><D32/><U39/><E39/><V50/><F105/><T42/><D106/><U54/><AGARI ba="0,1" hai="46,48,53,54,56,63,65,67,82,85,90,91,92,98" machi="54" ten="20,3900,0" yaku="1,1,0,1,7,1,8,1,53,0" doraHai="131" doraHaiUra="1" who="1" fromWho="1" sc="350,-26,340,49,350,-13,0,0" /><INIT seed="1,0,0,0,3,123" ten="324,389,337,0" oya="1" hai0="113,45,129,39,74,51,98,120,82,57,130,73,75" hai1="32,72,77,70,54,40,97,126,122,94,134,89,64" hai2="109,71,33,53,114,48,112,103,43,108,85,1,107" hai3="" shuffle="mt19937ar,7E3EDE27,2583F804,DE4D773A,0FEABF3C,204D3B9F,8DCFB3F6,FA75C4D8,3DBF5D25"/><U67/><N who="1" m="31264" /><U66/><E32/><V95/><F1/><T91/><N who="0" m="30752" /><T110/><D113/><N who="2" m="43626" /><F33/><T0/><D0/><U105/><E126/><V83/><F71/><T132/><D132/><U68/><E134/><V69/><F69/><T93/><D39/><U102/><E40/><V117/><F43/><T52/><D82/><U96/><E77/><V47/><F107/><T42/><REACH who="0" step="1"/><D110/><REACH who="0" step="2"/><U49/><REACH who="1" step="1"/><E72/><REACH who="1" step="2"/><V62/><F109/><T34/><D34/><U60/><E60/><V127/><F62/><T118/><D118/><U78/><E78/><V119/><F108/><T131/><D131/><U84/><E84/><V86/><F127/><T100/><D100/><U36/><E36/><V81/><F86/><T41/><D41/><U128/><E128/><V63/><F63/><T92/><D92/><U61/><E61/><V135/><F135/><T87/><D87/><U76/><E76/><V124/><F124/><T90/><D90/><U111/><E111/><V50/><F103/><T65/><D65/><U106/><E106/><V99/><F85/><T58/><D58/><AGARI ba="0,2" hai="49,54,58,64,66,67,68,70,89,94,96,97,102,105" m="31264" machi="58" ten="40,7700,0" yaku="1,1,52,1,53,1" doraHai="123" doraHaiUra="55" who="1" fromWho="0" sc="314,-77,379,97,337,0,0,0" /><INIT seed="1,1,0,0,4,124" ten="237,476,337,0" oya="1" hai0="68,130,129,0,37,40,128,59,39,111,133,93,126" hai1="97,42,56,36,72,70,131,119,98,65,116,60,89" hai2="53,104,118,55,78,3,90,113,121,71,41,100,122" hai3="" shuffle="mt19937ar,848126B4,BBD4A6BC,E81F18E6,671C4B77,61F01E14,9B0A532B,7ED1F0D6,9C18CF50"/><U76/><E72/><V96/><F3/><T2/><D68/><U58/><E76/><V92/><F118/><T82/><D126/><U112/><E112/><V134/><N who="2" m="31008" /><V109/><N who="2" m="31264" /><V105/><F113/><T103/><D111/><U48/><E89/><V47/><F109/><T61/><D82/><U64/><E98/><V54/><F134/><T75/><D75/><U102/><E97/><V32/><F32/><T35/><D35/><U91/><E102/><V107/><F71/><T108/><D108/><U88/><E91/><V49/><REACH who="2" step="1"/><F78/><REACH who="2" step="2"/><T74/><D133/><U106/><E119/><V135/><F135/><T84/><D2/><U77/><E116/><V57/><F57/><T1/><D0/><U114/><E77/><V34/><F34/><T79/><D1/><U46/><E114/><V80/><F80/><T45/><D79/><U52/><E58/><V62/><F62/><T99/><D59/><U101/><E56/><V85/><AGARI ba="1,1" hai="41,47,49,53,54,55,85,90,92,96,100,104,105,107" m="31264,31008" machi="85" ten="30,5900,0" yaku="1,1,0,1,52,2,53,0" doraHai="124" doraHaiUra="127" who="2" fromWho="2" sc="237,-21,476,-40,327,71,0,0" /><INIT seed="2,0,0,4,3,132" ten="216,436,398,0" oya="2" hai0="125,39,109,67,122,87,103,105,34,108,84,58,46" hai1="102,107,96,59,80,123,98,78,33,71,100,115,37" hai2="121,76,36,2,48,51,54,119,62,73,117,79,74" hai3="" shuffle="mt19937ar,ADA19A1E,FB3C6A2D,94857E9C,6384F4A1,1B192B8F,B86EDDFF,21BAAD76,2C306EEE"/><V43/><F2/><T49/><N who="0" m="31264" /><T70/><D34/><U133/><N who="1" m="31520" /><U1/><E71/><V57/><N who="2" m="31008" /><V94/><F36/><T95/><D67/><U113/><E37/><V63/><F94/><T129/><D70/><U42/><E42/><V114/><F43/><T35/><D39/><U68/><E68/><V40/><F40/><T86/><D35/><U3/><E33/><V110/><F110/><T0/><D58/><U85/><E133/><V45/><F114/><T47/><D0/><U55/><E3/><V93/><F93/><T72/><D72/><U81/><E81/><V91/><F91/><T83/><D129/><U69/><E69/><V65/><F65/><T64/><D105/><U126/><E1/><V38/><F38/><T41/><D64/><U128/><E128/><V90/><F90/><T60/><D83/><U130/><E130/><V56/><F45/><T66/><D47/><U116/><E115/><V124/><F54/><T88/><D41/><U134/><E113/><V106/><F106/><T50/><D108/><U82/><E107/><V44/><F44/><T75/><D46/><U118/><E55/><V97/><F97/><T104/><D109/><U131/><E98/><V99/><F99/><RYUUKYOKU ba="0,0" sc="216,-10,436,-10,398,20,0,0" hai2="48,51,56,57,62,63,73,74,76,79,117,119,124" /><INIT seed="2,1,0,0,5,94" ten="206,426,418,0" oya="2" hai0="32,88,37,100,101,40,70,135,54,104,53,69,44" hai1="125,52,64,84,108,119,112,49,62,115,117,59,102" hai2="73,1,80,42,99,58,116,61,86,98,68,128,124" hai3="" shuffle="mt19937ar,78A0DFAD,350AB46A,F4946A59,B2899AF4,3601B3DA,B2587DF6,B5971ACE,064A98AF"/><V83/><F1/><T133/><D32/><U96/><E84/><V109/><F116/><N who="1" m="44617" /><E125/><V63/><F124/><T134/><D88/><U45/><E108/><V2/><F2/><T107/><D100/><U103/><E103/><V97/><F128/><T87/><D87/><U67/><E64/><V75/><F109/><T126/><D126/><U72/><E72/><V65/><F42/><T50/><D101/><U121/><N who="1" m="31008" /><U85/><E85/><V113/><F113/><T39/><D107/><AGARI ba="1,0" hai="45,49,52,59,62,67,96,102,107,112,115" m="31008,44617" machi="107" ten="30,7700,0" yaku="12,1,52,2,54,1" doraHai="94" who="1" fromWho="0" sc="206,-79,426,79,418,0,0,0" /><INIT seed="4,0,0,5,0,50" ten="127,505,418,0" oya="0" hai0="86,112,2,1,108,118,116,133,80,135,74,69,70" hai1="92,111,95,89,61,82,81,99,107,48,44,106,124" hai2="0,41,125,88,32,121,117,53,55,114,130,126,42" hai3="" shuffle="mt19937ar,C15875FB,B2C504B8,55EDC20F,C2AF60DA,FDC39178,293EC96F,DCDF8BFC,40A4DF37"/><T113/><D86/><U84/><E111/><V77/><F0/><N who="0" m="106" /><D80/><U98/><E124/><N who="2" m="47723" /><F32/><T49/><D49/><U58/><E106/><V68/><N who="2" m="31008" /><V100/><F114/><N who="0" m="44138" /><D74/><U123/><N who="1" m="31520" /><U63/><E107/><V94/><F130/><T120/><N who="0" m="30752" /><T45/><D45/><U75/><E75/><V90/><F68/><N who="0" m="26218" /><D108/><U62/><E58/><V79/><F100/><T57/><D57/><U85/><E82/><V115/><F115/><T96/><D96/><N who="1" m="36907" /><E85/><V33/><F94/><T103/><D103/><U36/><E36/><V54/><F33/><T60/><D60/><U128/><E128/><V65/><F65/><T37/><D37/><U102/><E102/><V131/><F131/><T132/><AGARI ba="0,0" hai="116,118,132,133,135" m="26218,30752,44138,106" machi="132" ten="50,12000,2" yaku="28,2,20,1,15,1,31,2,52,1" doraHai="50" who="0" fromWho="0" sc="127,120,505,-60,418,-60,0,0" /><INIT seed="4,1,0,2,5,79" ten="247,445,358,0" oya="0" hai0="102,109,3,95,127,125,110,116,53,46,32,65,66" hai1="123,93,135,111,94,68,112,89,61,131,117,71,83" hai2="62,101,82,44,124,104,118,76,105,0,103,80,77" hai3="" shuffle="mt19937ar,13850EF0,E256AE71,2263F4B7,3F18A152,DADCEAFD,9C434A61,32A9D4A1,3D8D16E7"/><T37/><D3/><U67/><N who="1" m="31520" /><U108/><E117/><V85/><F0/><T50/><D32/><U114/><E131/><V56/><F118/><T113/><D116/><U92/><E71/><V41/><F124/><N who="0" m="47690" /><D102/><U115/><E135/><V63/><F105/><T51/><D95/><U119/><E119/><V73/><F104/><T86/><D86/><AGARI ba="1,0" hai="61,67,68,83,86,89,92,93,94,108,111,112,114,115" m="31520" machi="86" ten="50,8000,1" yaku="15,1,11,1,52,2" doraHai="79" who="1" fromWho="0" sc="247,-82,445,82,358,0,0,0" /><INIT seed="5,0,0,0,2,106" ten="165,527,358,0" oya="1" hai0="66,1,109,101,100,59,72,108,95,58,47,127,90" hai1="123,71,69,91,96,33,121,104,76,49,115,116,93" hai2="73,124,98,117,99,94,61,70,45,36,129,82,32" hai3="" shuffle="mt19937ar,36176872,C25D0489,49596B46,CA837A78,E47DFCF5,00B512C2,6B7D6CE7,E7484F19"/><U87/><N who="1" m="31008" /><U80/><N who="1" m="31520" /><U107/><E33/><V132/><F32/><T86/><D1/><U125/><E116/><V75/><F117/><T57/><D127/><U65/><E125/><V43/><F124/><T37/><D66/><U112/><E49/><V51/><F129/><T105/><D105/><N who="1" m="40523" /><E65/><V103/><F132/><T111/><D37/><U83/><E69/><V120/><N who="2" m="30752" /><V55/><F99/><T134/><D134/><U39/><E71/><V0/><F0/><T113/><D113/><N who="1" m="43595" /><E39/><V81/><F70/><T133/><D47/><U41/><E41/><V48/><F61/><T35/><D35/><U88/><E83/><V84/><F81/><T63/><D63/><U64/><E64/><V114/><F114/><T118/><D118/><U135/><E135/><V2/><F2/><T122/><N who="0" m="31264" /><T60/><D133/><U92/><E92/><V67/><F67/><T78/><REACH who="0" step="1"/><D60/><REACH who="0" step="2"/><U119/><E119/><V42/><F36/><T89/><D89/><AGARI ba="0,1" hai="76,80,87,88,89,91,93,96" m="43595,40523,31520,31008" machi="89" ten="30,18000,2" yaku="15,1,34,2,52,2,54,1" doraHai="106" who="1" fromWho="0" sc="155,-180,527,190,358,0,0,0" owari="-25,-63,717,67,358,-4,0,0" /></mjloggm>