<mjloggm ver="2.3"><GO type="185"/><UN n0="%E3%80%93%E3%81%84%E3%81%A1%E3%81%AF%E3%82%89%E3%80%93" n1="%E5%83%8D%E3%81%8D%E3%81%9F%E3%81%8F%E3%81%AA%E3%81%84" n2="%E3%81%A8%E3%81%84%E3%81%A4%E3%81%BE%E3%81%99%E3%81%9F%E3%81%81%E2%99%AA" n3="" dan="18,17,16,0" rate="2241,2193,2143,1500" sx="M,M,M,C"/><TAIKYOKU oya="0"/><INIT seed="0,0,0,0,5,40" ten="350,350,350,0" oya="0" hai0="100,91,57,115,131,32,129,87,124,90,119,47,71" hai1="64,135,51,88,106,55,43,42,114,118,107,65,68" hai2="105,96,117,110,2,89,1,63,133,75,116,52,132" hai3="" shuffle="mt19937ar,E2709AEB,D4F13738,7D905AA3,32AFDC72,BA98FC91,6F82621E,91F4DF39,9E0A5375"/><T122/><N who="0" m="31264" /><T98/><D71/><U134/><E118/><N who="2" m="45675" /><F75/><T59/><D115/><U92/><E114/><V78/><F78/><T3/><D3/><N who="2" m="1034" /><F110/><T104/><D32/><U111/><E111/><V84/><F105/><T46/><D124/><U99/><E106/><V56/><F96/><T45/><D119/><U69/><E107/><V58/><F58/><T62/><D59/><U127/><E127/><V108/><F108/><T61/><D61/><U83/><E68/><V33/><F33/><T113/><D113/><U103/><E69/><V95/><AGARI ba="0,0" hai="52,56,63,84,89,95,132,133" m="1034,45675" machi="95" ten="40,2000,0" yaku="12,1,54,1" doraHai="40" who="2" fromWho="2" sc="350,-13,350,-7,350,20,0,0" /><INIT seed="1,0,0,3,3,0" ten="337,343,370,0" oya="1" hai0="98,122,84,94,45,42,96,129,46,51,77,58,89" hai1="83,112,61,114,37,3,52,82,2,36,127,100,90" hai2="103,125,104,74,111,97,110,34,49,115,33,79,119" hai3="" shuffle="mt19937ar,6B0CDD15,C14E32A4,FCA0AA4A,37D4E370,C1C12DDE,FF5D7FFF,10B0B610,F833DDA1"/><U101/><E61/><V92/><F119/><T40/><N who="0" m="31264" /><T44/><D129/><U57/><E57/><V72/><F115/><T124/><D124/><U75/><E127/><V135/><F125/><T81/><D98/><U71/><E90/><V109/><F135/><T48/><REACH who="0" step="1"/><D58/><REACH who="0" step="2"/><U78/><E71/><V105/><F49/><AGARI ba="0,1" hai="40,42,44,45,46,48,49,51,77,81,84,89,94,96" m="31264" machi="49" ten="40,8000,1" yaku="1,1,2,1,8,1,52,1,53,1" doraHai="0" doraHaiUra="87" who="0" fromWho="2" sc="327,90,343,0,370,-80,0,0" /><INIT seed="2,0,0,0,1,134" ten="417,343,290,0" oya="2" hai0="86,113,43,105,114,130,51,118,78,40,72,81,96" hai1="53,48,63,99,65,82,94,122,34,46,84,85,126" hai2="127,115,102,95,116,73,100,1,54,97,37,61,101" hai3="" shuffle="mt19937ar,744C1B3A,3DD76451,AA7DB303,E96D511C,B9ACA637,FB20CC20,2028BED9,9A580827"/><V119/><F37/><T42/><D118/><N who="2" m="45098" /><F61/><T49/><D130/><U44/><N who="1" m="31264" /><U2/><E126/><V64/><F64/><T56/><D72/><U58/><E34/><V68/><F68/><T117/><D117/><U41/><E2/><V70/><F54/><T47/><D105/><U104/><E104/><V45/><F45/><T39/><D96/><U132/><E132/><V57/><F57/><T109/><D109/><U133/><E133/><V128/><F70/><T75/><D75/><U67/><E82/><V50/><F50/><T69/><D69/><U110/><E110/><V36/><F36/><T92/><D92/><U124/><E124/><V79/><F1/><T111/><D111/><U66/><REACH who="1" step="1"/><E44/><REACH who="1" step="2"/><V89/><F127/><T135/><D135/><U55/><E55/><V83/><F128/><T131/><D131/><U76/><E76/><V112/><AGARI ba="0,1" hai="73,79,83,89,95,97,100,101,102,112,115" m="45098" machi="112" ten="40,2600,0" yaku="34,2" doraHai="134" who="2" fromWho="2" sc="417,-13,333,-13,290,36,0,0" /><INIT seed="2,1,0,0,4,130" ten="404,320,326,0" oya="2" hai0="123,119,132,95,43,3,60,42,127,93,44,103,110" hai1="65,129,92,131,97,46,120,114,78,1,47,80,105" hai2="56,0,134,35,72,133,63,106,2,49,99,116,107" hai3="" shuffle="mt19937ar,9164F87A,AF976126,353273BC,8C4B7CE1,F9F302ED,1D1F240B,2C08E1EA,3A88265E"/><V41/><F35/><T82/><N who="0" m="31520" /><T71/><D3/><U37/><N who="1" m="30752" /><U87/><E114/><V126/><F72/><T90/><D119/><U39/><E1/><N who="2" m="619" /><F116/><T96/><D127/><U54/><E105/><N who="2" m="39947" /><F99/><T62/><D71/><U74/><E65/><V67/><F126/><T48/><D43/><U70/><E70/><V91/><F91/><T59/><D62/><U66/><E66/><V118/><F118/><T88/><D82/><U68/><E68/><V86/><F86/><T81/><D81/><U108/><E87/><V58/><F41/><T84/><D103/><U77/><E80/><V51/><F58/><T122/><N who="0" m="31264" /><T109/><REACH who="0" step="1"/><D132/><AGARI ba="1,0" hai="49,51,56,63,67,132,133,134" m="39947,619" machi="132" ten="40,12000,1" yaku="20,1,52,3" doraHai="130" who="2" fromWho="0" sc="404,-122,320,0,326,122,0,0" /><INIT seed="2,2,0,3,4,84" ten="282,320,448,0" oya="2" hai0="123,108,122,68,69,65,45,129,133,92,41,104,67" hai1="73,75,78,103,82,48,62,54,3,74,50,0,76" hai2="87,95,77,42,116,100,38,44,52,113,90,96,105" hai3="" shuffle="mt19937ar,7F21121F,C86956C2,2956E19F,E7A97A6A,BD832A23,F1E71239,67BECD73,038011C5"/><V110/><F116/><T64/><N who="0" m="31264" /><T99/><N who="0" m="31520" /><T117/><D104/><U61/><E103/><V71/><F71/><T32/><D32/><U109/><E109/><V2/><F2/><T98/><D117/><U36/><E36/><V80/><F113/><T97/><D108/><U49/><E54/><V34/><F110/><T85/><D129/><U101/><E101/><V46/><F34/><T124/><D124/><U51/><N who="1" m="12288" /><DORA hai="118" /><U83/><REACH who="1" step="1"/><E74/><REACH who="1" step="2"/><V70/><F44/><T130/><D130/><U114/><E114/><V102/><F102/><T107/><D107/><U81/><E81/><V88/><F52/><T53/><D53/><U39/><E39/><V59/><F70/><T56/><D56/><U55/><E55/><V43/><F59/><T126/><D126/><U112/><E112/><V58/><F58/><T135/><D45/><U131/><E131/><V60/><F43/><T134/><D41/><U47/><E47/><V125/><F125/><T89/><AGARI ba="2,1" hai="64,65,67,68,69,85,89,92,97,98,99,133,134,135" m="31520,31264" machi="89" ten="40,12000,3" yaku="0,1,29,2,20,1,52,5" doraHai="84,118" who="0" fromWho="0" sc="282,134,310,-42,448,-82,0,0" /><INIT seed="4,0,0,2,1,129" ten="416,268,366,0" oya="0" hai0="132,88,57,111,78,35,38,119,130,40,59,76,52" hai1="72,69,43,44,47,51,93,121,85,34,109,94,108" hai2="65,120,82,103,41,50,84,49,66,48,114,36,68" hai3="" shuffle="mt19937ar,F1595305,1E11C280,1BBD5EBB,A72156E2,B940608C,5B407A1A,5677165F,8474E3C7"/><T0/><D35/><U32/><N who="1" m="31008" /><U112/><E72/><V71/><N who="2" m="30752" /><V60/><F103/><T53/><D0/><U83/><E69/><N who="2" m="26699" /><F84/><T105/><D105/><U133/><E112/><V95/><F95/><T54/><D130/><U113/><E113/><V134/><F82/><T128/><D128/><U37/><E32/><V81/><F81/><T115/><D115/><U45/><E45/><V97/><F97/><T77/><D111/><U99/><E34/><V67/><F114/><T73/><D119/><U74/><E74/><V116/><F116/><T63/><D40/><U33/><E33/><V124/><F124/><T92/><D38/><U126/><E94/><V91/><F91/><T125/><D125/><U62/><E62/><V2/><F2/><T42/><D42/><U104/><E104/><V79/><F79/><T100/><D100/><U64/><E43/><V118/><F118/><T56/><D63/><U98/><E126/><V117/><F117/><T80/><REACH who="0" step="1"/><D132/><REACH who="0" step="2"/><U61/><E61/><V131/><F134/><T89/><D89/><U110/><E133/><V122/><N who="2" m="31264" /><V90/><F90/><T96/><AGARI ba="0,1" hai="52,53,54,56,57,59,73,76,77,78,80,88,92,96" machi="96" ten="30,7800,0" yaku="1,1,0,1,54,2,53,0" doraHai="129" doraHaiUra="46" who="0" fromWho="0" sc="406,88,268,-39,366,-39,0,0" /><INIT seed="4,1,0,3,2,133" ten="494,229,327,0" oya="0" hai0="44,57,84,125,43,88,62,108,0,80,46,124,107" hai1="74,97,58,60,76,117,52,98,89,59,37,66,77" hai2="105,86,127,94,68,130,73,50,109,48,51,116,2" hai3="" shuffle="mt19937ar,328ECC9C,C898500A,214B4B51,8B3FC678,3FD50088,7B116FE4,BDCBDA1E,E14E7AF1"/><T69/><D0/><U131/><E131/><V95/><F86/><T120/><N who="0" m="30752" /><T114/><D107/><U132/><E132/><V119/><F95/><T96/><D69/><U102/><E117/><V40/><F94/><T123/><N who="0" m="31520" /><T83/><D108/><U54/><E37/><V55/><F55/><T61/><D114/><U38/><E38/><V82/><F82/><T35/><D35/><U90/><E74/><V70/><F51/><T53/><D96/><U71/><E71/><V92/><F50/><T49/><D83/><U93/><E66/><V3/><F48/><T112/><D112/><U75/><E75/><V87/><F40/><T134/><D134/><U79/><REACH who="1" step="1"/><E98/><REACH who="1" step="2"/><V67/><F119/><T65/><D46/><U106/><E106/><V104/><F70/><T118/><D118/><U63/><AGARI ba="1,1" hai="52,54,58,59,60,63,76,77,79,89,90,93,97,102" machi="63" ten="30,6000,1" yaku="1,1,0,1,9,1,8,1,54,1,53,0" doraHai="133" doraHaiUra="1" who="1" fromWho="1" sc="494,-41,219,72,327,-21,0,0" /><INIT seed="5,0,0,3,4,40" ten="453,291,306,0" oya="1" hai0="95,125,111,133,66,67,124,78,106,79,52,117,90" hai1="129,43,45,98,50,80,51,38,118,100,47,68,69" hai2="110,131,122,116,55,127,82,115,0,74,70,114,99" hai3="" shuffle="mt19937ar,9F470313,4E48AA0A,00C6D774,B69B790A,70802925,E142A3EB,A1A2DD51,81BE1E34"/><U60/><E118/><V58/><RYUUKYOKU type="yao9" ba="0,0" sc="453,0,291,0,306,0,0,0" hai2="0,55,58,70,74,82,99,110,114,115,116,122,127,131" /><INIT seed="5,1,0,5,5,85" ten="453,291,306,0" oya="1" hai0="50,53,70,124,129,33,82,40,87,61,63,34,54" hai1="66,96,105,32,121,97,123,113,64,73,126,111,60" hai2="65,95,90,86,74,52,100,67,59,94,125,107,45" hai3="" shuffle="mt19937ar,06EE4354,A3CC6F96,7B9C0CC2,7D6C59FD,882D5214,7F5CFE7C,48452ED7,848622BD"/><U57/><N who="1" m="31008" /><U117/><N who="1" m="31520" /><U35/><E117/><V133/><F125/><T135/><D124/><U106/><E126/><V92/><F133/><T38/><D129/><U112/><E73/><V132/><F74/><T130/><D130/><U127/><E127/><V36/><F132/><T83/><D135/><U114/><E111/><V39/><F107/><N who="1" m="40969" /><E66/><V88/><F100/><T102/><D102/><U46/><E46/><V80/><F90/><T131/><D131/><U58/><E58/><V43/><REACH who="2" step="1"/><F36/><REACH who="2" step="2"/><T89/><D38/><U62/><E62/><AGARI ba="1,1" hai="39,43,45,52,59,62,65,67,80,86,88,92,94,95" machi="62" ten="40,8000,1" yaku="1,1,2,1,52,1,54,2,53,0" doraHai="85" doraHaiUra="75" who="2" fromWho="1" sc="453,0,291,-82,296,92,0,0" /><INIT seed="6,0,0,2,1,101" ten="453,209,388,0" oya="2" hai0="61,1,74,133,41,58,129,134,97,64,54,122,114" hai1="110,71,90,3,126,69,76,105,135,35,55,43,92" hai2="34,116,95,39,83,109,48,45,118,78,52,60,119" hai3="" shuffle="mt19937ar,51B08294,D6DE124E,CBCA3D83,B72B378F,BB1D4A3D,46ECAB99,54089200,5B43388D"/><V75/><F34/><T121/><N who="0" m="31008" /><T117/><N who="0" m="31264" /><T100/><D1/><U107/><E3/><V2/><F2/><T102/><D117/><U36/><E35/><V47/><F109/><T93/><D74/><U120/><N who="1" m="30752" /><U79/><E110/><V72/><F60/><T38/><D129/><U80/><E126/><V132/><F132/><N who="0" m="50794" /><D114/><U68/><E135/><V111/><F111/><T56/><D41/><U128/><E128/><V124/><F124/><T106/><D38/><U96/><E79/><V53/><F95/><T103/><D93/><U50/><E36/><V86/><REACH who="2" step="1"/><F39/><REACH who="2" step="2"/><T98/><D106/><U40/><E40/><V113/><F113/><T70/><D70/><U127/><E43/><V66/><F66/><T115/><D115/><U82/><E127/><V0/><F0/><T42/><D42/><U130/><E130/><V99/><F99/><T88/><D88/><U49/><E49/><AGARI ba="0,1" hai="45,47,48,49,52,53,72,75,78,83,86,116,118,119" machi="49" ten="40,7700,0" yaku="1,1,9,1,54,1,53,0" doraHai="101" doraHaiUra="123" who="2" fromWho="1" sc="453,0,209,-77,378,87,0,0" /><AGARI ba="0,0" hai="49,54,56,58,61,64,97,98,100,102,103" m="50794,31264,31008" machi="49" ten="30,3900,0" yaku="20,1,52,2" doraHai="101" who="0" fromWho="1" sc="453,39,132,-39,465,0,0,0" /><INIT seed="6,1,0,5,2,81" ten="492,93,465,0" oya="2" hai0="122,47,66,83,58,132,77,89,86,73,69,104,53" hai1="110,79,44,42,82,93,125,51,87,108,57,48,0" hai2="98,112,107,119,92,99,96,35,127,72,114,70,130" hai3="" shuffle="mt19937ar,F6C0732C,EB74711E,769E17A5,6BE1ED21,AEDBDE3F,2A1B0C40,5DB1D4F1,C71EE488"/><V2/><RYUUKYOKU type="yao9" ba="1,0" sc="492,0,93,0,465,0,0,0" hai2="2,35,70,72,92,96,98,99,107,112,114,119,127,130" /><INIT seed="6,2,0,2,0,98" ten="492,93,465,0" oya="2" hai0="65,36,121,95,1,39,64,135,126,117,110,77,46" hai1="34,133,109,76,132,42,116,85,74,66,68,108,0" hai2="88,69,83,49,129,93,73,118,87,81,84,127,75" hai3="" shuffle="mt19937ar,A93903A7,126B843F,FB953C67,7B2692B8,70C0F196,18462A8E,B4C7E9F5,2DA3FB59"/><V86/><F69/><T128/><N who="0" m="31008" /><T82/><D1/><U71/><E85/><N who="2" m="32875" /><F49/><T101/><D117/><U106/><E76/><V80/><F118/><T2/><D2/><U52/><E52/><V32/><F32/><T37/><D110/><U48/><E48/><V63/><F63/><T58/><D135/><U40/><E66/><V99/><F129/><T90/><D128/><U33/><E42/><V70/><F70/><T100/><D46/><U41/><E40/><V59/><F59/><T3/><D3/><U131/><E41/><V104/><F127/><T130/><D130/><U51/><E51/><V105/><N who="2" m="32883" /><V119/><DORA hai="89" /><F119/><T47/><D126/><U45/><E45/><V134/><F134/><T38/><D47/><U122/><E68/><V55/><F55/><T57/><N who="0" m="9216" /><DORA hai="62" /><T114/><D58/><U79/><E133/><V60/><F60/><T115/><D65/><U103/><E34/><V61/><F61/><T97/><D64/><U96/><N who="1" m="31264" /><U111/><E111/><V44/><F44/><T43/><D43/><U35/><E109/><V124/><F124/><T72/><D57/><U92/><E108/><V125/><F125/><T120/><N who="0" m="30752" /><T107/><D90/><U94/><E0/><RYUUKYOKU ba="2,0" sc="492,10,93,-20,465,10,0,0" hai0="72,77,82,95,97,100,101,107,114,115" hai2="73,75,80,81,83,88,93,99,104,105" /><INIT seed="6,3,0,0,3,42" ten="502,73,475,0" oya="2" hai0="130,57,62,135,80,49,129,43,121,69,124,55,82" hai1="92,95,88,106,78,104,77,126,112,74,72,101,111" hai2="50,125,64,102,100,73,98,70,131,34,54,127,114" hai3="" shuffle="mt19937ar,592F1F94,A7BD3EE0,880D7097,26E97466,C8081FA3,B27C4E36,292E94FF,C5083B35"/><V3/><F3/><T117/><N who="0" m="31008" /><T47/><D117/><U76/><E126/><N who="2" m="48139" /><F34/><T71/><D124/><U109/><E111/><V1/><F1/><T46/><D135/><U86/><E112/><V44/><F114/><T132/><D132/><U67/><E67/><V75/><F131/><N who="0" m="50186" /><D47/><U108/><E109/><V58/><F70/><AGARI ba="3,0" hai="43,46,49,55,57,62,69,70,71,80,82" m="50186,31008" machi="70" ten="30,3900,0" yaku="19,1,52,2" doraHai="42" who="0" fromWho="2" sc="502,45,73,0,475,-45,0,0" owari="547,50,73,-53,430,3,0,0" /></mjloggm>