<mjloggm ver="2.3"><GO type="225"/><UN n0="%E3%82%B9%E3%83%91%E3%83%BC%E3%82%AF%E3%82%B9" n1="%EF%BC%88%EF%BC%8A%EF%BC%9E%EF%BC%9C%EF%BC%89" n2="%74%EF%BC%9C%6E" n3="%E9%9B%81%E7%BA%8F" dan="16,17,16,16" rate="2036,2201,2077,2074" sx="F,F,F,M"/><TAIKYOKU oya="0"/><INIT seed="0,0,0,0,2,14" ten="250,250,250,250" oya="0" hai0="98,53,104,132,57,40,75,101,123,96,65,20,7" hai1="29,130,99,19,121,24,8,62,37,115,18,17,114" hai2="44,45,86,48,125,87,107,52,1,102,54,61,120" hai3="70,13,51,49,9,76,47,127,6,35,122,112,66" shuffle="mt19937ar,03DF01B3,03829158,895330BB,ABDDC14B,B668DB75,F0702E1B,3A299341,45842A90"/><T28/><D123/><U128/><E37/><V11/><F120/><W79/><G35/><T55/><D75/><U31/><E121/><V58/><F125/><W91/><G112/><N who="1" m="43050" /><E62/><V77/><F77/><W33/><G33/><T110/><D132/><U41/><E41/><V117/><F117/><W43/><G127/><T46/><D7/><U97/><E8/><V27/><F27/><W74/><G74/><T36/><D98/><N who="1" m="37387" /><E31/><V23/><F107/><W124/><G124/><T5/><D5/><U80/><E80/><V103/><F23/><AGARI ba="0,0" hai="17,18,19,23,24,29,128,130" m="37387,43050" machi="23" ten="40,8000,1" yaku="11,1,52,3" doraHai="14" who="1" fromWho="2" sc="250,0,250,80,250,-80,250,0" /><INIT seed="1,0,0,2,2,20" ten="250,330,170,250" oya="1" hai0="10,105,46,103,12,84,3,14,88,65,4,104,115" hai1="102,31,23,94,111,133,58,134,121,24,71,86,17" hai2="95,48,90,132,122,118,68,128,116,32,78,55,22" hai3="63,130,37,62,40,99,54,123,120,74,98,8,108" shuffle="mt19937ar,59399C5B,0B819BEC,6DD832D8,F837D4F4,B0B0DE21,8171536E,2A5D2536,F141DD5C"/><U114/><E71/><V49/><F32/><W53/><G74/><T92/><D115/><U100/><E114/><V29/><F122/><W25/><G108/><T1/><D65/><U42/><E42/><V72/><F68/><W34/><G130/><T64/><D64/><U59/><E121/><V83/><F128/><W6/><G37/><T119/><D119/><U127/><E111/><V85/><F132/><N who="1" m="50793" /><E127/><V87/><F72/><W129/><G40/><T107/><D103/><N who="1" m="39467" /><E86/><V7/><F7/><W11/><G129/><T9/><REACH who="0" step="1"/><D46/><REACH who="0" step="2"/><U50/><E94/><V27/><REACH who="2" step="1"/><F49/><REACH who="2" step="2"/><W125/><G123/><T21/><D21/><N who="1" m="15759" /><E50/><V106/><F106/><W109/><G120/><T82/><D82/><U70/><E70/><V19/><F19/><AGARI ba="0,2" hai="1,3,4,9,10,12,14,19,84,88,92,104,105,107" machi="19" ten="40,2600,0" yaku="1,1,54,1,53,0" doraHai="20" doraHaiUra="43" who="0" fromWho="2" sc="240,46,330,0,160,-26,250,0" /><INIT seed="2,0,0,0,1,46" ten="286,330,134,250" oya="2" hai0="33,11,57,86,9,120,5,95,41,40,98,52,131" hai1="51,62,1,132,17,10,74,44,6,118,84,66,21" hai2="85,87,97,69,106,116,39,8,2,32,47,54,130" hai3="93,115,114,50,68,127,112,34,91,24,99,110,135" shuffle="mt19937ar,F67BC24D,5FCA26F7,5FD2F4BE,FBEE1595,D42B681F,8D7379F9,68C88904,74BEFD99"/><V80/><F116/><W81/><G68/><T134/><D120/><U31/><E74/><V113/><F113/><W72/><G135/><T128/><D33/><U7/><E7/><V96/><F32/><W124/><G110/><T25/><D25/><U103/><E132/><V105/><F69/><W70/><G70/><T23/><D23/><U83/><E31/><V101/><F130/><N who="0" m="49706" /><D86/><U49/><E103/><V56/><F2/><W4/><G4/><T29/><D29/><U30/><E30/><V22/><F8/><N who="0" m="3146" /><D5/><U71/><E44/><V107/><F22/><W19/><G19/><T78/><D78/><U26/><E118/><V102/><F106/><W12/><G12/><T77/><D77/><AGARI ba="0,0" hai="1,6,10,17,21,26,49,51,62,66,71,77,83,84" machi="77" ten="30,3900,0" yaku="7,1,52,2" doraHai="46" who="1" fromWho="0" sc="286,-39,330,39,134,0,250,0" /><INIT seed="3,0,0,2,0,18" ten="247,369,134,250" oya="3" hai0="33,9,91,13,51,58,124,7,121,72,96,106,2" hai1="109,98,31,36,50,56,131,104,63,119,67,94,75" hai2="64,93,48,86,57,84,21,65,46,101,55,62,90" hai3="38,5,40,12,70,78,29,128,66,22,82,129,85" shuffle="mt19937ar,696C74E6,D48D0FD3,65C72ACC,2819C187,4660AD90,5AA986A8,DB6B081E,1E4177BB"/><W32/><G32/><T111/><D121/><U97/><E36/><V52/><F101/><W16/><G29/><T133/><D72/><U87/><E75/><V20/><F84/><W71/><G5/><T134/><D33/><U35/><E131/><N who="3" m="50250" /><G66/><AGARI ba="0,0" hai="20,21,46,48,52,55,57,62,64,65,66,86,90,93" machi="66" ten="40,8000,1" yaku="8,1,52,2,54,1" doraHai="18" who="2" fromWho="3" sc="247,0,369,0,134,80,250,-80" owari="247,0,369,37,214,-14,170,-23" /></mjloggm>