<mjloggm ver="2.3"><GO type="225"/><UN n0="%E5%B1%B1%E5%B9%B8%E5%95%86%E5%BA%97" n1="%74%63%61%30%30" n2="%E5%88%BB%E5%AD%90%E5%B8%82%E6%B0%91" n3="%72%61%72%61%70%70%65" dan="17,16,17,16" rate="2169,2009,2134,2069" sx="M,M,M,M"/><TAIKYOKU oya="0"/><INIT seed="0,0,0,5,2,91" ten="250,250,250,250" oya="0" hai0="53,4,37,122,105,46,20,12,82,65,67,74,41" hai1="70,131,85,114,11,108,33,23,35,21,44,100,56" hai2="10,71,8,29,49,25,26,99,101,47,127,9,32" hai3="80,132,55,52,126,86,116,96,28,95,107,123,7" shuffle="mt19937ar,8711B6B5,E9591B62,5469DE27,6D8E1730,AA3F16CA,D5C7BDBA,96269FA3,4FDE1307"/><T31/><D105/><U66/><E70/><V54/><F127/><W19/><G116/><T120/><D53/><U130/><E100/><V64/><F71/><W118/><G118/><T111/><D111/><U68/><E68/><V38/><F64/><W59/><G126/><T42/><D42/><U3/><E44/><V17/><F38/><W24/><G107/><T117/><D117/><U103/><E103/><V94/><REACH who="2" step="1"/><F26/><REACH who="2" step="2"/><W134/><G134/><T72/><D67/><U18/><E66/><V106/><F106/><W110/><G132/><T63/><D120/><U48/><E108/><V13/><AGARI ba="0,1" hai="8,9,10,13,17,25,29,32,47,49,54,94,99,101" machi="13" ten="30,4000,0" yaku="1,1,0,1,52,1,53,0" doraHai="91" doraHaiUra="77" who="2" fromWho="2" sc="250,-20,250,-10,240,50,250,-10" /><INIT seed="1,0,0,3,1,87" ten="230,240,290,240" oya="1" hai0="130,46,81,48,14,121,53,84,44,105,54,17,90" hai1="23,29,117,3,0,34,69,18,31,41,134,58,8" hai2="116,109,98,50,128,131,45,6,37,27,26,102,47" hai3="135,52,56,39,77,86,22,10,71,75,7,57,99" shuffle="mt19937ar,C66ABF4F,393B87F9,A9F70D59,BD7956EE,45EB82A6,ADB809CC,3E459067,839BFDD8"/><U83/><E69/><V20/><F116/><W97/><G75/><T115/><D105/><U122/><E41/><V78/><F109/><W107/><G39/><T19/><D121/><U104/><E104/><V70/><F70/><W33/><G33/><T5/><D115/><U129/><E122/><V92/><F37/><W2/><G71/><T13/><D130/><N who="2" m="49706" /><F78/><W12/><G135/><T11/><D14/><N who="1" m="9687" /><E83/><V132/><F132/><W38/><G38/><T40/><D54/><U79/><E79/><V55/><F6/><W100/><G99/><T25/><D25/><N who="2" m="9226" /><F20/><W120/><G120/><T106/><D106/><U101/><E129/><V30/><F30/><N who="1" m="11273" /><E58/><AGARI ba="0,0" hai="45,47,50,55,58,92,98,102" m="9226,49706" machi="58" ten="30,1000,0" yaku="19,1" doraHai="87" who="2" fromWho="1" sc="230,0,240,-10,290,10,240,0" /><INIT seed="2,0,0,5,0,20" ten="230,230,300,240" oya="2" hai0="28,125,83,117,110,84,39,128,118,62,123,9,55" hai1="58,120,121,46,86,21,49,22,57,59,6,73,108" hai2="10,74,25,65,96,45,90,124,33,134,85,94,106" hai3="7,23,36,71,131,1,35,101,135,11,127,89,130" shuffle="mt19937ar,6DA516F9,9EBF9E82,CA78252F,74C52467,03E870C7,A80BC179,1CFFA031,4E569917"/><V26/><F74/><W81/><G71/><T99/><D123/><N who="1" m="47179" /><E73/><V111/><F33/><W0/><G35/><T61/><D39/><U64/><E108/><V68/><F111/><W88/><G36/><T102/><D110/><U34/><E34/><V91/><F68/><W18/><G101/><T29/><D128/><N who="3" m="49193" /><G127/><T30/><D9/><U100/><E64/><V132/><F65/><W69/><G69/><T126/><D55/><N who="1" m="30135" /><E6/><V32/><F124/><N who="0" m="47722" /><D62/><U52/><E100/><N who="2" m="62727" /><F32/><W3/><G135/><N who="2" m="51753" /><F45/><W43/><G43/><T76/><D61/><N who="1" m="36007" /><E86/><N who="2" m="52567" /><F10/><W80/><G81/><AGARI ba="0,0" hai="25,26,81,85,91" m="52567,51753,62727" machi="81" ten="30,5800,0" yaku="20,1,52,2" doraHai="20" who="2" fromWho="3" sc="230,0,230,0,300,58,240,-58" /><INIT seed="2,1,0,4,0,45" ten="230,230,358,182" oya="2" hai0="6,57,11,54,80,71,66,68,16,87,112,102,32" hai1="39,95,21,13,97,23,75,9,35,99,53,5,44" hai2="132,73,115,10,125,49,79,108,19,42,134,70,0" hai3="131,92,38,104,117,107,33,7,67,119,36,37,113" shuffle="mt19937ar,A0B6411E,9A34556B,4F20843F,98A0601D,83FB94C2,90038A8A,E73325E1,73260413"/><V81/><F70/><W77/><G33/><T98/><D32/><U18/><E75/><V114/><F115/><W129/><G77/><T83/><D66/><U110/><E35/><V52/><F114/><W31/><G31/><T76/><D83/><U50/><E39/><V4/><F42/><W78/><G78/><T2/><D112/><U120/><E120/><V106/><F106/><N who="3" m="40491" /><G67/><T62/><D16/><U25/><E110/><V90/><F108/><W72/><G113/><T51/><D62/><U135/><E135/><V85/><F19/><W127/><G92/><AGARI ba="1,0" hai="2,6,11,51,54,57,68,71,76,80,87,92,98,102" machi="92" ten="30,2000,0" yaku="7,1,52,1" doraHai="45" who="0" fromWho="3" sc="230,23,230,0,358,0,182,-23" /><INIT seed="3,0,0,0,3,24" ten="253,230,358,159" oya="3" hai0="9,80,123,117,56,85,124,126,114,65,95,64,83" hai1="79,14,125,19,134,109,62,104,73,33,45,88,122" hai2="116,47,38,13,82,76,27,133,8,50,106,103,39" hai3="101,28,68,87,75,77,41,0,30,96,10,18,59" shuffle="mt19937ar,EB9365A0,31B4D253,DAD63B8F,1DB52620,FFA42B97,5314767F,55E4A6C4,D0F9EA33"/><W31/><G68/><T44/><D123/><U108/><E122/><V102/><F116/><W34/><G75/><T25/><D117/><U32/><E104/><V86/><F133/><W26/><G41/><T84/><D44/><U107/><E107/><V21/><F106/><W58/><G0/><T89/><D9/><U69/><E134/><V42/><F38/><W94/><G34/><T121/><D121/><U97/><E125/><N who="0" m="48233" /><D114/><U49/><E79/><V71/><F71/><W131/><G131/><T99/><D25/><U93/><E73/><V91/><F91/><W12/><REACH who="3" step="1"/><G26/><REACH who="3" step="2"/><T4/><D4/><U60/><E69/><V61/><F39/><W78/><G78/><N who="0" m="46103" /><D56/><U1/><E1/><V52/><F42/><W17/><G17/><T100/><AGARI ba="0,1" hai="64,65,83,85,89,95,99,100" m="46103,48233" machi="100" ten="30,1100,0" yaku="18,1" doraHai="24" who="0" fromWho="0" sc="253,21,230,-3,358,-3,149,-5" owari="274,2,227,-12,355,36,144,-26" /></mjloggm>