<mjloggm ver="2.3"><GO type="225"/><UN n0="%E3%81%B5%E3%82%8B%E3%81%AD%E3%81%93%40%E4%BD%95%E5%88%87%E3%82%8B" n1="%6E%6F%72%69%73%69%6F" n2="%EF%BC%88%EF%BC%8A%EF%BC%9E%EF%BC%9C%EF%BC%89" n3="%E4%BA%8C%E4%B8%89%E8%B5%A4%E4%BA%94%EF%BC%94%EF%BC%96%EF%BC%98" dan="16,16,17,16" rate="2080,2002,2172,2037" sx="F,M,F,M"/><TAIKYOKU oya="0"/><INIT seed="0,0,0,4,2,117" ten="250,250,250,250" oya="0" hai0="27,21,50,84,65,105,119,12,13,24,45,125,113" hai1="15,87,56,130,74,49,80,30,42,43,20,122,16" hai2="44,77,101,4,41,36,39,76,96,132,78,83,79" hai3="123,29,104,124,35,61,107,1,92,91,52,93,71" shuffle="mt19937ar,4C3D34C7,80BB0EA4,83A2B37F,75B6FB98,CB9F083C,5C935276,48D682F0,1CCA588E"/><T115/><D119/><U34/><E74/><V75/><F132/><W134/><G1/><T98/><D125/><U18/><E130/><V85/><F36/><W82/><G134/><T106/><D65/><U133/><E133/><V26/><F26/><W68/><G82/><T57/><D57/><U108/><E108/><V114/><F114/><W37/><G37/><T31/><D84/><U109/><E109/><V64/><F64/><W112/><G112/><T121/><D121/><U55/><E122/><V118/><F118/><W28/><G91/><T120/><D120/><U19/><E34/><V25/><F25/><W58/><G123/><T69/><D69/><U103/><E103/><V63/><F63/><W127/><G58/><T60/><D60/><U126/><E126/><V7/><REACH who="2" step="1"/><F75/><REACH who="2" step="2"/><W33/><REACH who="3" step="1"/><G61/><REACH who="3" step="2"/><T46/><D50/><U81/><E81/><V102/><F102/><W2/><G2/><T38/><D38/><U47/><E56/><V128/><F128/><W89/><G89/><T10/><D113/><U116/><E116/><V51/><F51/><W94/><G94/><AGARI ba="0,2" hai="4,7,39,41,44,76,77,78,79,83,85,94,96,101" machi="94" ten="40,1300,0" yaku="1,1,53,0" doraHai="117" doraHaiUra="129" who="2" fromWho="3" sc="250,0,250,0,240,33,240,-13" /><INIT seed="1,0,0,0,0,26" ten="250,250,273,227" oya="1" hai0="97,114,129,118,111,9,133,90,0,83,20,61,66" hai1="5,43,32,78,16,15,91,38,17,95,117,3,100" hai2="36,11,18,130,12,40,30,67,52,72,80,33,128" hai3="6,86,103,74,19,107,70,13,132,7,122,22,131" shuffle="mt19937ar,54952251,DC712949,A1010ED2,AF72421A,DF9408C3,BA670B39,3FF21BB5,BA67CD43"/><U101/><E117/><V81/><F67/><W84/><G74/><T79/><D114/><U68/><E68/><V58/><F40/><W113/><G122/><T105/><D118/><U99/><E78/><V29/><F33/><W125/><G113/><T71/><D129/><N who="2" m="49770" /><F36/><W106/><G131/><T31/><D111/><U25/><E3/><V60/><F81/><W37/><G37/><T88/><D133/><U55/><E5/><V73/><F73/><W93/><G70/><T98/><D0/><U41/><E55/><V75/><F75/><W27/><G132/><T96/><D9/><U49/><E38/><V87/><F72/><W64/><G64/><T121/><D105/><U8/><E43/><V39/><F39/><W92/><G125/><T115/><D121/><U82/><E82/><V94/><F94/><W14/><G27/><T56/><D71/><U102/><E32/><V135/><F135/><W134/><G134/><T57/><D115/><U124/><E124/><V126/><F126/><W53/><G53/><T24/><D57/><U62/><E62/><V28/><F28/><W104/><G103/><T63/><REACH who="0" step="1"/><D61/><REACH who="0" step="2"/><U123/><E123/><V50/><F60/><W42/><G107/><T44/><D44/><N who="1" m="25743" /><E25/><V35/><F35/><W77/><G106/><T2/><D2/><U4/><AGARI ba="0,1" hai="4,8,15,16,17,91,95,99,100,101,102" m="25743" machi="4" ten="30,3000,0" yaku="8,1,54,1" doraHai="26" who="1" fromWho="1" sc="240,-10,250,40,273,-10,227,-10" /><INIT seed="1,1,0,4,3,96" ten="230,290,263,217" oya="1" hai0="105,62,56,28,104,66,126,33,69,3,106,95,41" hai1="73,44,49,42,121,37,11,75,70,20,57,36,92" hai2="65,1,108,99,97,83,22,23,9,29,87,77,10" hai3="124,0,5,8,58,114,6,91,35,123,18,86,63" shuffle="mt19937ar,BA7E2652,A655ACD8,E12C6BC7,A5B56E5C,3CE257E9,7C739D3C,B26452D6,AE05A8E5"/><U78/><E70/><V131/><F65/><W38/><G123/><T61/><D3/><U59/><E121/><V125/><F125/><W32/><G114/><T47/><D126/><U132/><E132/><V117/><F117/><W115/><G115/><T72/><D72/><U60/><E59/><V68/><F68/><W103/><G38/><T4/><D4/><U119/><E119/><V82/><F131/><W2/><G124/><T90/><D28/><U93/><E75/><V71/><F71/><W101/><G18/><T52/><D33/><U50/><E37/><V120/><F120/><W89/><G58/><T109/><D109/><U74/><E74/><V13/><F1/><W45/><G63/><T40/><REACH who="0" step="1"/><D47/><REACH who="0" step="2"/><U135/><E73/><N who="2" m="43311" /><F108/><W19/><G45/><T26/><D26/><U100/><E44/><V111/><F29/><W110/><G110/><T67/><D67/><U30/><E30/><V107/><F111/><W134/><G19/><T53/><D53/><U43/><E135/><V25/><F25/><W80/><G134/><T39/><D39/><U118/><E36/><V130/><F13/><W17/><G17/><T122/><D122/><U34/><E118/><V54/><F54/><W21/><G21/><T46/><D46/><U129/><E20/><V112/><F22/><W14/><G14/><T113/><D113/><U27/><E34/><V48/><F23/><W94/><G32/><T55/><D55/><U24/><E24/><V98/><F112/><W15/><G35/><T7/><D7/><U12/><E27/><V116/><F116/><W102/><G6/><RYUUKYOKU ba="1,1" sc="220,15,290,-15,263,-15,217,15" hai0="40,41,52,56,61,62,66,69,90,95,104,105,106" hai3="0,2,5,8,15,80,86,89,91,94,101,102,103" /><INIT seed="2,2,1,2,2,16" ten="235,275,248,232" oya="2" hai0="8,48,57,60,17,115,104,107,20,92,76,122,31" hai1="121,93,27,113,119,13,41,52,26,126,117,56,131" hai2="0,81,7,45,98,12,21,34,44,103,135,69,9" hai3="51,78,95,110,65,36,63,2,123,82,55,83,42" shuffle="mt19937ar,12AE27A9,C9E16249,A40B7943,35865C85,ED947015,E63D6A24,13E4070C,D4CFAB1E"/><V86/><F69/><W33/><G123/><T91/><D122/><U18/><E113/><V67/><F135/><W29/><G2/><T15/><D115/><U59/><E121/><V19/><F34/><W75/><G110/><T90/><D76/><U124/><E41/><V132/><F67/><W3/><G3/><T114/><D114/><U108/><E108/><V87/><F132/><W79/><G95/><T58/><D48/><U24/><E93/><V47/><REACH who="2" step="1"/><F81/><REACH who="2" step="2"/><W46/><G33/><T64/><D104/><AGARI ba="2,2" hai="0,7,9,12,19,21,44,45,47,86,87,98,103,104" machi="104" ten="40,7700,0" yaku="1,1,2,1,52,1,53,0" doraHai="16" doraHaiUra="23" who="2" fromWho="0" sc="235,-83,275,0,238,103,232,0" /><INIT seed="2,3,0,2,2,115" ten="152,275,341,232" oya="2" hai0="0,10,118,63,119,35,110,61,30,17,125,93,130" hai1="71,96,108,20,82,26,54,45,36,55,14,6,70" hai2="113,4,117,81,128,52,27,11,5,65,51,64,133" hai3="9,103,7,57,3,48,90,50,66,39,78,12,92" shuffle="mt19937ar,D6D83B28,57B65F19,E628FD4B,1684F92B,D39CB0BB,29B71D71,E4720F45,37EA5B22"/><V84/><F117/><N who="0" m="44554" /><D110/><U21/><E108/><V69/><F113/><W1/><G39/><T87/><D125/><U46/><E82/><V22/><F69/><W76/><G3/><T49/><D130/><U62/><E36/><V38/><F38/><W104/><G1/><T53/><D30/><U127/><E127/><V75/><F75/><W94/><G104/><T37/><D35/><U68/><E96/><V47/><F133/><W132/><G132/><T100/><D37/><U85/><E85/><V25/><F25/><W131/><G131/><T16/><D0/><U23/><E26/><V43/><F43/><W74/><G74/><T88/><D100/><U8/><E62/><N who="0" m="23561" /><D10/><U89/><E8/><V109/><F11/><W102/><G9/><T18/><D18/><U33/><E33/><V77/><F109/><W72/><G72/><T60/><N who="0" m="23569" /><T24/><DORA hai="42" /><D24/><U56/><E68/><V40/><F128/><W114/><G103/><T111/><D111/><U112/><E70/><V41/><F4/><W121/><G7/><T32/><D32/><U106/><E6/><V13/><F5/><W126/><G102/><T34/><D34/><U58/><E71/><V79/><F27/><W122/><G126/><T73/><D73/><U2/><E2/><V99/><F22/><W67/><G114/><T129/><D129/><U59/><E112/><V31/><F31/><W134/><G134/><T98/><D98/><U124/><E124/><V101/><F99/><W97/><G97/><T116/><N who="0" m="44562" /><T28/><DORA hai="107" /><D28/><U29/><E29/><V123/><F101/><RYUUKYOKU ba="3,0" sc="152,30,275,-10,341,-10,232,-10" hai0="16,17,49,53,87,88,93" /><INIT seed="3,4,0,4,3,127" ten="182,265,331,222" oya="3" hai0="109,9,61,24,64,32,119,106,4,112,17,78,123" hai1="125,87,103,132,133,34,89,50,63,59,37,60,7" hai2="82,79,48,67,38,130,83,55,40,95,0,104,135" hai3="47,36,99,41,66,74,44,80,122,22,100,86,21" shuffle="mt19937ar,E5165ACD,EDDBE152,7C4D63B8,EB49C0F6,9F6D4883,4E7AFBED,07706874,E8811593"/><W12/><G122/><T69/><D123/><U113/><E37/><V91/><F0/><W126/><G126/><T70/><D119/><U23/><E34/><V27/><F104/><W96/><G74/><T49/><D106/><U30/><E113/><V14/><F135/><W81/><G66/><T56/><D112/><U35/><E35/><V8/><F27/><W124/><G124/><T11/><D109/><U53/><E103/><V117/><F117/><W42/><G12/><T77/><D11/><U98/><E7/><V114/><F67/><W57/><G57/><T1/><D17/><U46/><E98/><V120/><F114/><W121/><G121/><T39/><D39/><U28/><E23/><V3/><F3/><W62/><G62/><T90/><D90/><U16/><E63/><V85/><F40/><W5/><G5/><T92/><D92/><U45/><E45/><N who="2" m="28047" /><F38/><W31/><G36/><T26/><D26/><U94/><E125/><V88/><F120/><W76/><G100/><T84/><D84/><U68/><E68/><V15/><F14/><W2/><G2/><T75/><D75/><U115/><E115/><V10/><F10/><W65/><G65/><T129/><D129/><U72/><E72/><N who="2" m="43367" /><F130/><W116/><G116/><T19/><D19/><U33/><E16/><N who="2" m="8295" /><F91/><W13/><G13/><T110/><D110/><U20/><E33/><V6/><F6/><W108/><G108/><T131/><D131/><U51/><E89/><V101/><F101/><W102/><G102/><T107/><D107/><U54/><E132/><V71/><F71/><N who="0" m="27146" /><D49/><U18/><E51/><RYUUKYOKU ba="4,0" sc="182,15,265,-15,331,15,222,-15" hai0="1,4,9,24,32,56,61,64,77,78" hai2="83,85,88,95" owari="197,-20,250,0,346,34,207,-14" /></mjloggm>