<mjloggm ver="2.3"><GO type="225"/><UN n0="%E3%81%B6%E3%81%A3%E3%81%A8%E3%81%B3%E4%BE%8D" n1="%E5%88%BB%E5%AD%90%E5%B8%82%E6%B0%91" n2="%E2%98%85%E3%83%A6%E3%83%94%E3%83%86%E3%83%AB%E2%98%85" n3="%E9%95%B7%E5%B2%A1%E5%A4%A7%E6%98%8E%E7%A5%9E" dan="16,17,17,16" rate="2073,2125,2095,2010" sx="M,M,M,F"/><TAIKYOKU oya="0"/><INIT seed="0,0,0,0,3,64" ten="250,250,250,250" oya="0" hai0="97,101,77,103,23,63,51,84,40,89,112,113,86" hai1="53,102,88,121,128,14,81,115,9,22,130,111,106" hai2="11,124,8,0,62,29,1,52,34,85,16,123,133" hai3="105,76,104,2,43,27,70,56,12,30,119,116,17" shuffle="mt19937ar,4BFB401F,BB746E90,4158A4DA,1BC441AC,BB9D71BA,D7D3BA89,07FD667C,BE192C01"/><T49/><D77/><U15/><E121/><V83/><F123/><W75/><G2/><T94/><D112/><U91/><E115/><V48/><F124/><W4/><G4/><T87/><D113/><U67/><E67/><V126/><F126/><W120/><G120/><T3/><D3/><U44/><E111/><V58/><F133/><W45/><G56/><T47/><D63/><U36/><E22/><V18/><F34/><W25/><G104/><T109/><D109/><U108/><E108/><V7/><F29/><W32/><G105/><T118/><D118/><U72/><E15/><V20/><F62/><W98/><G98/><T60/><D60/><U135/><E135/><V31/><F31/><W10/><G27/><T68/><D68/><U114/><E114/><V37/><F37/><W131/><G131/><T26/><REACH who="0" step="1"/><D51/><REACH who="0" step="2"/><N who="1" m="28903" /><E36/><V28/><F1/><W90/><G70/><T79/><D79/><U80/><E128/><V41/><F0/><W66/><G76/><T19/><AGARI ba="0,1" hai="19,23,26,40,47,49,84,86,87,89,94,97,101,103" machi="19" ten="30,6000,0" yaku="1,1,0,1,8,1,53,0" doraHai="64" doraHaiUra="5" who="0" fromWho="0" sc="240,70,250,-20,250,-20,250,-20" /><INIT seed="0,1,0,1,2,99" ten="310,230,230,230" oya="0" hai0="114,135,50,26,19,123,73,59,125,17,124,54,63" hai1="33,94,105,56,8,96,29,130,78,115,75,92,88" hai2="126,60,90,77,80,83,25,30,21,37,6,79,84" hai3="20,111,116,110,62,51,118,67,127,3,87,44,113" shuffle="mt19937ar,A35A6F4E,E9A7FFD5,37823785,CD2B6B2A,FF6DC291,FDC3C391,570A6B2A,30155F81"/><T119/><D73/><U102/><E130/><V24/><F37/><W66/><G3/><T15/><D114/><U34/><E115/><V103/><F126/><N who="0" m="48746" /><D119/><U76/><E92/><V108/><F108/><N who="3" m="41515" /><G113/><T27/><D123/><U98/><E8/><V129/><F129/><W104/><G104/><T52/><D135/><U71/><E71/><V101/><F6/><W132/><G132/><T81/><D81/><U39/><E39/><V91/><F60/><W28/><G87/><T5/><D5/><U109/><E109/><V31/><F21/><W43/><G127/><T131/><D131/><U53/><E29/><V13/><F13/><W9/><G9/><N who="0" m="6383" /><D19/><U35/><REACH who="1" step="1"/><E75/><REACH who="1" step="2"/><V65/><F65/><W38/><G38/><T22/><D22/><U133/><E133/><V18/><F18/><W64/><G28/><T23/><D23/><U45/><E45/><AGARI ba="1,1" hai="26,27,45,50,52,54,59,63" m="6383,48746" machi="45" ten="30,2900,0" yaku="18,1,54,1" doraHai="99" who="0" fromWho="1" sc="310,42,220,-32,230,0,230,0" /><INIT seed="0,2,0,2,5,75" ten="352,188,230,230" oya="0" hai0="25,83,48,76,114,38,78,15,98,128,130,89,7" hai1="40,121,124,16,35,69,42,102,1,70,93,57,55" hai2="77,10,73,47,115,17,65,125,58,105,32,120,94" hai3="0,52,54,97,36,86,103,106,96,84,13,111,11" shuffle="mt19937ar,9D61D855,A9651706,12303013,17A6A047,354511E5,87EE7CC7,F0E84132,D0B21E33"/><T24/><D38/><U45/><E1/><V100/><F32/><W134/><G0/><T109/><D114/><U117/><E35/><V41/><F115/><W80/><G36/><T30/><D109/><U29/><E29/><V72/><F120/><W3/><G3/><T39/><D39/><U14/><E121/><V133/><F105/><W113/><G113/><T82/><D48/><U107/><E107/><V46/><F125/><W99/><G111/><T37/><D37/><U118/><E93/><V68/><F68/><W23/><G134/><T49/><D49/><U2/><E2/><V85/><F133/><W131/><G131/><N who="0" m="50219" /><D98/><U71/><E102/><V90/><F100/><W6/><G86/><N who="0" m="50399" /><D82/><U81/><E124/><V5/><F17/><W27/><G103/><T116/><D116/><U108/><E81/><V95/><F46/><W129/><G106/><T12/><D25/><U53/><E108/><V127/><F127/><W110/><G110/><T59/><D59/><U74/><E57/><V88/><F47/><W8/><G129/><T22/><D7/><U19/><E45/><V92/><F41/><W61/><G61/><T67/><D67/><U119/><E74/><V123/><F72/><W62/><G62/><T126/><D126/><U9/><REACH who="1" step="1"/><E19/><REACH who="1" step="2"/><V26/><F73/><W79/><REACH who="3" step="1"/><G8/><REACH who="3" step="2"/><T101/><D101/><U18/><E18/><AGARI ba="2,2" hai="6,11,13,18,23,27,52,54,79,80,84,96,97,99" machi="18" ten="40,12000,2" yaku="1,1,2,1,8,1,52,1,54,1,53,1" doraHai="75" doraHaiUra="20" who="3" fromWho="1" sc="352,0,178,-126,230,0,220,146" /><INIT seed="1,0,0,0,5,58" ten="352,52,230,366" oya="1" hai0="44,74,69,33,67,133,99,2,86,13,98,82,16" hai1="22,89,75,62,14,76,81,109,63,8,97,3,118" hai2="123,56,121,47,36,30,127,40,46,0,19,92,132" hai3="90,73,110,15,84,64,38,68,32,12,79,108,134" shuffle="mt19937ar,30FF97BC,4B8E777C,AABA5550,81F8BD1F,1630A58C,7339FEC2,796A0D77,EAE24516"/><U53/><E118/><V94/><F0/><W117/><G32/><T111/><D2/><U60/><E109/><N who="3" m="42090" /><G38/><T122/><D111/><U87/><E3/><V54/><F30/><W26/><G117/><T129/><D33/><U41/><E41/><V27/><F127/><W6/><G134/><T49/><D74/><U135/><E135/><V57/><F132/><W52/><G6/><T130/><D133/><U124/><E124/><V126/><F126/><W125/><G125/><T105/><D122/><U128/><E128/><N who="0" m="49257" /><D105/><U93/><E75/><V85/><F27/><W116/><G116/><T55/><D67/><U102/><E22/><V112/><F112/><W70/><G26/><T5/><D5/><N who="1" m="3343" /><E53/><V91/><F94/><N who="3" m="54599" /><G70/><T50/><D50/><U77/><AGARI ba="0,0" hai="60,62,63,76,77,81,87,89,93,97,102" m="3343" machi="77" ten="30,11700,0" yaku="8,1,52,3" doraHai="58" who="1" fromWho="1" sc="352,-39,52,117,230,-39,366,-39" /><INIT seed="1,1,0,5,2,55" ten="313,169,191,327" oya="1" hai0="61,95,5,3,11,123,126,68,93,122,132,113,115" hai1="9,109,125,43,134,66,117,8,90,30,14,25,17" hai2="82,46,119,96,48,1,27,84,2,6,133,23,0" hai3="24,35,120,54,37,107,114,49,97,108,116,52,15" shuffle="mt19937ar,FD3CFD12,7BEB453E,5AEE9F04,198CB1BA,56ECC391,A2E049D2,59FC2FFF,B982B5E6"/><U86/><E117/><V7/><F119/><W131/><G116/><T106/><D106/><U71/><E125/><V64/><F133/><W69/><G37/><T42/><D132/><U73/><E73/><V13/><F64/><W53/><G120/><N who="0" m="46123" /><D126/><U81/><E134/><V135/><F135/><W19/><G114/><N who="0" m="43531" /><D42/><U91/><E109/><V20/><F96/><W110/><G131/><T76/><D76/><U57/><E71/><V105/><F105/><W118/><G118/><T36/><D36/><U34/><E43/><V87/><F13/><W10/><G69/><T83/><D83/><U40/><E40/><V121/><F121/><W4/><G107/><T100/><D100/><U104/><E104/><V56/><F46/><W29/><G97/><T18/><D18/><U70/><E70/><V98/><F98/><W63/><G63/><T67/><AGARI ba="1,0" hai="3,5,11,61,67,68,93,95" m="43531,46123" machi="67" ten="40,1500,0" yaku="13,1" doraHai="55" who="0" fromWho="0" sc="313,18,169,-8,191,-5,327,-5" /><INIT seed="2,0,0,0,5,85" ten="331,161,186,322" oya="2" hai0="59,130,37,67,71,8,72,43,95,30,84,123,41" hai1="32,27,93,58,54,22,105,15,31,110,46,36,78" hai2="29,10,119,52,55,106,1,87,18,40,81,12,131" hai3="75,19,25,38,98,113,102,76,135,62,39,129,35" shuffle="mt19937ar,076415E8,F867DA69,0DFAF9E9,07E6EB55,856CD35F,B2F06AEF,53FFBF3D,62674EA8"/><V83/><F106/><W3/><G113/><T34/><D72/><U118/><E105/><V66/><F119/><W45/><G129/><T86/><D123/><U92/><E118/><V94/><F131/><W14/><G3/><T20/><D34/><U69/><E69/><V56/><F1/><W13/><G135/><T33/><D33/><U50/><E110/><V96/><F40/><W51/><G62/><N who="0" m="38367" /><D71/><U90/><E78/><N who="2" m="46519" /><F29/><W49/><G76/><T74/><D74/><U44/><E36/><V126/><F126/><W121/><G75/><T127/><D37/><U132/><E93/><V120/><F83/><W116/><G116/><T53/><D127/><U61/><E132/><V82/><F82/><W99/><G121/><T73/><D73/><U91/><E92/><V107/><F107/><W125/><G125/><T48/><D8/><U26/><E15/><V80/><F80/><W2/><G2/><T60/><D60/><U4/><E4/><V97/><F120/><W104/><G35/><T70/><D70/><U111/><E111/><V122/><F122/><W7/><G7/><T23/><D130/><U65/><REACH who="1" step="1"/><E46/><REACH who="1" step="2"/><V124/><F124/><W6/><G39/><T79/><D95/><U47/><E47/><V109/><F109/><W16/><G38/><T17/><D79/><U117/><E117/><V5/><F5/><W42/><G104/><T103/><D103/><U57/><E57/><V101/><F97/><W0/><G102/><T100/><D100/><U115/><E115/><V28/><F28/><AGARI ba="0,1" hai="22,26,27,28,31,32,44,50,54,58,61,65,90,91" machi="28" ten="30,12000,2" yaku="1,1,7,1,52,2,53,2" doraHai="85" doraHaiUra="24" who="1" fromWho="2" sc="331,0,151,130,186,-120,322,0" /><INIT seed="3,0,0,3,5,98" ten="331,281,66,322" oya="3" hai0="37,76,115,111,63,135,121,5,84,107,72,78,9" hai1="133,83,51,109,104,91,50,69,82,41,70,25,99" hai2="15,126,8,21,94,55,119,112,102,20,58,23,42" hai3="22,125,86,10,88,56,27,89,24,62,54,53,38" shuffle="mt19937ar,BFEA5FB5,7CF3962B,62E690C9,98B68623,275542D2,2F5A0F2D,706C1093,A4147EE1"/><W77/><G38/><T80/><D121/><U32/><E109/><V108/><F108/><W7/><G125/><T11/><D111/><U79/><E133/><V127/><F42/><W57/><G77/><T2/><D107/><U33/><E91/><N who="3" m="34890" /><G86/><T92/><D135/><U85/><E83/><V17/><F112/><W48/><G22/><T106/><D106/><U74/><E74/><V40/><F40/><W59/><G59/><T124/><D92/><U114/><E114/><V132/><F119/><W67/><G67/><T131/><D115/><U19/><E19/><V44/><F132/><W117/><G117/><T95/><D95/><U65/><E41/><V61/><F126/><W103/><G103/><T18/><D124/><U64/><E64/><V1/><F1/><W52/><G54/><T14/><D131/><U123/><E123/><V12/><F127/><W39/><G39/><T101/><D101/><U0/><E0/><V68/><F68/><W35/><G35/><T43/><D72/><U134/><E134/><V73/><F73/><W93/><G93/><T116/><D116/><U90/><E90/><V26/><F94/><W100/><G100/><T4/><D78/><U28/><E33/><V113/><F102/><W110/><G110/><T13/><D43/><U105/><E99/><V81/><F81/><W49/><G62/><T36/><D63/><N who="1" m="40127" /><E70/><V120/><F113/><W96/><G96/><T6/><D6/><U128/><E128/><V87/><F120/><W3/><G3/><T60/><D60/><U29/><E29/><V118/><F61/><W97/><G97/><RYUUKYOKU ba="0,0" sc="331,10,281,10,66,-30,322,10" hai0="2,4,5,9,11,13,14,18,36,37,76,80,84" hai1="25,28,32,50,51,79,82,85,104,105" hai3="7,10,24,27,48,49,52,53,56,57" /><INIT seed="3,1,0,2,5,15" ten="341,291,36,332" oya="3" hai0="106,14,86,108,35,13,10,98,53,61,104,2,110" hai1="114,49,0,34,77,47,19,3,94,18,102,111,51" hai2="133,95,62,129,70,26,91,27,122,24,21,6,90" hai3="50,119,39,81,82,31,88,22,38,63,69,42,89" shuffle="mt19937ar,7740947A,2EC6B312,44C3A846,575639AC,46F230F6,5E106417,9DECF25B,8E4A26BA"/><W103/><G119/><T135/><D35/><U100/><E34/><V67/><F122/><W29/><G103/><N who="0" m="62583" /><D106/><U43/><E114/><V80/><F129/><W12/><G39/><T71/><D135/><U64/><E64/><V56/><F133/><W118/><G38/><T9/><D86/><U131/><E131/><V93/><F6/><W68/><G118/><T134/><D134/><U127/><E77/><V5/><F5/><W87/><G63/><T101/><D101/><N who="1" m="39019" /><E0/><V11/><F11/><N who="0" m="4106" /><D2/><U115/><E3/><V37/><F37/><W16/><G69/><T123/><D123/><U58/><E115/><V4/><F4/><W25/><G68/><T1/><D1/><U107/><E107/><V59/><F80/><N who="3" m="30827" /><G12/><T20/><D20/><U72/><E72/><V92/><F70/><W33/><G33/><T23/><D23/><U97/><E127/><V17/><F59/><W128/><G128/><T45/><D45/><N who="1" m="25791" /><E58/><V46/><F46/><N who="3" m="25943" /><G89/><T36/><D36/><U84/><E84/><V52/><F67/><W32/><G32/><T105/><D105/><U120/><E120/><V113/><F113/><W73/><G73/><T76/><D76/><U74/><E74/><V41/><F41/><W96/><G96/><T78/><D78/><U65/><E65/><V83/><F83/><AGARI ba="1,0" hai="16,22,25,29,31,83,87,88" m="25943,30827" machi="83" ten="30,11600,0" yaku="8,1,52,1,54,2" doraHai="15" who="3" fromWho="2" sc="341,0,291,0,36,-119,332,119" owari="341,9,291,-6,-83,-48,451,45" /></mjloggm>