<mjloggm ver="2.3"><GO type="225"/><UN n0="%E5%B1%B1%E5%B9%B8%E5%95%86%E5%BA%97" n1="%E2%98%85%E3%83%A6%E3%83%94%E3%83%86%E3%83%AB%E2%98%85" n2="%E3%83%9B%E3%83%A2%E3%83%8F%E3%83%A0" n3="%E9%9B%AA%E5%9B%BD%E8%82%B2%E3%81%A1" dan="17,17,16,17" rate="2178,2081,2061,2132" sx="M,M,M,M"/><TAIKYOKU oya="0"/><INIT seed="0,0,0,0,5,22" ten="250,250,250,250" oya="0" hai0="49,76,100,18,93,63,0,31,80,1,16,51,128" hai1="58,132,89,74,69,32,134,54,65,61,55,26,42" hai2="17,72,4,117,3,37,78,29,73,98,83,133,121" hai3="75,14,13,92,24,127,106,71,81,126,60,38,10" shuffle="mt19937ar,99A38DCB,68C0DECD,5302D068,8CC55FDA,09D62491,CC307C0C,097785C5,51460B94"/><T111/><D31/><N who="1" m="19575" /><E74/><V33/><F117/><W5/><G106/><T68/><D128/><U43/><E89/><V118/><F121/><W45/><G92/><T108/><D68/><U110/><E110/><N who="0" m="42025" /><D63/><N who="1" m="36311" /><E55/><V19/><F118/><W9/><G60/><T70/><D70/><U77/><E77/><V105/><F37/><W123/><G71/><T20/><D49/><U8/><E8/><V7/><F73/><W129/><G123/><T130/><D130/><U15/><E15/><V21/><F72/><W90/><G129/><T36/><D36/><U12/><E12/><V67/><F67/><W57/><G38/><T82/><D51/><U116/><E116/><V48/><F48/><W41/><G75/><N who="0" m="43039" /><D82/><U50/><E50/><V23/><F83/><W11/><G81/><T113/><D113/><U84/><E84/><V79/><F79/><W34/><G10/><T39/><D39/><U101/><E101/><V88/><F78/><W53/><G9/><T85/><D85/><U131/><E131/><V44/><F29/><W109/><G11/><T56/><D56/><U120/><E120/><V112/><F112/><W102/><G57/><T30/><D93/><U122/><E122/><V64/><F33/><W103/><G34/><T107/><D100/><U27/><E27/><V59/><F59/><W28/><G103/><T115/><D107/><U125/><E125/><V62/><F105/><W104/><G104/><T2/><D115/><U40/><E40/><V35/><F35/><W114/><G102/><T87/><D87/><U66/><E66/><V46/><F64/><W97/><G109/><RYUUKYOKU ba="0,0" sc="250,15,250,15,250,-15,250,-15" hai0="0,1,2,16,18,20,30" hai1="42,43,61,65,69,132,134" /><INIT seed="0,1,0,3,5,32" ten="265,265,235,235" oya="0" hai0="12,3,117,87,22,84,41,0,98,115,52,95,71" hai1="112,101,29,36,19,113,2,90,126,109,1,20,108" hai2="31,111,120,47,37,131,46,25,67,57,110,56,26" hai3="93,69,77,10,83,68,58,100,30,5,44,27,43" shuffle="mt19937ar,5F3FF16D,0F7A8145,7FB4C7E3,C72535BB,EEE9AFE4,437DA945,6E4F687D,20810B69"/><T54/><D71/><U102/><E36/><V70/><F120/><W49/><G58/><N who="2" m="22633" /><F26/><W16/><G100/><N who="1" m="38506" /><E29/><V128/><F25/><W91/><G93/><T97/><D41/><U134/><E90/><V125/><F31/><W132/><G91/><T78/><D22/><U73/><E134/><V64/><F125/><W13/><G132/><T103/><D12/><N who="1" m="9319" /><E73/><V33/><F33/><W6/><G69/><T129/><D103/><U116/><E116/><V121/><F121/><W21/><REACH who="3" step="1"/><G68/><REACH who="3" step="2"/><T75/><D95/><U79/><E126/><V80/><F80/><W123/><G123/><T35/><D117/><U42/><E79/><V66/><F70/><W24/><G24/><T38/><D78/><U18/><E18/><V99/><F99/><W88/><G88/><T72/><D115/><N who="1" m="44107" /><E42/><V40/><F40/><W15/><G15/><T106/><D35/><U61/><E61/><V17/><F37/><W92/><G92/><T81/><D38/><U50/><E50/><V86/><F86/><AGARI ba="1,1" hai="5,6,10,13,16,21,27,30,43,44,49,77,83,86" machi="86" ten="30,7700,0" yaku="1,1,7,1,8,1,54,1,53,0" doraHai="32" doraHaiUra="62" who="3" fromWho="2" sc="265,0,265,0,235,-80,225,90" /><INIT seed="1,0,0,2,5,64" ten="265,265,155,315" oya="1" hai0="95,122,10,98,45,90,58,130,52,1,3,121,111" hai1="119,46,56,50,101,35,131,33,120,25,96,78,80" hai2="97,126,47,86,135,18,92,68,54,57,39,110,16" hai3="8,113,118,134,15,89,37,107,28,26,88,17,32" shuffle="mt19937ar,83BDC90B,3FE243A0,F9C286E5,04D4664B,AAADAE85,67F31A94,D68153F6,626FDC39"/><U30/><E119/><V75/><F75/><W44/><G118/><T41/><D111/><U2/><E120/><N who="0" m="46185" /><D10/><U59/><E131/><V12/><F110/><W9/><G107/><T6/><D6/><U0/><E33/><V40/><F135/><W67/><G113/><T77/><D77/><U60/><E56/><V129/><F129/><W11/><G67/><T82/><D82/><U127/><E127/><V79/><F126/><W74/><G74/><T55/><D130/><U53/><E80/><V84/><F68/><W20/><REACH who="3" step="1"/><G134/><REACH who="3" step="2"/><T23/><D3/><U109/><E109/><V83/><F84/><W103/><G103/><T91/><D1/><U124/><E124/><V104/><F104/><W72/><G72/><T21/><D91/><U36/><E78/><V133/><F133/><W125/><G125/><T4/><D90/><U49/><E0/><V34/><F34/><W117/><G117/><T116/><D116/><U115/><E2/><V63/><REACH who="2" step="1"/><F12/><REACH who="2" step="2"/><W48/><G48/><T99/><D99/><U93/><REACH who="1" step="1"/><E115/><REACH who="1" step="2"/><V27/><F27/><W69/><G69/><T106/><D98/><U105/><E105/><V100/><AGARI ba="0,3" hai="16,18,39,40,47,54,57,63,79,83,86,92,97,100" machi="100" ten="20,8000,1" yaku="1,1,0,1,7,1,54,1,53,1" doraHai="64" doraHaiUra="51" who="2" fromWho="2" sc="265,-20,255,-40,145,110,305,-20" /><INIT seed="2,0,0,2,1,123" ten="245,215,255,285" oya="2" hai0="92,28,16,22,111,7,108,113,48,51,132,84,74" hai1="115,58,25,76,10,62,103,131,40,110,95,18,105" hai2="129,120,49,15,77,54,20,12,102,133,43,9,75" hai3="8,50,119,125,81,83,101,31,37,2,5,30,99" shuffle="mt19937ar,C3CCA3BE,957891FB,299B2C64,9B5A6DB2,A917F9CF,7244ADDC,522B0BED,CA476899"/><V98/><F120/><W127/><G119/><T78/><D113/><U85/><E115/><V64/><F133/><W128/><G37/><T89/><D7/><U38/><E105/><V100/><F129/><W87/><G128/><T59/><D28/><N who="3" m="10793" /><G50/><T52/><D132/><U122/><E131/><V134/><F134/><W116/><G87/><T44/><D78/><U57/><E122/><V3/><F64/><W135/><G135/><T47/><D74/><U117/><E117/><V71/><F71/><W27/><G27/><T114/><D114/><U90/><E38/><V61/><F61/><W63/><G63/><T82/><D82/><U55/><E40/><V126/><F43/><W46/><G46/><T0/><D0/><U19/><E76/><V97/><F126/><N who="3" m="48139" /><G116/><T130/><D130/><U121/><E121/><V73/><F77/><W32/><G32/><T56/><D56/><U14/><E103/><V21/><F49/><W91/><G91/><T60/><D60/><U29/><E58/><V106/><F106/><AGARI ba="0,0" hai="2,5,8,81,83,99,101,106" m="48139,10793" machi="106" ten="30,1000,0" yaku="18,1" doraHai="123" who="3" fromWho="2" sc="245,0,215,0,255,-10,285,10" /><INIT seed="3,0,0,0,3,33" ten="245,215,245,295" oya="3" hai0="105,98,135,66,88,92,36,90,101,107,40,3,57" hai1="49,133,69,124,21,46,12,80,50,65,37,91,77" hai2="87,104,74,51,128,85,86,22,48,32,132,120,60" hai3="94,45,11,95,19,9,55,43,58,23,100,122,83" shuffle="mt19937ar,1D77F967,A90E60F1,51B04E06,9DD3A24D,EBB9FBCE,4328B7FF,5993E92A,7C8D995B"/><W0/><G122/><T79/><D36/><U18/><E124/><V42/><F74/><W26/><G83/><T129/><D40/><U121/><E133/><V117/><F32/><W61/><G0/><T24/><D135/><U114/><E121/><V110/><F120/><W116/><G116/><T35/><D79/><U127/><E114/><V6/><F117/><W99/><G95/><T131/><D57/><U76/><E127/><V112/><F112/><W93/><G93/><T108/><D66/><U63/><E37/><AGARI ba="0,0" hai="9,11,19,23,26,37,43,45,55,58,61,94,99,100" machi="37" ten="30,1500,0" yaku="7,1" doraHai="33" who="3" fromWho="1" sc="245,0,215,-15,245,0,295,15" owari="245,0,200,-20,245,-10,310,30" /></mjloggm>