<mjloggm ver="2.3"><GO type="225"/><UN n0="%45%56%41%4E%53%49%55" n1="%E5%B1%B1%E5%B9%B8%E5%95%86%E5%BA%97" n2="%E3%83%AA%E3%83%AA%E3%82%A2%E3%83%BC%E3%83%8C" n3="%E5%85%AD%E5%88%86%E5%84%80" dan="16,17,17,18" rate="2079,2165,2120,2160" sx="M,M,F,F"/><TAIKYOKU oya="0"/><INIT seed="0,0,0,4,1,23" ten="250,250,250,250" oya="0" hai0="40,78,128,59,67,17,47,7,39,16,115,99,92" hai1="61,29,119,75,22,62,31,103,91,34,57,116,51" hai2="114,41,3,1,63,60,122,79,69,21,112,95,134" hai3="101,10,12,27,104,13,71,44,82,48,25,9,85" shuffle="mt19937ar,8F8A927E,F25AAA67,D4626970,91A189BA,568A7FF2,6F9DEB99,11968EE2,C42B7143"/><T125/><D115/><U0/><E75/><V55/><F122/><W84/><G71/><T37/><D37/><U126/><E0/><V111/><F41/><N who="3" m="24591" /><G104/><T110/><D125/><U106/><E126/><V45/><F111/><W65/><G101/><T133/><D110/><U73/><E73/><V52/><F79/><N who="3" m="46175" /><G65/><T64/><D78/><U120/><E120/><V56/><F134/><W35/><G35/><T5/><D133/><U118/><E34/><V96/><F69/><W50/><G50/><N who="0" m="26983" /><D128/><U8/><E103/><V32/><F32/><W89/><G12/><T20/><D39/><U90/><E106/><V98/><F45/><W54/><G54/><T70/><D70/><U68/><E68/><V53/><F56/><W81/><G10/><T11/><D11/><U30/><E8/><V14/><F55/><W66/><G66/><N who="0" m="25131" /><D59/><U76/><E22/><V77/><F21/><W94/><G81/><T124/><D124/><U97/><E57/><V24/><F77/><W28/><G28/><T58/><D58/><U49/><E31/><V105/><F105/><W131/><G131/><T107/><D107/><U42/><E119/><V4/><F114/><W36/><G36/><T121/><D121/><U15/><E76/><V109/><F109/><W83/><G83/><T6/><D20/><U108/><E108/><V33/><F112/><W18/><AGARI ba="0,0" hai="9,13,18,25,27,85,89,94" m="46175,24591" machi="18" ten="30,4000,0" yaku="8,1,52,2" doraHai="23" who="3" fromWho="3" sc="250,-20,250,-10,250,-10,250,40" /><INIT seed="1,0,0,0,3,23" ten="230,240,240,290" oya="1" hai0="0,125,31,51,35,101,20,72,70,106,26,83,81" hai1="57,115,90,30,100,24,28,134,12,71,11,37,55" hai2="122,65,127,38,16,82,66,3,97,129,49,79,25" hai3="116,135,27,67,111,92,128,89,63,14,96,60,59" shuffle="mt19937ar,83950898,E0134ED9,46AB7039,4AC18EF8,06697188,29F1FC36,98603D36,49AF3827"/><U58/><E71/><V34/><F38/><W91/><G111/><T52/><D0/><U78/><E37/><V76/><F3/><W84/><G128/><T108/><D108/><U103/><E115/><V44/><F129/><W42/><G135/><T41/><D41/><U29/><E78/><V117/><F122/><W99/><G116/><T80/><D70/><U131/><E134/><V2/><F2/><W102/><G42/><T107/><D72/><U50/><E131/><V21/><F117/><W75/><G75/><T93/><D125/><U32/><E58/><V95/><F34/><W119/><G119/><T43/><D43/><U13/><E90/><N who="2" m="55543" /><F82/><W132/><G132/><T118/><D35/><U45/><E45/><V88/><F88/><W46/><G46/><T19/><D31/><U86/><E86/><V62/><F127/><W110/><G110/><T73/><D73/><U8/><E100/><V17/><F17/><W124/><G124/><T15/><D15/><U39/><E103/><V40/><F62/><W94/><G63/><T4/><D4/><U105/><E105/><V64/><AGARI ba="0,0" hai="16,21,25,40,44,49,64,65,66,76,79" m="55543" machi="64" ten="30,4000,0" yaku="8,1,52,1,54,1" doraHai="23" who="2" fromWho="2" sc="230,-10,240,-20,240,40,290,-10" /><INIT seed="2,0,0,2,3,60" ten="220,220,280,280" oya="2" hai0="124,5,94,56,28,41,85,112,89,130,117,107,61" hai1="57,1,86,110,127,43,51,27,23,53,13,10,24" hai2="76,19,0,35,8,48,116,84,33,131,46,96,77" hai3="44,40,17,101,14,132,58,47,88,125,129,106,3" shuffle="mt19937ar,ACB8B5CE,38B83310,61810F3D,F3284189,41B7CCF6,8C062A2B,275A8B9E,1B98789D"/><V128/><F116/><W31/><G3/><T90/><D112/><U78/><E1/><V20/><F96/><W25/><G125/><T82/><D124/><U98/><E127/><V74/><F74/><W26/><G106/><T91/><D130/><N who="2" m="49706" /><F8/><W9/><G129/><T52/><D117/><U4/><E110/><V109/><F109/><W30/><G101/><T95/><D107/><U119/><E119/><V115/><F115/><W68/><G68/><T2/><D41/><U12/><E98/><V54/><F84/><W42/><G132/><T87/><D28/><N who="3" m="10793" /><G58/><T49/><D2/><U66/><E43/><N who="3" m="16426" /><G88/><T71/><D5/><U72/><E72/><V100/><F100/><W92/><G92/><T36/><D36/><U34/><E34/><N who="2" m="12811" /><F0/><W37/><G37/><T39/><D39/><U126/><E126/><V75/><F75/><W122/><G122/><T113/><D113/><U59/><E86/><V102/><F102/><W65/><G47/><T134/><D134/><U50/><E78/><V99/><F99/><W123/><G44/><T18/><D85/><U79/><E79/><V114/><F114/><W103/><G103/><T55/><D87/><U73/><E73/><V93/><F93/><W83/><G123/><T67/><D94/><U118/><E118/><V6/><F6/><W121/><G121/><T133/><D95/><U69/><E69/><V104/><F104/><W70/><G70/><T105/><D105/><U11/><E23/><V80/><F80/><W108/><G83/><T21/><D82/><U120/><E120/><V22/><F22/><W63/><G108/><RYUUKYOKU ba="0,0" sc="220,-15,220,-15,280,15,280,15" hai2="19,20,46,48,54,76,77" hai3="9,14,17,25,26,63,65" /><INIT seed="2,1,0,5,4,123" ten="205,205,295,295" oya="2" hai0="49,66,45,44,14,0,40,62,111,11,53,134,132" hai1="87,35,27,84,68,67,9,2,77,13,80,60,96" hai2="83,54,122,71,92,82,64,32,12,19,41,34,51" hai3="30,63,76,91,78,75,88,89,113,38,21,100,90" shuffle="mt19937ar,EAE7419F,9CF61CCB,59BE73C2,453B7E88,14238A9B,1FC4F48C,85598E87,7695949B"/><V109/><F122/><W24/><G38/><T23/><D0/><U115/><E2/><V103/><F41/><W18/><G113/><T106/><D106/><U46/><E115/><V79/><F64/><W33/><G100/><T70/><D23/><U102/><E46/><V85/><F71/><W101/><G101/><T25/><D25/><U108/><E108/><V8/><F109/><W86/><G75/><T128/><D111/><U112/><E112/><V120/><F120/><W95/><REACH who="3" step="1"/><G63/><REACH who="3" step="2"/><T127/><D127/><U47/><E102/><V50/><F103/><W10/><G10/><T125/><D125/><U22/><E35/><V93/><F34/><W37/><G37/><T117/><D117/><U52/><E60/><V39/><F39/><W58/><G58/><T15/><D11/><U3/><E68/><V99/><F32/><W5/><G5/><T17/><D128/><U73/><E73/><V72/><F72/><W36/><G36/><N who="0" m="21511" /><D17/><U110/><E110/><V121/><F19/><W26/><AGARI ba="1,1" hai="18,21,24,26,30,33,76,78,86,88,89,90,91,95" machi="26" ten="30,4000,0" yaku="1,1,0,1,54,1,53,0" doraHai="123" doraHaiUra="118" who="3" fromWho="3" sc="205,-11,205,-11,295,-21,285,53" /><INIT seed="3,0,0,2,3,24" ten="194,194,274,338" oya="3" hai0="120,110,66,89,92,133,115,14,114,112,31,91,121" hai1="46,101,19,93,108,35,4,60,27,72,65,106,64" hai2="52,122,90,53,39,125,37,78,119,135,29,26,16" hai3="28,51,95,117,9,43,73,1,81,77,109,131,47" shuffle="mt19937ar,BE4C712B,C88467BA,6263802F,9B6BECF3,3313FF75,54F97EDC,2834C173,E2BD7791"/><W58/><G117/><T96/><D110/><U11/><E108/><V111/><F119/><W86/><G109/><T50/><D133/><U69/><E65/><V45/><F111/><W25/><G131/><T132/><D132/><U61/><E61/><V124/><F135/><W68/><G68/><T134/><D134/><U84/><E72/><V99/><F78/><W3/><G58/><T22/><D66/><U62/><E60/><V10/><F122/><N who="0" m="47210" /><D50/><U13/><E46/><V97/><F90/><W63/><G63/><T102/><D14/><U6/><E106/><V40/><F39/><W23/><G9/><T54/><D54/><U85/><E85/><V80/><F80/><W76/><G76/><T107/><D107/><U104/><E93/><V98/><F10/><W48/><G48/><T118/><D118/><U57/><E84/><V32/><REACH who="2" step="1"/><F16/><REACH who="2" step="2"/><W71/><REACH who="3" step="1"/><G71/><REACH who="3" step="2"/><T7/><D7/><U8/><E69/><V83/><F83/><W129/><G129/><T123/><D123/><U56/><E6/><V12/><F12/><W17/><G17/><T44/><D115/><U15/><E13/><V67/><F67/><W126/><G126/><AGARI ba="0,2" hai="26,29,32,37,40,45,52,53,97,98,99,124,125,126" machi="126" ten="40,8000,1" yaku="1,1,18,1,52,1,54,1,53,0" doraHai="24" doraHaiUra="105" who="2" fromWho="3" sc="194,0,194,0,264,100,328,-80" owari="194,-16,194,-21,364,37,248,0" /></mjloggm>