<mjloggm ver="2.3"><GO type="225"/><UN n0="%E3%83%A0%E3%82%AF%E3%83%81%E3%83%A5%E3%83%B3" n1="%E4%BA%8C%E4%B8%89%E8%B5%A4%E4%BA%94%EF%BC%94%EF%BC%96%EF%BC%98" n2="%E3%83%80%E3%83%A0%E3%83%9E%E3%83%8B%E3%82%A2" n3="%E7%90%86%E6%83%B3%E9%9B%80%E5%A3%AB" dan="16,16,16,16" rate="2034,2095,2140,2019" sx="M,M,M,M"/><TAIKYOKU oya="0"/><INIT seed="0,0,0,1,4,102" ten="250,250,250,250" oya="0" hai0="111,100,110,20,70,68,74,73,10,71,38,114,63" hai1="107,42,117,11,27,99,94,101,23,109,123,64,8" hai2="134,128,35,104,3,6,115,78,17,121,133,89,41" hai3="18,62,26,55,19,91,24,108,52,84,86,61,92" shuffle="mt19937ar,DD0D2CB7,E86F23C1,C964017B,7532D21E,D37D9534,16070F2E,54997595,75227C7C"/><T83/><D38/><U130/><E123/><V49/><F35/><W126/><G108/><N who="0" m="41515" /><D114/><U29/><E109/><V90/><F121/><W43/><G43/><T103/><D10/><U48/><E117/><V118/><F78/><W66/><G126/><T105/><D20/><U46/><E130/><V53/><F115/><W40/><G40/><T33/><D33/><U30/><E30/><V7/><F41/><W39/><G39/><T9/><D9/><U59/><REACH who="1" step="1"/><E107/><REACH who="1" step="2"/><V127/><F104/><W2/><G2/><T4/><D105/><U77/><E77/><V120/><F128/><W12/><G19/><T112/><D112/><U119/><E119/><V85/><F17/><W76/><G76/><N who="0" m="44431" /><D4/><U57/><E57/><V135/><F118/><W87/><G18/><T28/><D28/><U13/><E13/><V1/><F7/><W5/><G12/><T0/><D0/><U45/><E45/><V98/><F6/><W122/><G5/><T75/><D63/><AGARI ba="0,1" hai="8,11,23,27,29,42,46,48,59,63,64,94,99,101" machi="63" ten="40,8000,1" yaku="1,1,25,2,8,1,53,1" doraHai="102" doraHaiUra="56" who="1" fromWho="0" sc="250,-80,240,90,250,0,250,0" /><INIT seed="1,0,0,3,2,130" ten="170,330,250,250" oya="1" hai0="17,89,31,0,34,96,1,35,81,71,119,40,82" hai1="4,105,124,55,24,88,117,42,13,76,103,134,93" hai2="28,116,121,63,9,87,38,113,98,125,53,12,20" hai3="95,107,37,36,80,72,84,115,111,48,79,94,14" shuffle="mt19937ar,306611BC,37AAD715,11252788,29BA3A16,ACD7402A,67272545,F009287C,449664AC"/><U41/><E117/><V10/><F38/><W54/><G115/><T78/><D119/><U133/><E76/><V70/><F116/><W110/><G107/><T132/><D71/><U27/><E55/><V51/><F113/><W112/><G112/><T59/><D40/><U56/><E56/><V6/><F121/><W11/><G37/><T44/><D44/><U43/><E103/><V64/><F125/><W75/><G36/><T5/><D59/><U7/><E105/><V68/><F68/><W86/><G75/><T131/><D17/><U26/><E124/><V22/><F28/><W62/><G62/><T67/><D67/><U23/><E23/><V118/><F118/><W73/><G73/><T106/><D131/><U57/><E57/><V129/><F129/><W32/><G32/><T90/><D96/><N who="1" m="57383" /><E13/><V128/><F98/><W2/><G2/><T60/><D106/><U25/><E25/><V123/><F123/><W65/><G65/><T61/><D78/><U8/><E8/><V74/><F74/><W19/><G72/><T52/><D31/><U122/><E122/><V101/><F128/><W135/><G79/><T127/><D127/><U46/><E46/><V66/><F66/><W47/><G47/><T39/><D39/><U21/><E21/><V49/><F101/><W120/><G11/><T30/><D30/><U100/><E100/><V109/><F53/><W85/><G54/><T58/><D52/><U77/><E77/><V29/><F10/><W97/><G120/><T69/><D58/><U3/><E3/><V114/><F29/><W18/><G97/><RYUUKYOKU ba="0,0" sc="170,-10,330,30,250,-10,250,-10" hai1="4,7,24,26,27,41,42,43,133,134" /><INIT seed="1,1,0,0,2,74" ten="160,360,240,240" oya="1" hai0="66,126,43,113,83,109,114,30,100,129,33,68,106" hai1="28,81,36,52,51,16,60,95,70,107,38,132,118" hai2="37,127,71,110,73,76,57,10,61,35,124,45,12" hai3="84,46,6,130,120,64,22,135,41,11,4,49,15" shuffle="mt19937ar,590D68CA,FCF0A94B,149D5095,FBCB9126,3A3D8952,41993ED1,85E73BF1,8B0821E5"/><U58/><E107/><V119/><F35/><W14/><G120/><T63/><D109/><U88/><E118/><V90/><F71/><W65/><G130/><T31/><D129/><U99/><E132/><V122/><F119/><W94/><G135/><T89/><D126/><N who="2" m="48170" /><F122/><W67/><G22/><T3/><D43/><U115/><E115/><V5/><F110/><W26/><G26/><T103/><D3/><U112/><E112/><V39/><F90/><W93/><REACH who="3" step="1"/><G84/><REACH who="3" step="2"/><T79/><D31/><U69/><E28/><V121/><F121/><W133/><G133/><T72/><D89/><U7/><E88/><V47/><F37/><W59/><G59/><T91/><D91/><U27/><E58/><V134/><F39/><W18/><G18/><T82/><D103/><U62/><E38/><V50/><F134/><W98/><G98/><N who="0" m="61719" /><D83/><U9/><E99/><V44/><F57/><W20/><G20/><T97/><D97/><U0/><E36/><V13/><F61/><W2/><G2/><T80/><D82/><U25/><E0/><N who="2" m="295" /><F50/><W8/><AGARI ba="1,1" hai="4,6,8,11,14,15,41,46,49,64,65,67,93,94" machi="8" ten="30,7900,0" yaku="1,1,0,1,9,1,8,1,53,0" doraHai="74" doraHaiUra="96" who="3" fromWho="3" sc="160,-21,360,-40,240,-21,230,92" /><INIT seed="2,0,0,5,4,56" ten="139,320,219,322" oya="2" hai0="69,41,128,66,112,88,16,26,44,0,39,73,118" hai1="96,123,53,121,76,98,70,49,87,72,93,97,135" hai2="115,94,104,100,57,132,65,8,64,1,34,113,22" hai3="3,99,45,50,89,61,48,6,38,9,2,30,117" shuffle="mt19937ar,A4A52A26,838F17BB,3BC8C7C0,305C80ED,9648616B,3C1B896B,0C957CFD,9137878D"/><V80/><F34/><W14/><G117/><T13/><D112/><U43/><E70/><V15/><F104/><W102/><G30/><T109/><D0/><U82/><E43/><V90/><F1/><W32/><G32/><T51/><D118/><U42/><E42/><V75/><F132/><W124/><G89/><T110/><D73/><U58/><E135/><V25/><F100/><W74/><G74/><T4/><D128/><U29/><E29/><V119/><F119/><W133/><G133/><T27/><D4/><U105/><E105/><V24/><F75/><W127/><G38/><T77/><D77/><U116/><E116/><V54/><F80/><W134/><G134/><T10/><D39/><U107/><E107/><V71/><F71/><W36/><G36/><T111/><REACH who="0" step="1"/><D88/><REACH who="0" step="2"/><U59/><E72/><V12/><F115/><W103/><G6/><T33/><D33/><U95/><E76/><V40/><F113/><W62/><G3/><T18/><D18/><U91/><E91/><V23/><F90/><W78/><G2/><T130/><D130/><U19/><E19/><V68/><F94/><W129/><G78/><T31/><D31/><U37/><E95/><V63/><F68/><W126/><G129/><T86/><D86/><U108/><E87/><V85/><F85/><W7/><G7/><T46/><D46/><U47/><E47/><V28/><F40/><W81/><G126/><T114/><D114/><U11/><E93/><V17/><F15/><W21/><G14/><T52/><D52/><U67/><E82/><V125/><F125/><W35/><G124/><RYUUKYOKU ba="0,1" sc="129,15,320,-15,219,15,322,-15" hai0="10,13,16,26,27,41,44,51,66,69,109,110,111" hai2="8,12,17,22,23,24,25,28,54,57,63,64,65" /><INIT seed="2,1,1,4,0,32" ten="144,305,234,307" oya="2" hai0="21,4,123,41,100,134,114,57,48,126,83,69,51" hai1="36,89,132,102,91,77,85,16,84,26,40,133,76" hai2="11,31,6,104,67,119,17,72,10,81,61,86,13" hai3="93,74,19,54,35,3,22,20,117,43,110,25,116" shuffle="mt19937ar,C5680669,44B77842,43E95D95,122BEED4,A08AE5D7,2136CAAE,7B8D22F7,79531124"/><V63/><F104/><W113/><G35/><T7/><D123/><U24/><E102/><V39/><F39/><W52/><G74/><T124/><D114/><U70/><E70/><V45/><F72/><W115/><G43/><T92/><D69/><U56/><E56/><V68/><F119/><W95/><G110/><T80/><D134/><N who="1" m="51819" /><E40/><V29/><F45/><W0/><G19/><T127/><D21/><N who="1" m="13351" /><E26/><AGARI ba="1,1" hai="0,3,20,22,25,26,52,54,93,95,113,115,116,117" machi="26" ten="25,8000,1" yaku="22,2,52,2,54,1" doraHai="32" who="3" fromWho="1" sc="144,0,305,-83,234,0,307,93" /><INIT seed="3,0,0,1,5,80" ten="144,222,234,400" oya="3" hai0="48,133,91,11,22,7,117,77,124,85,8,90,100" hai1="51,20,120,16,52,24,62,76,9,104,107,130,59" hai2="61,82,6,125,108,14,88,28,39,43,27,38,46" hai3="17,123,122,68,131,94,13,113,25,21,127,119,64" shuffle="mt19937ar,329A3F18,4C1FC6AF,37F1B19F,668219F3,793BF85B,3EBFAC39,AC271740,4E7E4AD0"/><W35/><G113/><T0/><D117/><U19/><E120/><V56/><F39/><W34/><G119/><T96/><D124/><U36/><E36/><V70/><F70/><W102/><G35/><T50/><D133/><U73/><E130/><V26/><F125/><W97/><G127/><T105/><D77/><U67/><E73/><V81/><F108/><W95/><G131/><T99/><D11/><U4/><E76/><V78/><F6/><W37/><G37/><T23/><D91/><U42/><E42/><V121/><F14/><W71/><G71/><T132/><D132/><U58/><REACH who="1" step="1"/><E19/><REACH who="1" step="2"/><V45/><F121/><W2/><G17/><T92/><REACH who="0" step="1"/><D96/><REACH who="0" step="2"/><U109/><E109/><V12/><F78/><W114/><G97/><T63/><D63/><U112/><E112/><V60/><F61/><W111/><G114/><T128/><D128/><U57/><E57/><V1/><F60/><W10/><G122/><T49/><AGARI ba="0,2" hai="0,7,8,22,23,48,49,50,85,90,92,99,100,105" machi="49" ten="30,4000,0" yaku="1,1,0,1,52,1,53,0" doraHai="80" doraHaiUra="74" who="0" fromWho="0" sc="134,60,212,-10,234,-10,400,-20" owari="194,-21,202,-15,224,-3,380,39" /></mjloggm>