<mjloggm ver="2.3"><GO type="185"/><UN n0="%E4%BF%8A%E3%81%93%E3%82%8D" n1="%E3%81%9F%E3%82%80%E3%81%A8%E3%83%BC" n2="%E5%8D%81%E5%85%AD%E5%A4%9C%E2%80%A0%E5%92%B2%E5%A4%9C" n3="" dan="16,16,16,0" rate="2073,2133,2191,1500" sx="M,M,F,C"/><TAIKYOKU oya="0"/><INIT seed="0,0,0,3,1,46" ten="350,350,350,0" oya="0" hai0="121,127,94,55,41,3,2,1,117,114,56,129,123" hai1="130,95,38,64,39,61,45,65,32,84,108,92,89" hai2="103,69,77,76,35,101,126,105,102,131,78,33,59" hai3="" shuffle="mt19937ar,8841855D,5B9D38D2,82B7B99F,AE627B48,785411FC,6DC046D7,94F538F2,0C0FFFBB"/><T99/><N who="0" m="31008" /><T70/><N who="0" m="31520" /><T54/><D117/><U73/><E32/><V53/><F69/><T88/><D114/><U75/><E108/><V128/><F105/><T49/><D129/><U113/><E130/><V82/><F82/><T52/><D127/><U68/><E113/><V90/><F90/><T47/><REACH who="0" step="1"/><D70/><REACH who="0" step="2"/><U58/><E68/><V34/><F126/><T122/><N who="0" m="31264" /><T116/><D116/><U43/><E38/><AGARI ba="0,1" hai="1,2,3,38,41,47,49,52,54,55,56,88,94,99" m="31264,31520,31008" machi="38" ten="40,24000,3" yaku="1,1,52,4,54,2,53,1" doraHai="46" doraHaiUra="87" who="0" fromWho="1" sc="340,250,350,-240,350,0,0,0" /><INIT seed="0,1,0,2,1,129" ten="590,110,350,0" oya="0" hai0="123,41,95,94,70,62,128,89,44,102,134,118,54" hai1="120,105,58,115,2,69,50,61,82,85,81,66,116" hai2="48,122,131,37,114,104,91,93,130,43,60,45,92" hai3="" shuffle="mt19937ar,8126279E,FE429240,C659DB14,EB1ABCA4,9E1556F0,BB59AE2D,2A1225FB,E1B4D695"/><T35/><N who="0" m="31520" /><T132/><D118/><U109/><E2/><V127/><N who="2" m="31264" /><V71/><F104/><T100/><D35/><U34/><E34/><V40/><F114/><T135/><D128/><U79/><E116/><V107/><F107/><T56/><D70/><U80/><E115/><V36/><F127/><T59/><D59/><U133/><N who="1" m="30752" /><U113/><E113/><V39/><F93/><N who="0" m="35338" /><D89/><U72/><E105/><V75/><F75/><T97/><D97/><U3/><E3/><V98/><REACH who="2" step="1"/><F43/><REACH who="2" step="2"/><T0/><D0/><U74/><E74/><V76/><F76/><T63/><D63/><U33/><E33/><V42/><F42/><T84/><D84/><U73/><E73/><V111/><F111/><T124/><D124/><U99/><E109/><V106/><F106/><T65/><D65/><AGARI ba="1,1" hai="36,37,39,40,45,48,60,65,71,91,92,98,130,131" m="31264" machi="65" ten="50,3200,0" yaku="1,1,52,1,53,0" doraHai="129" doraHaiUra="49" who="2" fromWho="0" sc="590,-34,110,0,340,44,0,0" /><INIT seed="1,0,0,0,4,62" ten="556,110,384,0" oya="1" hai0="48,39,65,117,43,100,134,63,58,82,89,103,68" hai1="98,56,91,133,132,86,2,129,101,112,0,46,85" hai2="77,32,81,92,93,67,44,95,72,45,90,108,94" hai3="" shuffle="mt19937ar,25871DEB,F2FCA6CD,0CFF9DDA,01271790,58F8EF3E,CF5A477D,FDF59F67,4050602A"/><U121/><N who="1" m="31008" /><U41/><E112/><V124/><F32/><T49/><D117/><U97/><E129/><V109/><F124/><T38/><D134/><N who="1" m="51819" /><E56/><V76/><F67/><T96/><D103/><U42/><E86/><V102/><F45/><T88/><D89/><U122/><N who="1" m="31264" /><U55/><E55/><V57/><F57/><T51/><D43/><N who="1" m="16395" /><E46/><V78/><F44/><T60/><D38/><U126/><E126/><V35/><F35/><T105/><D39/><U33/><E33/><V66/><F66/><T74/><D58/><U54/><E54/><V104/><F90/><T111/><D60/><U52/><E52/><V40/><F40/><T128/><D128/><U87/><E87/><V75/><N who="2" m="23552" /><DORA hai="70" /><V110/><F81/><T130/><D130/><U120/><N who="1" m="30752" /><U69/><E69/><V119/><F119/><T71/><D71/><U99/><E101/><V125/><F125/><T34/><D34/><U113/><E113/><V47/><F47/><T37/><D37/><U116/><E116/><V107/><REACH who="2" step="1"/><F102/><REACH who="2" step="2"/><T118/><D118/><U135/><E135/><V106/><AGARI ba="0,1" hai="72,75,76,77,78,104,106,107,108,109,110" m="23552" machi="106" ten="60,24000,5" yakuman="40" doraHai="62,70" doraHaiUra="83,114" who="2" fromWho="2" sc="556,-80,110,-160,374,250,0,0" owari="476,8,-50,-65,624,57,0,0" /></mjloggm>