<mjloggm ver="2.3"><GO type="185"/><UN n0="%E3%80%93%E3%81%84%E3%81%A1%E3%81%AF%E3%82%89%E3%80%93" n1="%E3%81%B5%E3%81%8F%EF%BC%A3%EF%BD%88%EF%BD%81%EF%BD%8E%E2%99%AA" n2="%EF%BC%BC%28%EF%BC%BE%6F%EF%BC%BE%29%EF%BC%8F%E2%98%85" n3="" dan="18,16,17,0" rate="2251,2171,2149,1500" sx="M,F,M,C"/><TAIKYOKU oya="0"/><INIT seed="0,0,0,0,3,134" ten="350,350,350,0" oya="0" hai0="2,84,46,55,115,124,35,78,102,41,39,53,123" hai1="52,36,57,37,67,81,47,107,111,1,58,63,33" hai2="96,112,132,110,42,71,88,32,68,97,48,91,61" hai3="" shuffle="mt19937ar,8F6E2710,A2521D13,4E96A910,CCC90A17,2A56299A,A7F1B604,30CBBFD3,5FF05840"/><T69/><N who="0" m="31520" /><T104/><D35/><U50/><E107/><V45/><F32/><T99/><D2/><U119/><E1/><V127/><F112/><T43/><D115/><U126/><E81/><V103/><F132/><T70/><D124/><U125/><E33/><V122/><N who="2" m="31264" /><V75/><F75/><T93/><D43/><U129/><E129/><V59/><F127/><N who="1" m="48649" /><E111/><V130/><F110/><T87/><D87/><U73/><E73/><V108/><F108/><T49/><D55/><U79/><E79/><V128/><F130/><T85/><D85/><U34/><E34/><V135/><F135/><T62/><D62/><U86/><E86/><V77/><F77/><T90/><REACH who="0" step="1"/><D78/><REACH who="0" step="2"/><U133/><E133/><V92/><F128/><T56/><AGARI ba="0,1" hai="39,41,46,49,53,56,69,70,84,90,93,99,102,104" m="31520" machi="56" ten="20,8000,1" yaku="1,1,2,1,0,1,7,1,52,1,53,0" doraHai="134" doraHaiUra="76" who="0" fromWho="0" sc="340,90,350,-40,350,-40,0,0" /><INIT seed="0,1,0,3,1,132" ten="430,310,310,0" oya="0" hai0="48,78,64,57,62,0,49,2,69,67,46,125,88" hai1="51,109,1,112,104,37,92,44,81,74,116,118,47" hai2="130,123,105,127,133,135,36,106,99,96,39,114,111" hai3="" shuffle="mt19937ar,7C7E5AF6,26E56F2F,EBF5E6DB,8CE0C28F,8928C101,B9765BED,361F6459,F27B4B48"/><T54/><D125/><U103/><E1/><V108/><N who="2" m="31520" /><V128/><REACH who="2" step="1"/><F114/><REACH who="2" step="2"/><T32/><D32/><U60/><E112/><V35/><F35/><T119/><D119/><U97/><E109/><V61/><F61/><T100/><D100/><U55/><E60/><V90/><F90/><T43/><D67/><U33/><E33/><V3/><F3/><T59/><D78/><U126/><E118/><V115/><F115/><T131/><D131/><U122/><N who="1" m="31264" /><U117/><E117/><V40/><F40/><T80/><REACH who="0" step="1"/><D69/><REACH who="0" step="2"/><U91/><E116/><V38/><F38/><T129/><D129/><U41/><E37/><V124/><AGARI ba="1,2" hai="36,39,96,99,105,106,108,111,124,127,128,130,133,135" m="31520" machi="124" ten="25,12000,3" yaku="1,1,0,1,22,2,52,3,53,2" doraHai="132" doraHaiUra="121" who="2" fromWho="2" sc="420,-81,310,-41,300,142,0,0" /><INIT seed="1,0,0,5,0,38" ten="339,269,442,0" oya="1" hai0="50,85,88,53,98,124,62,116,117,101,113,56,93" hai1="58,125,32,106,59,37,110,89,127,75,67,52,57" hai2="45,86,72,47,92,40,112,128,71,122,74,99,78" hai3="" shuffle="mt19937ar,BB66CC47,5677CA61,DEB68DFB,407178F3,BEF0A405,DD6CEFA7,3315D0C2,C4B86FC7"/><U115/><E32/><V135/><N who="2" m="31264" /><V39/><F71/><T44/><D113/><U123/><N who="1" m="31520" /><U91/><E115/><V79/><F112/><T73/><D73/><U66/><E110/><V1/><F1/><T97/><D124/><N who="1" m="47691" /><E37/><V77/><F128/><T41/><REACH who="0" step="1"/><D98/><REACH who="0" step="2"/><U34/><E75/><V119/><F74/><T49/><D49/><U94/><E34/><V64/><F72/><T81/><AGARI ba="0,1" hai="41,44,50,53,56,62,81,85,88,93,97,101,116,117" machi="81" ten="30,5900,0" yaku="1,1,0,1,52,1,54,1,53,0" doraHai="38" doraHaiUra="121" who="0" fromWho="0" sc="329,69,269,-39,442,-20,0,0" /><INIT seed="2,0,0,5,5,59" ten="398,230,422,0" oya="2" hai0="99,81,113,63,115,74,105,89,54,128,107,62,116" hai1="85,43,102,104,73,84,126,41,46,80,70,77,111" hai2="35,78,50,118,66,108,87,38,2,96,119,68,47" hai3="" shuffle="mt19937ar,9CCDFB01,2E00AACC,685850DD,C05F1703,FC62AB83,E4DFBBC0,8224E50E,A4556D0A"/><V130/><F35/><T44/><D116/><U67/><E111/><V134/><F2/><T34/><D34/><U127/><E102/><V106/><F38/><T53/><D128/><U133/><E104/><V82/><F130/><T117/><D117/><U124/><E133/><V114/><F114/><T94/><D44/><U56/><E56/><V95/><F106/><T71/><D71/><U83/><E41/><V72/><F72/><T103/><D74/><U57/><E57/><V33/><F33/><T49/><D49/><U76/><E73/><V92/><F92/><T36/><D94/><U48/><E67/><V1/><F1/><T109/><D81/><U120/><REACH who="1" step="1"/><E70/><REACH who="1" step="2"/><V101/><F134/><T65/><D103/><U79/><E79/><V42/><F108/><T129/><D65/><U64/><E64/><V132/><F132/><T110/><D129/><U39/><E39/><V32/><F32/><T97/><D36/><U0/><E0/><V51/><F51/><T98/><D98/><U3/><E3/><V45/><F45/><T86/><D86/><U69/><E69/><V40/><F40/><T61/><D109/><U121/><AGARI ba="0,1" hai="43,46,48,76,77,80,83,84,85,120,121,124,126,127" machi="121" ten="40,6000,1" yaku="1,1,0,1,9,1,18,1,53,0" doraHai="59" doraHaiUra="123" who="1" fromWho="1" sc="398,-20,220,70,422,-40,0,0" /><INIT seed="4,0,0,5,4,74" ten="378,290,382,0" oya="0" hai0="0,135,103,97,34,85,39,36,129,107,120,49,38" hai1="2,77,64,45,71,96,104,105,73,87,118,76,130" hai2="69,92,68,82,88,57,95,47,72,58,113,41,86" hai3="" shuffle="mt19937ar,68A03325,5ED76F29,741B9E4B,AF3F3A38,A84D071D,513FC481,18D0CD4D,A3FFD385"/><T114/><N who="0" m="30752" /><T108/><D34/><U102/><E2/><V1/><F1/><T116/><D0/><U89/><E118/><V61/><F113/><T75/><D116/><U50/><E105/><V32/><F32/><T35/><D35/><U55/><E73/><V106/><F106/><T128/><D75/><U100/><E100/><V132/><F132/><T66/><D114/><U56/><E71/><V101/><F58/><T79/><D135/><U84/><E84/><V80/><F80/><T60/><D108/><U53/><E64/><V59/><F59/><T131/><D49/><U44/><E130/><V123/><N who="2" m="31520" /><V109/><F109/><T121/><N who="0" m="31008" /><T91/><D79/><U119/><E119/><V90/><F101/><T115/><D115/><U83/><REACH who="1" step="1"/><E44/><REACH who="1" step="2"/><V70/><F72/><T51/><D85/><U98/><E98/><V52/><REACH who="2" step="1"/><F90/><REACH who="2" step="2"/><T67/><D91/><U40/><E40/><V63/><F63/><AGARI ba="0,2" hai="45,50,53,55,56,63,76,77,83,87,89,96,102,104" machi="63" ten="30,7700,0" yaku="1,1,7,1,52,2,53,0" doraHai="74" doraHaiUra="37" who="1" fromWho="2" sc="378,0,280,97,372,-77,0,0" /><INIT seed="5,0,0,2,5,70" ten="378,377,295,0" oya="1" hai0="101,122,63,121,114,106,67,78,102,100,44,92,91" hai1="111,64,84,97,60,41,52,39,38,127,90,133,94" hai2="109,54,77,87,116,130,104,75,58,0,2,105,125" hai3="" shuffle="mt19937ar,5F8F829C,880C108D,38D36826,02C1B4D0,C3E9FD42,12C20504,C5F19536,3D1334FD"/><U36/><E111/><V61/><F109/><T35/><N who="0" m="31008" /><T42/><N who="0" m="31264" /><T131/><D114/><U126/><E133/><V93/><F116/><T68/><D131/><U85/><E52/><V62/><F130/><T48/><D78/><U98/><E41/><V128/><F128/><T99/><REACH who="0" step="1"/><D35/><REACH who="0" step="2"/><U86/><REACH who="1" step="1"/><E98/><AGARI ba="0,1" hai="42,44,48,63,67,68,91,92,98,99,100,101,102,106" m="31264,31008" machi="98" ten="30,8000,1" yaku="1,1,2,1,7,1,52,2,53,0" doraHai="70" doraHaiUra="51" who="0" fromWho="1" sc="368,90,377,-80,295,0,0,0" /><INIT seed="6,0,0,3,3,127" ten="458,297,295,0" oya="2" hai0="60,91,102,115,47,3,125,118,114,83,69,35,70" hai1="53,41,59,89,57,55,121,97,79,77,111,133,73" hai2="66,135,78,65,64,36,90,98,112,104,100,71,38" hai3="" shuffle="mt19937ar,D11FBF63,0F4A398D,7EAA00E2,ACE5B533,98556F8D,55EA44C2,3EF404A7,6A00835F"/><V51/><F71/><T75/><D125/><U113/><N who="1" m="31008" /><U88/><E73/><V42/><F112/><N who="0" m="43050" /><D118/><U46/><E113/><V72/><F135/><T1/><D35/><U32/><E32/><V37/><F90/><T130/><D130/><U40/><E97/><V92/><F92/><T52/><D102/><U54/><E46/><V80/><REACH who="2" step="1"/><F51/><REACH who="2" step="2"/><T86/><D70/><U119/><E133/><V58/><F58/><N who="1" m="22025" /><E119/><V99/><F99/><T116/><D116/><U50/><E50/><V105/><F105/><T93/><D69/><U76/><E111/><V108/><F108/><T87/><D91/><AGARI ba="0,1" hai="40,41,53,54,55,76,77,79,88,89,91" m="22025,31008" machi="91" ten="40,8000,1" yaku="28,2,8,1,52,1,54,1" doraHai="127" who="1" fromWho="0" sc="458,-80,297,90,285,0,0,0" /><INIT seed="8,0,0,2,0,76" ten="378,387,285,0" oya="0" hai0="134,129,84,62,48,77,73,87,96,72,35,81,0" hai1="132,33,100,97,101,61,111,123,93,46,80,119,43" hai2="104,67,1,78,53,118,71,85,69,42,38,65,52" hai3="" shuffle="mt19937ar,EFFF63B9,AA6376E3,1489DA5A,B50B535C,AF73F231,28140E01,9A7F7F80,F5129169"/><T58/><D129/><U95/><N who="1" m="31520" /><U60/><E132/><V70/><F1/><T122/><N who="0" m="31264" /><T128/><D128/><U114/><E111/><V82/><F104/><T92/><D35/><U57/><E33/><V66/><REACH who="2" step="1"/><F118/><REACH who="2" step="2"/><T49/><D0/><U109/><E119/><V113/><F113/><T44/><D134/><U124/><E114/><V59/><F59/><T105/><D105/><U112/><E112/><V41/><F41/><T50/><D44/><AGARI ba="0,1" hai="38,42,44,52,53,65,66,67,69,70,71,78,82,85" machi="44" ten="50,6400,0" yaku="1,1,52,1,54,1,53,0" doraHai="76" doraHaiUra="45" who="2" fromWho="0" sc="378,-64,387,0,275,74,0,0" /><INIT seed="9,0,0,4,0,102" ten="314,387,349,0" oya="1" hai0="133,113,34,95,109,94,80,103,35,2,77,82,38" hai1="36,55,87,84,91,116,132,118,49,45,33,43,78" hai2="1,75,0,100,104,50,98,134,42,86,79,47,123" hai3="" shuffle="mt19937ar,9BEE0559,0DD0BAF3,E52950E3,5E269A6E,D197FFAE,E06EBA45,9274F28E,7C1DD15E"/><U64/><E33/><V58/><N who="2" m="31520" /><V62/><F75/><T32/><D2/><U125/><E125/><V60/><F134/><T117/><D109/><U69/><E132/><V40/><F40/><T57/><D133/><U112/><E112/><V52/><REACH who="2" step="1"/><F62/><REACH who="2" step="2"/><T96/><D113/><U131/><E118/><V65/><F65/><T108/><D117/><U59/><E116/><V41/><F41/><T88/><D108/><U127/><E127/><V54/><F54/><T121/><N who="0" m="31008" /><T3/><D3/><U48/><E64/><V114/><F114/><T128/><D128/><U53/><E131/><V106/><F106/><T70/><D38/><U122/><N who="1" m="31264" /><U99/><E43/><V39/><F39/><T56/><D70/><U61/><E36/><V83/><AGARI ba="0,1" hai="0,1,42,47,50,52,58,60,79,83,86,98,100,104" m="31520" machi="83" ten="30,6000,1" yaku="1,1,0,1,52,2,54,1,53,0" doraHai="102" doraHaiUra="85" who="2" fromWho="2" sc="314,-20,387,-40,339,70,0,0" owari="294,-31,347,-5,409,36,0,0" /></mjloggm>