<mjloggm ver="2.3"><GO type="185"/><UN n0="%EF%BC%BC%28%EF%BC%BE%6F%EF%BC%BE%29%EF%BC%8F%E2%98%85" n1="%E3%81%B5%E3%81%8F%EF%BC%A3%EF%BD%88%EF%BD%81%EF%BD%8E%E2%99%AA" n2="%E7%A5%9E%E3%80%85%E3%82%AF%E3%83%A9%E3%82%B9" n3="" dan="17,16,17,0" rate="2155,2172,2148,1500" sx="M,F,M,C"/><TAIKYOKU oya="0"/><INIT seed="0,0,0,0,0,47" ten="350,350,350,0" oya="0" hai0="64,51,91,42,93,94,78,88,70,95,71,49,120" hai1="1,101,3,67,48,35,90,52,124,118,77,113,41" hai2="99,111,122,100,74,43,127,2,92,59,36,86,60" hai3="" shuffle="mt19937ar,0E0A97DD,488BA03F,7E666511,ADD53FED,F892DA07,6AF2FAD4,2B3AA77B,20411525"/><T62/><N who="0" m="30752" /><T34/><D34/><U102/><E35/><V108/><N who="2" m="31264" /><V45/><F2/><T110/><D110/><U129/><E118/><V38/><F74/><T46/><D71/><U116/><E116/><V135/><F135/><T84/><REACH who="0" step="1"/><D51/><REACH who="0" step="2"/><U33/><E33/><V107/><F111/><T72/><D72/><U82/><E1/><V54/><F108/><T89/><D89/><U69/><E90/><V121/><N who="2" m="31008" /><V104/><F127/><T98/><D98/><U87/><E3/><V105/><REACH who="2" step="1"/><F38/><REACH who="2" step="2"/><T40/><D40/><U44/><E124/><V37/><F37/><T97/><D97/><U130/><E41/><V134/><F134/><T80/><AGARI ba="0,2" hai="42,46,49,62,64,70,78,80,84,88,91,93,94,95" m="30752" machi="80" ten="30,8000,1" yaku="1,1,0,1,52,2,54,1,53,0" doraHai="47" doraHaiUra="53" who="0" fromWho="0" sc="340,100,350,-40,340,-40,0,0" /><INIT seed="0,1,0,4,4,125" ten="440,310,300,0" oya="0" hai0="50,88,71,59,52,33,92,75,42,44,53,121,105" hai1="112,93,102,51,49,117,61,128,103,122,110,129,84" hai2="66,90,118,74,77,81,96,73,64,78,45,130,54" hai3="" shuffle="mt19937ar,0F23476C,F8015455,9597AEF0,5CC2D770,B8DA48BC,B9F12947,5609ED99,F21A10E5"/><T46/><N who="0" m="31008" /><T127/><D33/><U32/><N who="1" m="31264" /><U106/><E110/><V131/><F118/><T99/><D127/><U124/><E124/><V108/><F108/><T34/><D34/><U38/><E38/><V69/><F69/><T70/><D75/><U65/><E112/><V68/><F68/><T62/><D105/><U107/><E32/><V2/><F2/><T41/><D41/><U87/><E117/><V60/><F78/><T135/><D135/><U89/><E61/><V58/><F74/><T40/><D40/><U126/><E65/><V101/><F90/><T116/><D116/><U57/><E57/><V55/><F66/><T80/><D80/><U95/><E126/><V67/><F67/><T109/><D109/><U119/><E119/><V113/><F113/><T48/><AGARI ba="1,0" hai="42,44,46,48,50,52,53,59,62,70,71,88,92,99" m="31008" machi="48" ten="20,8000,1" yaku="0,1,7,1,52,1,54,2" doraHai="125" who="0" fromWho="0" sc="440,82,310,-41,300,-41,0,0" /><INIT seed="0,2,0,0,3,129" ten="522,269,259,0" oya="0" hai0="66,101,111,106,41,3,46,68,99,87,97,124,89" hai1="132,40,92,84,55,120,102,48,70,43,125,79,53" hai2="131,115,81,49,130,44,65,100,54,113,51,45,135" hai3="" shuffle="mt19937ar,2AE29843,9C09C96C,F44B5EB5,EE49E641,DD9D2CFB,A9D741F1,E86B2192,A8E5A4B2"/><T75/><D3/><U91/><N who="1" m="30752" /><U73/><E125/><V94/><F81/><T60/><D124/><U47/><E70/><V2/><F94/><T67/><D75/><U64/><E64/><V121/><N who="2" m="31008" /><V58/><F100/><T114/><D114/><N who="2" m="43530" /><F2/><T80/><D67/><U112/><E112/><V32/><F32/><T116/><D116/><U34/><E34/><V126/><F126/><T117/><D117/><U134/><E102/><V93/><F93/><T119/><D119/><U52/><REACH who="1" step="1"/><E40/><REACH who="1" step="2"/><V109/><F65/><T59/><D68/><U38/><E38/><V108/><F131/><T122/><N who="0" m="31264" /><T95/><D111/><N who="2" m="42570" /><F130/><T123/><N who="0" m="31520" /><T88/><D106/><U110/><E110/><V76/><F76/><T56/><D101/><U33/><E33/><V39/><F39/><T57/><D99/><U90/><E90/><V103/><F103/><T69/><D69/><U63/><E63/><V0/><F0/><T118/><D118/><U37/><E37/><AGARI ba="2,1" hai="37,41,46,56,57,59,60,66,80,87,88,89,95,97" m="31520,31264" machi="37" ten="30,11600,0" yaku="7,1,52,2,54,1" doraHai="129" who="0" fromWho="1" sc="522,130,259,-120,259,0,0,0" /><INIT seed="0,3,0,5,3,130" ten="652,139,259,0" oya="0" hai0="51,1,97,87,42,43,70,118,33,79,125,44,96" hai1="84,93,72,38,94,92,61,36,112,116,91,65,131" hai2="104,114,127,103,119,101,122,50,49,62,95,124,66" hai3="" shuffle="mt19937ar,F65905FB,637F50FB,12626EEB,B61EE09E,15A666F6,4AD94A31,1723E14A,77CB026F"/><T82/><D33/><U73/><E131/><V108/><N who="2" m="31264" /><V105/><F114/><T107/><D1/><U69/><E112/><V59/><F119/><T109/><D118/><U78/><E116/><V106/><F108/><T111/><D70/><U86/><E78/><V41/><F95/><T60/><D125/><N who="2" m="48202" /><F41/><T35/><D35/><U102/><E86/><V64/><F64/><T68/><D43/><U34/><E34/><V56/><F56/><T37/><D107/><U100/><E102/><AGARI ba="3,0" hai="49,50,59,62,66,101,102,103,104,105,106" m="48202,31264" machi="102" ten="40,2600,0" yaku="18,1,52,1" doraHai="130" who="2" fromWho="1" sc="652,0,139,-32,259,32,0,0" /><INIT seed="1,0,0,2,3,2" ten="652,107,291,0" oya="1" hai0="134,33,69,98,116,95,78,130,90,62,133,58,108" hai1="47,0,91,119,88,121,49,54,124,120,115,82,118" hai2="50,75,110,100,51,87,104,80,45,106,3,63,60" hai3="" shuffle="mt19937ar,0F66B126,46AA45CD,78BFB482,BA465B41,1F824C06,C74E740B,461021B2,85554FB7"/><U66/><N who="1" m="30752" /><U55/><N who="1" m="31008" /><U48/><E0/><V68/><F3/><T57/><D33/><U135/><E115/><V56/><F75/><T53/><D69/><U131/><E131/><V114/><F110/><T129/><D108/><U126/><E135/><N who="0" m="51721" /><D116/><U89/><E66/><V81/><F114/><T113/><D113/><U61/><E61/><V52/><F100/><T43/><D43/><U59/><REACH who="1" step="1"/><E82/><REACH who="1" step="2"/><V32/><F81/><T128/><D62/><U41/><E41/><V92/><F60/><T74/><D53/><U72/><E72/><V79/><F63/><T123/><N who="0" m="31520" /><T132/><D132/><U46/><E46/><V65/><F65/><T83/><AGARI ba="0,1" hai="57,58,74,78,83,90,95,98,128,129,130" m="31520,51721" machi="83" ten="40,3900,0" yaku="19,1,20,1,52,1" doraHai="2" who="0" fromWho="0" sc="652,49,97,-26,291,-13,0,0" /><INIT seed="2,0,0,3,2,0" ten="701,71,278,0" oya="2" hai0="134,37,60,80,56,109,70,90,128,130,42,41,89" hai1="88,103,45,63,3,119,47,129,132,131,66,101,67" hai2="121,135,46,133,114,106,123,40,44,65,102,99,100" hai3="" shuffle="mt19937ar,FC053F7F,7C6C8FEB,3C93512D,70638477,522B77C1,09CA3636,5DE47E8C,26FF3125"/><V108/><N who="2" m="31008" /><V105/><N who="2" m="31520" /><V95/><F114/><T61/><D109/><U54/><E3/><V126/><F108/><T1/><D1/><U35/><E119/><V115/><F115/><T110/><D110/><U124/><E54/><V64/><F126/><T39/><D134/><N who="2" m="51210" /><F46/><T71/><D80/><U118/><E118/><V86/><F102/><T83/><D83/><U104/><E132/><V97/><F86/><T78/><D78/><U81/><E124/><V32/><F32/><T79/><D79/><U33/><E81/><V53/><F53/><T125/><D125/><U117/><E117/><V76/><F76/><T38/><D38/><U57/><E104/><N who="2" m="40043" /><F97/><T112/><D112/><U75/><E75/><V91/><F100/><T52/><D52/><U94/><E94/><V113/><F113/><T68/><D68/><U48/><E88/><V73/><F73/><T49/><D49/><AGARI ba="0,0" hai="40,44,49,64,65,91,95,99" m="40043,51210,31520,31008" machi="49" ten="30,5800,0" yaku="20,1,52,2" doraHai="0" who="2" fromWho="0" sc="701,-58,71,0,278,58,0,0" /><INIT seed="2,1,0,2,5,72" ten="643,71,336,0" oya="2" hai0="111,126,51,75,41,62,88,74,108,117,123,114,85" hai1="82,100,47,49,83,64,63,93,98,92,54,67,48" hai2="39,96,89,3,69,107,2,35,116,45,70,1,61" hai3="" shuffle="mt19937ar,E57553F8,A2EFDCEA,62CC2FB0,34EEA26A,08B35F33,A7962555,E69AE2B6,AC43B681"/><V110/><F116/><T91/><N who="0" m="31520" /><T86/><D117/><U80/><E63/><V131/><F89/><T135/><D135/><U40/><REACH who="1" step="1"/><E93/><REACH who="1" step="2"/><V52/><F61/><T104/><D62/><U95/><E95/><V73/><F3/><T59/><D104/><U105/><E105/><V71/><F107/><T76/><D114/><U130/><E130/><V42/><F131/><T53/><D126/><U37/><E37/><V36/><F36/><T65/><D65/><U34/><E34/><V56/><F35/><T32/><D32/><U112/><E112/><V128/><F128/><T33/><D33/><U132/><E132/><V103/><F1/><T102/><D51/><U57/><AGARI ba="1,1" hai="40,47,48,49,54,57,64,67,80,82,83,92,98,100" machi="57" ten="30,9000,2" yaku="1,1,0,1,8,1,53,3" doraHai="72" doraHaiUra="77" who="1" fromWho="1" sc="643,-31,61,102,336,-61,0,0" /><INIT seed="4,0,0,4,2,123" ten="612,163,275,0" oya="0" hai0="114,0,35,59,2,88,83,39,105,76,61,126,94" hai1="78,132,70,81,131,71,37,89,41,93,107,74,87" hai2="103,99,86,73,112,121,3,75,84,49,127,104,135" hai3="" shuffle="mt19937ar,5651968F,CE916227,08BC9A18,470F9E9F,DAD178FB,E3A4F93E,322A9CD7,315D887D"/><T63/><D35/><U113/><E41/><V77/><N who="2" m="31008" /><V36/><F36/><T116/><D105/><U118/><E70/><V129/><F3/><T119/><D39/><U54/><E54/><V102/><F49/><T43/><D43/><U96/><E71/><V56/><F56/><T52/><D126/><U130/><E37/><V124/><F135/><T47/><D114/><U95/><E118/><V1/><F1/><T42/><D2/><U62/><E62/><V50/><F50/><T115/><D0/><U98/><E132/><V51/><F51/><T69/><D115/><U128/><E107/><V32/><F32/><T34/><D34/><U55/><E55/><V85/><F112/><T38/><D83/><U57/><E57/><V66/><F66/><T117/><D76/><U97/><REACH who="1" step="1"/><E113/><REACH who="1" step="2"/><V109/><F104/><T65/><D119/><U45/><E45/><V60/><F60/><T110/><D117/><U72/><E72/><V122/><F75/><T44/><D116/><U92/><AGARI ba="0,1" hai="74,78,81,87,89,92,93,95,96,97,98,128,130,131" machi="92" ten="40,12000,3" yaku="1,1,0,1,19,1,34,3,53,3" doraHai="123" doraHaiUra="91" who="1" fromWho="1" sc="612,-80,153,130,275,-40,0,0" /><INIT seed="5,0,0,4,4,42" ten="532,283,235,0" oya="1" hai0="55,32,58,104,49,105,101,83,111,128,102,71,134" hai1="121,61,57,51,45,119,75,1,43,44,131,109,107" hai2="37,35,115,130,74,113,67,80,50,70,114,79,56" hai3="" shuffle="mt19937ar,6F1F7E6D,090874F4,05B045EE,933C7210,80A19A6B,C49918BB,008F4857,AB56AF36"/><U117/><N who="1" m="31008" /><U66/><E107/><V0/><F0/><T77/><D32/><U92/><E75/><V98/><F35/><T73/><D111/><U112/><E1/><V52/><F37/><T94/><D128/><U72/><E72/><V34/><F34/><T90/><D71/><U36/><E109/><V93/><F130/><T116/><D116/><U132/><E131/><V96/><F70/><T3/><D3/><U41/><E112/><V88/><F67/><T135/><D105/><U127/><E132/><N who="0" m="50729" /><D104/><U123/><N who="1" m="31520" /><U126/><E92/><V64/><REACH who="2" step="1"/><F64/><REACH who="2" step="2"/><T48/><D48/><U65/><REACH who="1" step="1"/><E65/><REACH who="1" step="2"/><V78/><F78/><T39/><D39/><U81/><E81/><V68/><F68/><T47/><D83/><U89/><E89/><V120/><N who="2" m="30752" /><V100/><F100/><T122/><N who="0" m="31264" /><T54/><D77/><U33/><E33/><V97/><AGARI ba="0,2" hai="50,52,56,74,79,80,88,93,96,97,98,113,114,115" m="30752" machi="97" ten="40,12000,3" yaku="1,1,0,1,15,1,11,1,52,1,54,2,53,1" doraHai="42" doraHaiUra="86" who="2" fromWho="2" sc="532,-40,273,-80,225,140,0,0" /><INIT seed="6,0,0,5,2,49" ten="492,193,365,0" oya="2" hai0="59,34,62,60,126,103,70,132,64,2,134,45,119" hai1="52,50,135,81,65,122,107,67,88,96,37,3,48" hai2="121,84,46,36,104,113,57,43,92,78,91,71,129" hai3="" shuffle="mt19937ar,AC6D1CA7,1A59E747,367C170D,24A74C2F,21833808,06C6B8D1,3726435D,0F1B563F"/><V42/><N who="2" m="31008" /><V97/><F71/><T32/><D2/><U130/><N who="1" m="31264" /><U110/><E3/><V131/><F113/><T79/><D119/><U133/><E107/><V53/><F42/><T124/><D103/><U75/><E75/><V117/><F117/><T44/><D79/><U109/><E81/><V127/><F127/><N who="0" m="48682" /><D45/><U98/><E130/><N who="2" m="49675" /><F78/><T106/><D44/><U35/><E35/><N who="0" m="13353" /><D106/><U101/><E101/><V108/><F108/><T51/><D51/><U73/><E73/><V56/><F104/><T38/><D38/><U100/><E100/><V95/><F53/><AGARI ba="0,0" hai="53,59,60,62,64,70,132,134" m="13353,48682" machi="53" ten="30,2000,0" yaku="18,1,52,1" doraHai="49" who="0" fromWho="2" sc="492,20,193,0,365,-20,0,0" owari="512,46,193,-41,345,-5,0,0" /></mjloggm>