<mjloggm ver="2.3"><GO type="185"/><UN n0="%E4%B8%89%E7%94%B0%E6%9D%91%E8%8C%9C" n1="%E3%81%B0%E3%81%8F%E3%81%92%E3%81%A3%E3%81%8D" n2="%E3%81%B5%E3%81%8F%EF%BC%A3%EF%BD%88%EF%BD%81%EF%BD%8E%E2%99%AA" n3="" dan="17,16,16,0" rate="2214,2190,2182,1500" sx="F,M,F,C"/><TAIKYOKU oya="0"/><INIT seed="0,0,0,3,1,112" ten="350,350,350,0" oya="0" hai0="128,61,3,33,118,77,72,65,64,97,126,55,132" hai1="73,86,108,102,84,43,120,106,56,83,122,53,68" hai2="88,60,98,47,133,34,90,92,127,93,51,49,116" hai3="" shuffle="mt19937ar,86C3C970,C0C6C6A6,97D2FE82,47D4C00D,5B7E7865,E236291A,1D5A0754,7B680E3C"/><T66/><D3/><U79/><E68/><V80/><F34/><T45/><D33/><U114/><E114/><V58/><F133/><T124/><D132/><U135/><E43/><V48/><F80/><T94/><D128/><U36/><E36/><V37/><F127/><N who="0" m="48682" /><D77/><U63/><E135/><V78/><F78/><T117/><D72/><U0/><E0/><V35/><F35/><T76/><D76/><U38/><E38/><V42/><F116/><N who="0" m="44650" /><D45/><U121/><REACH who="1" step="1"/><E108/><REACH who="1" step="2"/><V46/><F46/><T119/><D119/><U131/><E131/><V74/><F74/><T105/><D105/><U109/><E109/><V113/><F113/><T129/><D129/><U1/><E1/><V82/><F47/><T100/><D55/><U44/><E44/><V32/><F32/><T57/><AGARI ba="0,1" hai="57,61,64,65,66,94,97,100" m="44650,48682" machi="57" ten="30,7800,0" yaku="18,1,52,3" doraHai="112" who="0" fromWho="0" sc="350,88,340,-39,350,-39,0,0" /><INIT seed="0,1,0,5,1,125" ten="438,301,311,0" oya="0" hai0="78,44,74,111,121,103,64,126,52,62,129,118,131" hai1="119,2,115,96,110,132,94,93,99,69,88,37,85" hai2="107,130,55,59,39,84,82,32,71,70,50,54,135" hai3="" shuffle="mt19937ar,DADE351D,F0A4EBE7,D49B1B4C,D0D6E0CA,96400766,152B8596,CA436755,BEB6173C"/><T116/><N who="0" m="31008" /><T108/><D103/><U58/><E2/><V113/><F107/><T57/><D126/><U36/><E69/><V127/><F84/><T112/><D112/><U90/><E115/><V104/><F82/><T76/><D64/><U124/><E119/><N who="0" m="45609" /><D44/><U49/><E124/><V42/><F104/><T43/><D43/><U106/><E106/><V56/><F32/><T83/><D76/><U92/><E132/><V33/><F33/><T73/><D74/><U61/><E49/><V66/><F135/><T1/><D1/><U87/><E110/><AGARI ba="1,0" hai="52,57,62,73,78,83,108,110,111,129,131" m="45609,31008" machi="110" ten="30,18000,2" yaku="14,1,10,1,52,3,54,1" doraHai="125" who="0" fromWho="1" sc="438,182,301,-182,311,0,0,0" /><INIT seed="0,2,0,5,2,116" ten="620,119,311,0" oya="0" hai0="79,61,118,87,53,78,85,123,58,2,129,94,102" hai1="104,57,132,126,125,109,41,83,73,134,98,77,95" hai2="35,66,135,60,111,112,71,70,106,114,75,50,56" hai3="" shuffle="mt19937ar,E459A1C4,E119E73A,1F24CD79,BDCB3DCB,DF148868,0C375CFC,E06A6F7A,183809C1"/><T3/><N who="0" m="31520" /><T76/><D118/><U108/><E41/><V100/><F100/><T97/><REACH who="0" step="1"/><D129/><REACH who="0" step="2"/><U44/><E44/><V81/><F114/><T74/><D74/><U37/><E37/><V59/><F75/><T36/><D36/><U92/><E57/><V117/><F59/><T121/><N who="0" m="31008" /><T68/><D68/><U130/><E130/><V54/><F112/><T133/><D133/><N who="1" m="51307" /><E126/><V120/><F120/><T0/><AGARI ba="2,1" hai="0,2,3,53,58,61,76,78,79,85,87,94,97,102" m="31008,31520" machi="0" ten="40,16000,3" yaku="1,1,0,1,52,4,53,3" doraHai="116" doraHaiUra="33" who="0" fromWho="0" sc="610,174,119,-82,311,-82,0,0" /><INIT seed="0,3,0,4,3,126" ten="784,37,229,0" oya="0" hai0="108,117,106,80,98,114,64,113,109,41,127,96,116" hai1="63,66,58,101,70,34,49,94,102,36,61,90,92" hai2="67,115,86,119,125,93,104,103,39,131,135,111,118" hai3="" shuffle="mt19937ar,25B762D6,85CFC7C7,768547EE,A7255291,653E8580,3E2C06B2,BBA62D97,FB4040BC"/><T123/><D127/><U76/><E34/><V95/><F93/><T46/><D64/><U129/><E36/><V100/><F100/><T99/><N who="0" m="31520" /><T3/><D3/><U1/><E1/><V83/><F95/><T65/><D65/><U52/><E129/><V120/><F103/><T32/><D80/><U59/><E76/><V48/><F86/><T75/><D75/><U60/><E94/><V97/><F48/><T51/><D32/><U89/><E89/><V85/><F85/><T124/><D124/><U35/><E35/><V88/><F88/><T105/><D105/><U73/><E73/><V43/><F97/><T2/><D2/><U134/><E134/><V50/><F83/><T122/><N who="0" m="31264" /><T38/><D106/><U0/><E0/><V84/><F104/><T42/><D51/><U133/><E133/><V112/><F50/><T121/><N who="0" m="31008" /><T79/><D42/><U91/><E91/><V33/><F43/><T78/><D78/><U40/><E40/><V87/><N who="2" m="30752" /><V74/><F74/><T69/><D69/><U130/><E70/><V37/><F33/><T82/><D82/><U132/><E132/><V55/><F135/><T56/><D79/><U68/><E68/><V47/><F125/><RYUUKYOKU ba="3,0" sc="784,0,37,0,229,0,0,0" /><INIT seed="1,4,0,3,3,43" ten="784,37,229,0" oya="1" hai0="129,74,73,81,67,51,132,75,40,92,102,79,97" hai1="115,49,105,45,83,48,32,123,69,88,127,93,101" hai2="44,117,47,33,85,122,52,50,72,106,113,61,114" hai3="" shuffle="mt19937ar,87AA5566,B799821F,0D2567BB,D84455FA,B453824A,D4F7C0AC,21511CAB,32DF0225"/><U87/><N who="1" m="31520" /><U128/><E32/><V56/><N who="2" m="31264" /><V63/><F72/><T131/><D132/><U135/><E115/><N who="2" m="44043" /><F106/><T55/><D67/><U64/><E135/><V66/><F117/><T98/><D40/><U110/><E49/><V96/><F96/><T103/><D55/><U35/><E35/><V91/><F33/><T130/><D51/><U34/><E34/><V59/><F91/><T0/><D0/><U37/><E37/><V104/><F85/><T78/><D78/><U41/><E127/><V70/><F104/><AGARI ba="4,0" hai="73,74,75,79,81,92,97,98,102,103,104,129,130,131" machi="104" ten="40,8000,1" yaku="19,1,34,3" doraHai="43" who="0" fromWho="2" sc="784,88,37,0,229,-88,0,0" /><INIT seed="2,0,0,4,2,110" ten="872,37,141,0" oya="2" hai0="103,75,64,111,60,2,128,90,70,76,100,77,99" hai1="83,54,101,134,48,32,108,0,50,121,113,53,65" hai2="104,85,73,58,66,72,131,59,84,122,33,93,118" hai3="" shuffle="mt19937ar,61D43AD6,F4DA7806,69C897EC,CFDF98D1,ED48A47E,415394A4,EEE15F5C,1C3FB274"/><V45/><N who="2" m="31264" /><V34/><F104/><T119/><D111/><U126/><N who="1" m="31008" /><U105/><E108/><V96/><F131/><T39/><D128/><U82/><E32/><V89/><F118/><T40/><D119/><U130/><E130/><V44/><F66/><T63/><D2/><U120/><N who="1" m="30752" /><U3/><E65/><V67/><F67/><T38/><D90/><U52/><E105/><V133/><F93/><T116/><D116/><U78/><E101/><V1/><F89/><T114/><D114/><U112/><E126/><V88/><F88/><T41/><D99/><U51/><E134/><V87/><F87/><T132/><D75/><U42/><E42/><V55/><F96/><T57/><D132/><U95/><E95/><V47/><F133/><T125/><D77/><U94/><E94/><V80/><F33/><T102/><D76/><U68/><E68/><V36/><F85/><T107/><D70/><U61/><E61/><V115/><F84/><T37/><D100/><U106/><E106/><V97/><F97/><T71/><D107/><U98/><E98/><V46/><F34/><T56/><D103/><U117/><E117/><V129/><F129/><T69/><D102/><U62/><E78/><V74/><F55/><RYUUKYOKU ba="0,0" sc="872,0,37,0,141,0,0,0" /><INIT seed="4,1,0,0,5,93" ten="872,37,141,0" oya="0" hai0="76,83,99,89,79,47,34,48,124,72,71,128,123" hai1="59,92,109,103,52,68,110,44,70,81,120,135,43" hai2="102,3,117,86,80,82,131,129,91,118,39,35,66" hai3="" shuffle="mt19937ar,27205631,97105146,D018B318,3120F344,7E7AC18E,2C51836E,AF609574,9D99CC44"/><T90/><N who="0" m="31520" /><T46/><D71/><U122/><N who="1" m="30752" /><U38/><N who="1" m="31264" /><U40/><E81/><V1/><F66/><T107/><D34/><U61/><E103/><V63/><F63/><T111/><D124/><U116/><E92/><V105/><F39/><T60/><D128/><U134/><E116/><V74/><F35/><T132/><D132/><N who="1" m="50731" /><E40/><V112/><F102/><T98/><D107/><U54/><E54/><V100/><F100/><T95/><D95/><U85/><E85/><V67/><F105/><T133/><D83/><U108/><AGARI ba="1,0" hai="38,43,44,52,59,61,68,70,108,109,110" m="50731,31264,30752" machi="108" ten="40,9000,2" yaku="20,1,34,2,52,2,54,1" doraHai="93" who="1" fromWho="1" sc="872,-61,37,92,141,-31,0,0" /><INIT seed="5,0,0,0,1,76" ten="811,129,110,0" oya="1" hai0="130,75,0,40,129,90,98,132,101,1,111,108,119" hai1="82,53,94,49,86,92,57,105,115,61,87,110,37" hai2="55,91,73,103,68,106,52,83,38,113,89,84,85" hai3="" shuffle="mt19937ar,1F6111A9,9E844CE6,F3B20367,B8FDD528,16E00062,07018DC9,5893DE6B,67857FC8"/><U104/><E37/><V58/><F68/><T88/><D75/><U74/><E74/><V56/><F38/><T117/><D40/><U102/><E110/><V45/><F73/><T70/><D70/><U66/><E115/><V59/><F113/><T135/><D98/><U99/><E87/><V125/><F125/><T43/><D43/><U131/><E105/><V67/><F67/><T62/><D62/><U121/><N who="1" m="31008" /><U63/><E63/><V36/><F103/><AGARI ba="0,0" hai="0,1,88,90,101,103,108,111,117,119,129,130,132,135" machi="103" ten="25,3200,0" yaku="22,2,54,1" doraHai="76" who="0" fromWho="2" sc="811,32,129,0,110,-32,0,0" /><INIT seed="6,0,0,0,0,87" ten="843,129,78,0" oya="2" hai0="133,83,53,39,36,44,91,125,135,61,101,94,52" hai1="123,0,50,54,106,127,130,2,49,104,86,115,48" hai2="35,132,47,56,55,42,46,77,57,63,98,114,122" hai3="" shuffle="mt19937ar,09527BD4,F13E3F76,0C3938F5,C61CA1D3,CACF20DE,6547C61B,897B449C,0EAA68E5"/><V38/><N who="2" m="31264" /><V97/><F35/><T34/><D125/><U32/><N who="1" m="31520" /><U124/><E32/><V58/><F132/><N who="0" m="50762" /><D101/><U40/><E130/><V33/><F33/><T69/><D83/><U80/><E40/><V59/><F114/><T82/><D82/><U1/><E54/><N who="0" m="21097" /><D44/><U76/><REACH who="1" step="1"/><E115/><REACH who="1" step="2"/><V102/><F47/><T107/><D107/><AGARI ba="0,1" hai="0,1,2,48,49,50,76,80,86,104,106,107,124,127" m="31520" machi="107" ten="50,6400,0" yaku="1,1,2,1,52,1,53,0" doraHai="87" doraHaiUra="120" who="1" fromWho="0" sc="843,-64,119,74,78,0,0,0" owari="779,73,193,-21,78,-52,0,0" /></mjloggm>