<mjloggm ver="2.3"><GO type="225"/><UN n0="%EF%BC%88%EF%BC%8A%EF%BC%9E%EF%BC%9C%EF%BC%89" n1="%E5%85%8B%E5%88%A9%E5%A5%A5%E4%BD%A9%E7%89%B9%E5%89%8C%CE%B6" n2="%E9%95%B7%E5%B2%A1%E5%A4%A7%E6%98%8E%E7%A5%9E" n3="%E9%9B%AA%E5%9B%BD%E8%82%B2%E3%81%A1" dan="17,16,16,17" rate="2190,2164,2054,2126" sx="F,F,F,M"/><TAIKYOKU oya="0"/><INIT seed="0,0,0,0,5,128" ten="250,250,250,250" oya="0" hai0="51,130,114,76,64,66,46,117,12,14,67,92,101" hai1="27,6,113,87,73,2,86,35,60,126,1,8,134" hai2="118,19,20,63,7,24,80,0,131,30,135,74,44" hai3="71,77,119,37,9,102,116,58,112,133,39,43,129" shuffle="mt19937ar,119B9132,2FCB6953,32A20818,5CFC3E0C,9D6215AB,32FD0FBB,2AB8D8A8,BDE08695"/><T25/><D117/><U122/><E73/><V124/><F118/><W3/><G71/><T96/><D114/><U31/><E122/><V53/><F131/><W36/><G112/><T33/><D130/><U107/><E113/><V40/><F124/><W106/><G129/><T55/><D76/><U75/><E75/><V11/><F74/><W56/><G77/><T15/><D33/><U59/><E126/><V105/><F105/><W82/><G82/><T97/><D25/><U111/><E107/><V72/><F72/><W83/><G83/><T103/><REACH who="0" step="1"/><D67/><REACH who="0" step="2"/><U18/><E35/><V89/><F24/><W88/><G116/><T45/><D45/><U81/><E27/><V10/><F44/><W90/><G119/><T79/><D79/><U38/><E31/><V47/><F30/><W61/><G37/><T4/><D4/><U21/><E6/><V42/><F47/><W52/><G39/><T127/><D127/><U54/><E38/><V95/><F7/><W104/><G36/><T17/><D17/><U100/><E18/><V98/><F19/><W13/><G43/><T99/><D99/><U78/><E78/><V120/><F98/><W123/><G123/><T16/><D16/><U68/><E54/><V65/><F53/><W93/><G52/><T32/><D32/><U5/><E5/><V28/><F28/><W50/><G9/><T62/><D62/><U84/><E60/><V108/><F63/><W121/><G61/><T49/><D49/><U109/><E8/><V125/><F11/><W94/><G121/><T57/><D57/><U48/><E59/><RYUUKYOKU ba="0,1" sc="240,30,250,-10,250,-10,250,-10" hai0="12,14,15,46,51,55,64,66,92,96,97,101,103" /><INIT seed="0,1,1,3,3,40" ten="270,240,240,240" oya="0" hai0="135,51,102,5,133,39,49,18,3,19,66,64,101" hai1="106,11,2,70,41,47,111,105,127,58,8,26,42" hai2="13,20,103,33,113,123,107,46,63,83,96,48,114" hai3="99,79,121,110,109,69,22,98,30,9,23,118,56" shuffle="mt19937ar,AB9DA883,F48B505A,F80E1F51,CC414D87,0FA01320,A8B56A04,1632E478,E60F8E6C"/><T112/><D5/><U31/><E70/><V67/><F33/><W35/><G69/><T76/><D39/><U129/><E111/><N who="3" m="42506" /><G118/><T117/><D76/><U93/><E127/><V104/><F123/><W36/><G121/><T16/><D112/><U94/><E129/><V50/><F107/><W65/><G79/><T74/><D3/><U53/><E105/><V122/><F122/><W84/><G84/><T81/><D81/><U32/><E106/><V73/><F73/><W132/><G132/><N who="0" m="50763" /><D74/><U134/><E42/><V115/><F83/><W80/><G80/><T52/><D117/><U124/><E124/><V125/><F125/><W28/><G36/><T85/><D85/><U131/><E131/><V77/><F77/><W44/><G99/><T126/><D126/><U43/><E43/><V37/><F37/><W45/><G98/><T15/><D15/><U116/><E116/><V25/><F13/><W55/><G35/><T10/><D10/><U100/><E134/><V130/><F130/><W7/><G9/><T27/><D27/><U90/><E2/><V78/><F78/><W75/><G7/><T72/><D72/><U21/><E32/><V4/><F4/><W54/><G75/><T57/><D51/><U24/><E24/><V61/><F50/><N who="3" m="28999" /><G22/><T1/><D1/><U59/><E11/><V86/><F86/><W29/><G23/><T87/><D87/><U60/><E8/><V6/><F6/><W92/><G29/><T128/><D128/><U89/><E31/><V120/><F120/><W0/><G28/><T34/><D34/><U17/><E21/><RYUUKYOKU ba="1,1" sc="270,30,240,-10,240,-10,240,-10" hai0="16,18,19,49,52,57,64,66,101,102" /><INIT seed="0,2,1,3,5,3" ten="300,230,230,230" oya="0" hai0="18,54,78,50,119,103,52,67,88,97,118,77,10" hai1="102,134,68,87,12,58,37,62,45,65,135,0,85" hai2="121,14,19,59,41,112,46,98,120,126,129,124,107" hai3="29,99,24,89,57,74,69,17,6,39,33,60,43" shuffle="mt19937ar,2F7BD435,41E0E4F5,6E82B4BF,8D718F25,E6549845,9C46AA35,80088C8A,5D3B051A"/><T20/><D67/><U66/><E0/><V113/><F98/><W96/><G74/><T109/><D109/><U1/><E1/><V75/><F75/><W55/><G69/><T84/><D10/><U93/><E12/><V21/><F107/><W106/><G106/><T95/><D119/><U104/><E104/><V108/><F108/><W8/><G17/><T15/><D118/><U116/><E116/><V23/><F59/><W80/><G43/><T131/><D54/><U79/><E37/><V34/><F34/><W16/><G39/><T128/><D128/><U105/><E105/><V30/><F129/><W47/><G47/><N who="0" m="27743" /><D131/><U76/><E45/><V26/><F46/><W125/><G125/><N who="2" m="48233" /><F41/><W28/><G33/><T111/><D111/><U40/><E40/><V110/><F110/><W90/><G55/><T2/><D2/><U51/><E51/><V49/><F49/><W73/><G60/><T35/><D35/><U100/><E58/><V94/><F94/><AGARI ba="2,1" hai="15,18,20,77,78,84,88,94,95,97,103" m="27743" machi="94" ten="30,5800,0" yaku="8,1,54,2" doraHai="3" who="0" fromWho="2" sc="300,74,230,0,230,-64,230,0" /><INIT seed="0,3,0,4,3,0" ten="374,230,166,230" oya="0" hai0="12,99,5,31,84,129,121,65,2,76,59,56,83" hai1="47,90,34,51,122,111,102,81,132,21,23,49,134" hai2="105,115,93,15,85,40,92,97,103,58,78,33,70" hai3="101,52,10,131,11,91,110,50,89,66,109,17,30" shuffle="mt19937ar,04606E37,7DBE6C19,3C872B75,B561A2B1,18FD2A16,76BA4E87,986EDC7D,1CA1DAC2"/><T64/><D2/><U7/><E34/><V45/><F70/><W25/><G131/><T125/><D129/><U114/><E111/><N who="3" m="42506" /><G66/><T35/><D125/><U57/><E102/><V43/><F33/><N who="3" m="20687" /><G101/><T60/><D121/><U9/><E122/><V4/><F115/><W8/><G17/><T107/><D31/><U13/><E57/><AGARI ba="3,0" hai="8,10,11,50,52,57,89,91" m="20687,42506" machi="57" ten="30,2000,0" yaku="14,1,54,1" doraHai="0" who="3" fromWho="1" sc="374,0,230,-29,166,0,230,29" /><INIT seed="1,0,0,3,3,103" ten="374,201,166,259" oya="1" hai0="5,49,17,122,101,10,3,116,69,89,121,94,82" hai1="125,42,126,99,105,95,120,130,117,9,107,68,0" hai2="53,134,48,26,67,18,23,79,124,75,72,135,61" hai3="97,88,39,56,1,90,114,98,102,129,96,74,127" shuffle="mt19937ar,5F32B936,4EBB4B75,50BE75CD,0B977B77,0409BFA0,0740B083,AD729C88,AC95282C"/><U2/><E117/><V104/><F124/><N who="1" m="47721" /><E120/><V76/><F76/><W86/><G127/><T71/><D116/><U58/><E68/><V15/><F104/><N who="1" m="40009" /><E130/><V118/><F118/><W128/><G1/><N who="1" m="618" /><E9/><V109/><F109/><W77/><G128/><T132/><D10/><U35/><E35/><V93/><F93/><W80/><G129/><T33/><D94/><U66/><E42/><V111/><F111/><W13/><G102/><T38/><D101/><N who="1" m="60671" /><E58/><V21/><F79/><W4/><G56/><T22/><D33/><U91/><E66/><V12/><F72/><W19/><G74/><T60/><D69/><U63/><E63/><V28/><F75/><W62/><G62/><T31/><D60/><U59/><E59/><V83/><F83/><W29/><G97/><T70/><D82/><U41/><E41/><V45/><REACH who="2" step="1"/><F15/><REACH who="2" step="2"/><W47/><G13/><N who="0" m="9519" /><D70/><AGARI ba="0,1" hai="12,18,21,23,26,28,45,48,53,61,67,70,134,135" machi="70" ten="40,2600,0" yaku="1,1,53,1" doraHai="103" doraHaiUra="51" who="2" fromWho="0" sc="374,-26,201,0,156,36,259,0" /><INIT seed="2,0,0,0,1,57" ten="348,201,192,259" oya="2" hai0="7,47,66,60,135,85,89,49,52,131,46,110,104" hai1="45,71,23,128,2,72,40,103,44,81,43,86,109" hai2="83,99,108,31,14,27,79,73,48,69,33,74,20" hai3="117,120,62,87,63,77,24,122,102,10,4,133,6" shuffle="mt19937ar,75C9AEB2,6D549FA2,352A0B8D,EE2D4A8E,77050842,08327407,6AAB165A,94BB985D"/><V97/><F108/><W30/><G117/><T100/><D110/><U123/><E109/><V9/><F73/><W32/><G133/><T61/><D135/><U80/><E2/><V41/><F33/><W13/><G102/><T53/><D7/><U0/><E0/><V12/><F69/><W134/><G134/><T18/><D66/><U54/><E123/><V84/><F74/><W59/><G6/><T68/><D68/><U22/><E71/><V119/><F119/><W70/><G70/><T107/><D131/><U3/><E3/><V75/><F75/><W37/><G37/><T91/><D100/><U116/><E103/><V29/><F29/><W38/><G38/><T118/><D118/><U93/><E128/><V8/><F14/><W127/><G127/><T19/><D85/><U56/><E72/><V130/><F130/><W5/><G5/><T51/><AGARI ba="0,0" hai="18,19,46,47,49,51,52,53,60,61,89,91,104,107" machi="51" ten="25,12000,2" yaku="0,1,22,2,52,2,54,1" doraHai="57" who="0" fromWho="0" sc="348,120,201,-30,192,-60,259,-30" /><INIT seed="3,0,0,5,2,32" ten="468,171,132,229" oya="3" hai0="126,108,59,94,46,132,124,106,116,66,1,133,27" hai1="114,98,55,53,26,104,69,18,23,77,112,93,25" hai2="3,56,10,14,86,9,52,100,91,117,107,74,84" hai3="43,97,4,62,58,42,28,92,60,54,16,82,40" shuffle="mt19937ar,4FE337AB,3DA5F56B,81480DDF,AAC3AC6F,331E9BC9,AFA4DEA4,6090C2CA,54F09EA8"/><W68/><G28/><T70/><D106/><U73/><E104/><V20/><F74/><W90/><G4/><T76/><D70/><U130/><E69/><V6/><F117/><W78/><G68/><T19/><D116/><U113/><E130/><V123/><F123/><W118/><G118/><T48/><D76/><U103/><REACH who="1" step="1"/><E26/><REACH who="1" step="2"/><V7/><F20/><W33/><G33/><T64/><D48/><U105/><E105/><V15/><F14/><W44/><G62/><T35/><D19/><U21/><E21/><V81/><F86/><N who="3" m="48471" /><G16/><T121/><D66/><U115/><N who="1" m="28672" /><DORA hai="120" /><U79/><E79/><V75/><F75/><W109/><G109/><T87/><D108/><U131/><E131/><V22/><F22/><W49/><AGARI ba="0,1" hai="40,42,43,44,49,54,58,60,90,92,97" m="48471" machi="49" ten="30,1500,0" yaku="8,1" doraHai="32,120" who="3" fromWho="3" sc="468,-5,161,-5,132,-5,229,25" /><INIT seed="3,1,0,0,0,105" ten="463,156,127,254" oya="3" hai0="31,128,29,6,110,13,66,107,113,82,56,17,62" hai1="129,75,1,103,12,18,53,36,102,16,35,84,22" hai2="132,106,77,83,85,88,59,121,55,72,109,93,124" hai3="117,65,67,120,98,133,24,131,48,99,125,49,30" shuffle="mt19937ar,FE048A44,213828A8,141B5624,DEB1AD50,F2B43F66,BFE7616B,39A894CF,7C470C95"/><W134/><G120/><T7/><D107/><U86/><E35/><V15/><F109/><W20/><G117/><T4/><D110/><U34/><E34/><V127/><F132/><N who="3" m="50795" /><G131/><T68/><D128/><U111/><E1/><V95/><F121/><W8/><G125/><N who="2" m="48201" /><F106/><W97/><G8/><N who="0" m="6311" /><D68/><U28/><E129/><V70/><F70/><W115/><G115/><T101/><D113/><U11/><E111/><V26/><F15/><W60/><G67/><T50/><D101/><U0/><E0/><V44/><F26/><W122/><G122/><T96/><D96/><N who="3" m="24577" /><W21/><DORA hai="74" /><G21/><T112/><D112/><U51/><E12/><V118/><F118/><W54/><G54/><T94/><D94/><U61/><E11/><V76/><F44/><W14/><G14/><T58/><D82/><U37/><E103/><V23/><F23/><W57/><AGARI ba="1,0" hai="20,24,30,48,49,57,60,65" m="24577,50795" machi="57" ten="40,2100,0" yaku="20,1" doraHai="105,74" who="3" fromWho="3" sc="463,-8,156,-8,127,-8,254,24" /><INIT seed="3,2,0,0,4,126" ten="455,148,119,278" oya="3" hai0="130,132,30,39,117,20,47,91,119,45,78,49,123" hai1="122,73,111,13,105,114,51,65,14,41,17,16,93" hai2="48,125,82,97,115,58,90,56,129,99,9,112,88" hai3="106,118,54,76,101,29,19,57,0,124,40,38,86" shuffle="mt19937ar,A6823130,8A2EAEC7,5BCEC63B,5D30550E,3650EBAE,3385BD45,63424703,8B4A4DC0"/><W6/><G118/><T55/><D78/><U43/><E105/><V8/><F125/><W23/><G124/><T120/><D132/><U27/><E114/><V133/><F133/><W102/><G29/><T131/><D91/><N who="2" m="34858" /><F129/><N who="0" m="49162" /><D20/><U109/><E73/><V87/><F48/><W83/><G106/><T135/><D30/><U11/><E122/><N who="0" m="46633" /><D135/><U98/><E109/><V81/><F87/><W21/><G21/><T60/><D60/><U26/><E111/><V77/><F77/><W68/><G68/><T62/><D62/><U3/><E27/><V85/><F85/><W121/><G121/><T104/><D104/><U100/><E26/><V92/><F92/><W53/><G6/><T15/><D15/><U107/><E107/><V35/><F35/><W37/><G0/><T22/><D22/><U33/><E3/><V36/><F36/><W128/><G128/><T74/><D74/><U71/><E33/><V59/><F8/><W69/><G69/><T103/><D103/><U32/><E32/><V5/><F9/><W25/><G54/><T44/><D39/><U89/><E100/><V67/><F5/><W1/><G1/><T116/><AGARI ba="2,0" hai="44,45,47,49,55,116,117,119" m="46633,49162" machi="116" ten="40,12000,2" yaku="19,1,34,2,52,3" doraHai="126" who="0" fromWho="0" sc="455,126,148,-32,119,-32,278,-62" owari="581,57,116,-23,87,-31,216,-3" /></mjloggm>