<mjloggm ver="2.3"><GO type="225"/><UN n0="%E5%85%8B%E5%88%A9%E5%A5%A5%E4%BD%A9%E7%89%B9%E5%89%8C%CE%B6" n1="%E5%BE%85%E3%81%A1%E3%81%A8%E3%82%89%E3%81%9A" n2="%E3%81%B6%E3%81%A3%E3%81%A8%E3%81%B3%E4%BE%8D" n3="%E3%81%99%E3%81%9A%E3%81%BD%E3%82%93" dan="16,16,16,16" rate="2172,2055,2055,2143" sx="F,M,M,M"/><TAIKYOKU oya="0"/><INIT seed="0,0,0,3,5,91" ten="250,250,250,250" oya="0" hai0="98,6,55,45,85,63,5,93,118,84,101,69,40" hai1="47,56,117,74,99,127,72,96,106,110,18,13,67" hai2="68,31,114,133,42,41,119,94,81,59,97,25,26" hai3="111,128,11,82,33,70,129,28,86,44,48,109,83" shuffle="mt19937ar,9B081B10,C6809681,78712B87,5A97F0A6,C571AA1C,C457C044,1F33D39E,62C8EF49"/><T65/><D118/><U16/><E117/><V77/><F68/><W24/><G70/><T35/><D35/><U131/><E110/><N who="3" m="41994" /><G11/><T64/><D64/><U112/><E131/><N who="3" m="50250" /><G83/><T9/><D55/><U52/><E127/><V116/><F114/><W135/><G135/><T60/><D60/><N who="1" m="38279" /><E106/><V7/><F133/><W27/><G28/><T57/><D69/><U32/><E32/><V113/><F113/><W36/><G36/><T125/><D125/><U66/><E66/><V88/><F7/><W130/><G33/><T123/><D123/><U122/><E72/><V80/><F80/><W50/><G130/><T14/><REACH who="0" step="1"/><D6/><REACH who="0" step="2"/><U21/><E122/><V121/><F121/><W102/><G44/><T79/><D79/><U51/><E112/><V10/><F119/><W61/><G61/><T4/><D4/><U46/><E46/><V132/><F116/><W37/><G37/><AGARI ba="0,1" hai="5,9,14,37,40,45,57,63,65,84,85,93,98,101" machi="37" ten="30,5800,0" yaku="1,1,7,1,52,1,53,0" doraHai="91" doraHaiUra="115" who="0" fromWho="3" sc="240,68,250,0,250,0,250,-58" /><INIT seed="0,1,0,3,4,74" ten="308,250,250,192" oya="0" hai0="31,120,35,100,27,51,26,123,23,94,124,14,37" hai1="97,38,135,32,52,0,17,77,10,112,8,75,43" hai2="71,91,53,45,84,76,39,133,11,19,116,132,119" hai3="80,130,92,90,16,78,57,98,105,7,3,73,127" shuffle="mt19937ar,36A3C772,C2069EE9,97614E9F,370814DA,22BD944E,3FE4AF88,6A47D959,2A7457A3"/><T50/><D37/><U33/><E135/><N who="2" m="51787" /><F71/><W63/><G127/><T36/><D36/><U54/><E112/><V66/><F66/><W89/><G130/><T131/><D124/><U20/><E10/><V87/><F76/><W110/><G110/><T12/><D131/><U79/><E97/><V44/><F39/><W107/><G7/><T15/><D94/><U102/><E102/><V128/><F128/><W95/><G3/><T83/><D100/><U114/><E79/><V109/><F109/><W111/><G111/><T125/><D83/><N who="1" m="45503" /><E114/><V81/><F84/><W62/><G62/><T101/><D101/><U61/><E61/><V49/><F45/><W115/><G115/><T117/><D125/><U82/><E82/><V60/><F60/><W121/><G121/><T42/><D117/><U65/><E65/><V4/><F19/><W67/><REACH who="3" step="1"/><G16/><REACH who="3" step="2"/><T48/><REACH who="0" step="1"/><D42/><REACH who="0" step="2"/><U59/><E43/><V6/><F6/><W108/><G108/><T58/><D58/><U96/><E59/><V13/><AGARI ba="1,2" hai="4,11,13,44,49,53,81,87,91,116,119" m="51787" machi="13" ten="30,1100,0" yaku="20,1" doraHai="74" who="2" fromWho="2" sc="298,-6,250,-4,250,34,182,-4" /><INIT seed="1,0,0,2,4,75" ten="292,246,284,178" oya="1" hai0="13,127,99,112,51,73,126,105,131,48,36,24,55" hai1="49,46,98,134,66,40,19,6,80,28,102,53,135" hai2="71,5,18,129,108,110,15,10,97,74,32,47,72" hai3="43,29,100,16,50,69,85,56,60,30,65,26,1" shuffle="mt19937ar,CC25222D,E176D4F1,4D13586F,C5CC9580,9B16C80F,4D1963D0,5A0C12F1,30B02694"/><U119/><E119/><V14/><F71/><W59/><G1/><T83/><D36/><U123/><E123/><V57/><F32/><W76/><G100/><N who="0" m="62623" /><D112/><U22/><E6/><V113/><F113/><W94/><G69/><T120/><D120/><U21/><E66/><V78/><F47/><N who="3" m="25983" /><G56/><T39/><D39/><U20/><E40/><V17/><F57/><W35/><G35/><T33/><D13/><U95/><E28/><V88/><F14/><W109/><G109/><N who="2" m="42089" /><F129/><W87/><G87/><T107/><D107/><U45/><E45/><V52/><F52/><W54/><G65/><T133/><D55/><U8/><E8/><V68/><F68/><W117/><G117/><T128/><D33/><U89/><REACH who="1" step="1"/><E19/><REACH who="1" step="2"/><V101/><F17/><W104/><G30/><T9/><D9/><U77/><E77/><V111/><F78/><W34/><G29/><T61/><D131/><U62/><E62/><V114/><F111/><W0/><G0/><T44/><D61/><U7/><E7/><V86/><F18/><W42/><G42/><T37/><D44/><U27/><E27/><V118/><F118/><W103/><G34/><T125/><D24/><U90/><E90/><V79/><F114/><W2/><G2/><T106/><D128/><U121/><E121/><V122/><F122/><W132/><G26/><T38/><D125/><U115/><E115/><V124/><F124/><W84/><G16/><T4/><D4/><U91/><E91/><V12/><F88/><W3/><G60/><T116/><D116/><U92/><E92/><N who="2" m="58535" /><F12/><W58/><G3/><T130/><D126/><RYUUKYOKU ba="0,1" sc="292,-15,236,15,284,15,178,-15" hai1="20,21,22,46,49,53,80,89,95,98,102,134,135" hai2="5,10,15,72,74,79,86" /><INIT seed="1,1,1,1,0,125" ten="277,251,299,163" oya="1" hai0="130,102,120,60,58,100,119,44,96,134,2,110,109" hai1="34,8,69,52,15,43,95,11,135,75,4,13,55" hai2="68,22,80,76,74,38,87,82,91,70,12,118,17" hai3="65,117,3,30,10,78,47,132,56,35,121,112,77" shuffle="mt19937ar,7A3EF9FE,034D334B,A98D6115,C2C79DB6,1EF64F81,AFA8F41E,73A29EC7,A72E5CA3"/><U99/><E135/><V19/><F38/><W111/><G121/><T84/><D134/><U32/><E75/><V124/><F124/><W41/><G132/><T72/><D72/><U92/><E69/><V88/><F118/><W105/><G117/><T59/><D119/><U7/><E43/><V116/><F116/><W21/><G105/><T40/><D2/><U126/><E126/><V9/><REACH who="2" step="1"/><F91/><REACH who="2" step="2"/><W16/><G112/><T129/><D120/><U94/><REACH who="1" step="1"/><E99/><REACH who="1" step="2"/><V97/><F97/><W50/><G111/><T89/><D110/><U27/><E27/><AGARI ba="1,3" hai="9,12,17,19,22,27,68,70,74,76,80,82,87,88" machi="27" ten="30,3900,0" yaku="1,1,7,1,54,1,53,0" doraHai="125" doraHaiUra="114" who="2" fromWho="1" sc="277,0,241,-42,289,72,163,0" /><INIT seed="2,0,0,2,0,68" ten="277,199,361,163" oya="2" hai0="105,37,38,70,31,84,133,43,97,6,94,79,54" hai1="1,41,121,66,114,29,78,33,28,82,124,111,128" hai2="52,14,76,71,95,126,40,117,74,46,120,18,51" hai3="21,30,118,116,58,125,49,110,3,32,8,47,119" shuffle="mt19937ar,4ED42CE8,FA394E9F,38D72BEB,C9B7FF5D,31148BF4,D2BEEC2E,E46E1C40,A9B845A8"/><V69/><F117/><W12/><G110/><T55/><D70/><U122/><E114/><V65/><F120/><W17/><G58/><T59/><D133/><U34/><E111/><V35/><F35/><W89/><G125/><T96/><D43/><U109/><E109/><V44/><F126/><W115/><G115/><T63/><D31/><U75/><E66/><V9/><F65/><W112/><G112/><T85/><D6/><U83/><E124/><V99/><F76/><W132/><G132/><T62/><D105/><U129/><E1/><V104/><F74/><W103/><G103/><T2/><D2/><U36/><E78/><V0/><F104/><W80/><G32/><T64/><D64/><U39/><E41/><V102/><REACH who="2" step="1"/><F0/><REACH who="2" step="2"/><W101/><G3/><T20/><D79/><U130/><E129/><V56/><F56/><W90/><G118/><T72/><D72/><AGARI ba="0,1" hai="28,29,33,34,36,39,72,75,82,83,121,122,128,130" machi="72" ten="25,6400,0" yaku="22,2,52,2" doraHai="68" who="1" fromWho="0" sc="277,-64,199,74,351,0,163,0" /><INIT seed="3,0,0,1,4,106" ten="213,273,351,163" oya="3" hai0="135,3,63,72,44,101,114,24,67,74,80,124,18" hai1="104,36,14,10,116,7,31,103,4,43,49,112,82" hai2="81,122,96,78,15,75,32,1,42,130,20,91,11" hai3="47,119,25,9,98,62,16,12,108,92,70,84,123" shuffle="mt19937ar,6C86ECB3,50E7D16A,29591259,3658C75F,8B1033C0,A5568F7D,13EF4253,1E7DA9BA"/><W111/><G123/><T61/><D3/><U58/><E116/><V109/><F32/><W83/><G119/><T64/><D101/><U23/><E36/><V22/><F109/><N who="3" m="42059" /><G47/><T100/><D100/><U76/><E7/><V45/><F122/><W120/><G120/><T105/><D105/><U26/><E104/><V40/><F40/><W110/><N who="3" m="42067" /><W117/><DORA hai="2" /><G117/><T90/><D44/><U87/><E103/><V79/><F79/><N who="3" m="46207" /><G25/><T30/><D114/><U131/><E131/><V17/><F45/><W125/><G125/><T65/><D124/><U77/><E43/><V99/><F42/><W51/><G51/><T57/><D18/><U132/><E112/><V0/><F130/><W71/><G62/><T89/><D135/><U134/><E76/><V129/><F129/><W95/><G98/><T50/><D50/><U113/><E113/><V13/><F99/><W128/><G128/><T121/><D121/><U38/><E38/><V102/><F78/><W19/><G19/><T8/><D64/><U29/><E29/><V66/><F66/><W33/><G33/><T118/><D118/><U69/><E49/><V34/><F34/><W5/><G5/><T59/><D8/><U85/><E134/><V73/><F11/><W52/><G52/><T127/><D127/><U60/><E132/><V68/><F96/><W46/><G46/><T6/><D6/><U39/><E39/><V115/><F115/><W27/><G27/><T88/><D80/><U94/><E82/><V37/><F37/><W54/><G54/><T97/><D97/><U48/><E48/><RYUUKYOKU ba="0,0" sc="213,15,273,-15,351,-15,163,15" hai0="24,30,57,59,61,63,65,67,72,74,88,89,90" hai3="9,12,16,70,71,92,95" /><INIT seed="3,1,0,3,5,13" ten="228,258,336,178" oya="3" hai0="36,8,80,135,109,9,111,101,43,0,96,97,84" hai1="86,74,50,91,114,24,104,105,7,99,5,44,66" hai2="98,129,54,107,108,61,58,76,64,83,47,16,55" hai3="77,94,63,26,27,134,121,72,131,92,93,20,73" shuffle="mt19937ar,12324E8D,3FCF134D,2880C776,81FFB05D,6F827DC1,8B37F212,CF8EFC7A,B6B80CAF"/><W106/><G106/><T68/><D68/><U37/><E74/><V19/><F108/><N who="0" m="41546" /><D135/><U30/><E37/><V4/><F4/><W48/><G121/><T12/><D0/><U52/><E114/><V42/><F129/><W103/><G134/><T88/><D101/><U28/><E66/><V123/><F123/><W126/><G131/><T53/><D53/><U34/><E30/><V128/><F128/><W35/><G126/><T2/><D2/><U18/><E105/><V90/><F55/><W69/><G103/><T31/><D31/><U1/><E1/><V49/><F64/><W116/><G116/><T112/><D112/><U102/><REACH who="1" step="1"/><E18/><REACH who="1" step="2"/><V62/><F16/><N who="3" m="12551" /><G35/><T125/><D125/><U38/><E38/><V56/><F19/><W100/><G27/><T79/><D12/><U71/><E71/><V59/><F107/><W87/><G100/><T39/><D39/><U14/><E14/><V21/><F21/><W85/><G48/><T118/><D118/><U122/><E122/><V67/><F49/><W40/><G40/><T41/><D36/><U130/><E130/><V22/><F42/><W25/><G25/><T113/><D113/><U132/><E132/><V11/><F22/><W17/><G17/><T119/><D119/><U127/><E127/><V120/><F120/><W75/><G77/><T46/><D43/><U51/><E51/><V45/><F76/><W124/><G124/><T81/><D41/><U60/><E60/><V82/><F62/><W15/><G15/><T65/><D79/><U78/><E78/><V6/><F61/><W70/><G63/><RYUUKYOKU ba="1,1" sc="228,-15,248,15,336,-15,178,15" hai1="5,7,24,28,34,44,50,52,86,91,99,102,104" hai3="69,70,72,73,75,85,87,92,93,94" /><INIT seed="3,2,1,4,3,83" ten="213,263,321,193" oya="3" hai0="95,101,88,20,98,115,24,35,73,122,107,27,10" hai1="41,54,30,109,29,99,5,26,61,92,89,34,23" hai2="135,66,57,118,32,25,124,106,53,64,75,43,58" hai3="65,110,79,84,130,114,81,103,31,39,120,108,127" shuffle="mt19937ar,B2CCB71E,0CC070DD,C363D2FD,37C41384,A30648F3,0B0521D6,43B01FB4,FCE22551"/><W71/><G120/><T74/><D122/><U70/><E109/><N who="3" m="42090" /><G39/><T96/><D115/><U100/><E5/><V51/><F75/><W45/><G114/><T46/><D10/><U68/><E41/><V102/><F118/><W18/><G31/><T38/><D35/><U67/><E30/><V28/><F124/><W87/><G127/><T111/><D111/><U117/><E117/><V80/><F135/><W22/><G130/><T48/><D38/><U132/><E132/><V90/><F43/><W131/><G131/><T47/><D47/><U0/><E0/><V105/><F102/><W50/><G103/><T133/><D133/><U15/><E15/><V21/><F32/><W3/><G3/><T12/><D12/><U91/><E34/><V112/><F112/><W17/><G71/><T49/><D49/><U119/><E119/><V33/><F33/><W37/><G65/><T60/><D60/><U125/><E125/><V6/><F64/><W59/><G59/><T52/><REACH who="0" step="1"/><D27/><REACH who="0" step="2"/><U121/><E121/><V1/><F1/><W16/><G37/><T69/><D69/><U7/><E70/><V56/><F66/><W82/><G50/><T4/><D4/><U14/><E54/><V42/><F53/><W13/><G45/><T8/><D8/><U126/><E126/><V97/><F6/><W134/><G134/><T44/><D44/><U123/><E123/><V86/><F51/><W113/><G113/><T129/><D129/><U77/><E7/><V63/><F63/><W40/><G40/><T85/><D85/><U104/><E68/><V62/><F62/><RYUUKYOKU ba="2,2" sc="203,15,263,-15,321,-15,193,15" hai0="20,24,46,48,52,73,74,88,95,96,98,101,107" hai3="13,16,17,18,22,79,81,82,84,87" /><INIT seed="3,3,2,1,1,15" ten="218,248,306,208" oya="3" hai0="79,115,2,16,67,125,105,63,4,103,21,44,25" hai1="27,74,90,12,72,8,99,37,77,110,92,133,7" hai2="85,109,51,55,96,84,41,91,88,35,45,122,18" hai3="53,119,118,64,14,62,71,10,114,86,26,23,87" shuffle="mt19937ar,D77469FB,5CDD4070,9189B09A,634BD5CB,0E9AE5B3,99CE41F2,3103B195,D2AE433A"/><W95/><G114/><T49/><D115/><U108/><E37/><V68/><F68/><W48/><G118/><T17/><D125/><U127/><E127/><V75/><F75/><W54/><G119/><T38/><D38/><U46/><E46/><V116/><F116/><W111/><G111/><N who="1" m="42538" /><E133/><V100/><F35/><W39/><G39/><T120/><D120/><U106/><E77/><V50/><F18/><W117/><G117/><T3/><D79/><U80/><E80/><V59/><F109/><W43/><G43/><T1/><D17/><U129/><E129/><V28/><F28/><W131/><G131/><T126/><D126/><U30/><E106/><V107/><F122/><W19/><G95/><T82/><D82/><U89/><E90/><V123/><F123/><W94/><G94/><T58/><D4/><U134/><E134/><V6/><F6/><W20/><G20/><AGARI ba="3,2" hai="7,8,12,20,27,30,72,74,89,92,99" m="42538" machi="20" ten="30,1000,0" yaku="14,1" doraHai="15" who="1" fromWho="3" sc="218,0,248,39,306,0,208,-19" owari="218,-13,287,4,306,30,189,-21" /></mjloggm>