<mjloggm ver="2.3"><GO type="225"/><UN n0="%E3%83%81%E3%83%A3%E3%82%AA%E3%83%AA" n1="%61%6E%62%79%33" n2="%E6%A1%9C%E8%8A%B1%E9%96%83%E3%80%85" n3="%E3%83%AA%E3%83%AA%E3%82%A2%E3%83%BC%E3%83%8C" dan="17,16,16,17" rate="2128,2102,2061,2116" sx="M,M,M,F"/><TAIKYOKU oya="0"/><INIT seed="0,0,0,3,2,109" ten="250,250,250,250" oya="0" hai0="72,74,54,65,119,53,83,40,20,92,12,110,57" hai1="85,107,117,73,102,42,13,128,113,47,2,111,116" hai2="16,132,7,88,135,4,43,17,104,77,124,134,48" hai3="123,11,15,69,62,98,0,14,45,114,34,118,30" shuffle="mt19937ar,BBBEA6F0,D6A6D441,E79DCF08,0E7B6519,86B0F895,2ADC74FB,D9F8A32A,5172B2AD"/><T127/><D119/><U90/><E2/><V18/><F77/><W105/><G118/><T46/><D110/><U38/><E111/><V129/><F104/><W101/><G123/><T37/><D127/><U106/><E73/><V86/><F124/><W26/><G45/><T50/><D65/><U80/><E106/><V29/><F29/><W28/><G28/><T100/><D83/><U79/><E128/><V87/><F129/><W35/><G35/><T1/><D1/><U41/><E41/><V8/><F87/><W121/><G121/><T67/><D67/><U66/><E66/><V89/><F8/><W68/><G62/><T131/><D131/><U97/><E79/><V120/><F120/><W64/><G64/><T36/><D36/><U70/><E70/><V6/><F86/><W78/><G78/><T99/><REACH who="0" step="1"/><D53/><REACH who="0" step="2"/><U27/><E116/><V75/><F75/><W24/><G69/><T59/><D59/><U96/><E117/><V32/><F32/><W93/><G68/><T122/><D122/><U91/><E80/><V56/><F56/><W58/><G58/><T31/><D31/><U49/><E38/><V55/><F55/><W125/><G125/><T10/><D10/><U130/><E130/><V23/><F23/><W52/><G52/><T126/><D126/><U81/><E81/><V82/><F82/><W21/><G21/><T115/><D115/><U44/><E113/><V60/><F60/><W103/><G114/><T5/><D5/><U76/><E76/><V9/><F9/><W33/><G11/><T133/><D133/><U25/><E42/><RYUUKYOKU ba="0,1" sc="240,15,250,-15,250,15,250,-15" hai0="12,20,37,40,46,50,54,57,72,74,92,99,100" hai2="4,6,7,16,17,18,43,48,88,89,132,134,135" /><INIT seed="0,1,1,2,1,57" ten="255,235,265,235" oya="0" hai0="62,39,13,50,109,52,90,121,36,16,20,119,79" hai1="34,118,130,88,112,113,31,10,42,63,17,125,22" hai2="19,100,73,44,122,53,105,80,12,91,47,32,101" hai3="59,115,58,82,27,78,25,68,4,69,111,65,106" shuffle="mt19937ar,13253DE5,98DDD46A,9B550D67,FBC22155,90D9BA0B,1B9309D4,BBD0C6BA,65E07172"/><T40/><D119/><U74/><E74/><V23/><F122/><W67/><G106/><T26/><D121/><U85/><E118/><V30/><F105/><W3/><G115/><N who="1" m="44106" /><E42/><V0/><F0/><W55/><G111/><T8/><D109/><U38/><E38/><V35/><F35/><W49/><G4/><T132/><D132/><U116/><E116/><V54/><F32/><W110/><G3/><T81/><D90/><U107/><E107/><V24/><F30/><W120/><G110/><T135/><D135/><U99/><E99/><V41/><F24/><W77/><G82/><T104/><D104/><U29/><E34/><V134/><F134/><W84/><G49/><T92/><D92/><U6/><E130/><V14/><F14/><W72/><G120/><T45/><D79/><U18/><E125/><V60/><F73/><W64/><G72/><T7/><REACH who="0" step="1"/><D81/><REACH who="0" step="2"/><U46/><E88/><V15/><F80/><W33/><G78/><T127/><D127/><U128/><E128/><V89/><F91/><W98/><G77/><T95/><D95/><U43/><E85/><V114/><F89/><W117/><G84/><T108/><D108/><U28/><E22/><V103/><F114/><W71/><G117/><T1/><D1/><U5/><E10/><V131/><F131/><W66/><G33/><T87/><D87/><U96/><E96/><V83/><F23/><W61/><G98/><T123/><D123/><U75/><E75/><V129/><F83/><W70/><G70/><T126/><D126/><U37/><E37/><V48/><F129/><W97/><G97/><RYUUKYOKU ba="1,2" sc="245,15,235,-15,265,-15,235,15" hai0="7,8,13,16,20,26,36,39,40,45,50,52,62" hai3="25,27,55,58,59,61,64,65,66,67,68,69,71" /><INIT seed="0,2,2,1,4,106" ten="260,220,250,250" oya="0" hai0="101,11,78,127,102,124,7,97,60,89,63,110,88" hai1="58,33,104,83,82,71,21,70,53,41,74,122,126" hai2="129,50,39,107,44,86,134,12,38,116,35,45,72" hai3="49,15,108,100,120,95,16,132,94,32,96,103,4" shuffle="mt19937ar,7628B731,86B68F5F,53A71B89,60AC6742,3C79FB9C,CD2F5C9D,223E0732,F68E0480"/><T76/><D110/><U113/><E33/><V87/><F107/><W13/><G32/><T62/><D11/><U68/><E104/><V40/><F35/><W59/><G108/><T10/><D10/><U114/><E41/><V17/><F129/><W79/><G79/><N who="0" m="30251" /><D7/><U90/><E122/><V93/><F72/><W81/><G81/><T85/><D97/><U8/><E74/><V31/><F31/><W66/><G120/><T67/><D67/><U28/><E90/><N who="0" m="34921" /><D85/><U91/><E91/><V51/><F87/><W19/><G4/><T130/><D130/><U99/><E99/><V24/><F86/><W128/><G66/><T80/><D80/><U69/><E69/><V6/><F6/><W65/><G65/><T115/><D115/><N who="1" m="44043" /><E8/><V123/><F123/><W9/><G96/><T20/><D20/><U92/><E92/><V75/><F93/><W52/><G128/><T2/><D2/><U56/><E83/><V36/><F75/><W112/><G112/><T118/><D118/><U117/><E82/><V0/><F116/><W133/><G95/><T29/><D29/><U5/><E5/><V131/><F131/><W37/><G94/><T109/><D109/><U64/><E28/><V23/><F23/><W18/><G9/><T111/><D111/><U119/><E21/><V48/><F0/><W25/><G103/><AGARI ba="2,2" hai="60,62,63,101,102,103,124,127" m="34921,30251" machi="103" ten="40,7700,0" yaku="28,2,54,1" doraHai="106" who="0" fromWho="3" sc="260,103,220,0,250,0,250,-83" /><INIT seed="0,3,0,0,1,87" ten="363,220,250,167" oya="0" hai0="116,64,2,61,72,26,6,24,99,119,45,83,126" hai1="27,7,50,55,130,3,17,134,104,129,109,112,92" hai2="11,21,90,71,28,101,79,120,78,12,97,53,13" hai3="108,96,38,122,84,124,75,77,91,103,32,114,19" shuffle="mt19937ar,D3D52CDE,FC037E47,C4FC8257,1994754C,E436141C,8929B45B,6AFF4D45,6DFB4C42"/><T110/><D126/><U82/><E104/><V59/><F120/><W67/><G38/><T23/><D45/><U56/><E112/><V16/><F71/><W74/><G32/><T58/><D99/><U10/><E134/><V95/><F101/><W106/><G67/><T30/><D26/><U68/><E68/><V15/><F28/><W73/><G114/><T100/><D100/><U85/><E92/><V20/><F20/><W132/><G132/><T8/><D110/><U88/><E109/><V5/><F15/><W39/><G39/><T35/><D72/><U113/><E113/><V70/><F70/><W42/><G42/><T41/><D41/><U63/><E17/><V94/><F94/><N who="3" m="54631" /><G19/><T60/><D35/><U89/><E27/><V118/><F118/><W86/><G108/><T115/><D115/><U0/><E0/><V54/><F54/><W131/><G124/><T48/><D119/><U57/><REACH who="1" step="1"/><E89/><REACH who="1" step="2"/><V135/><REACH who="2" step="1"/><F135/><REACH who="2" step="2"/><W37/><G122/><T62/><D116/><U31/><E31/><V69/><F69/><W9/><G106/><T127/><D127/><U117/><E117/><V123/><F123/><W125/><G125/><T121/><D121/><U46/><E46/><V133/><F133/><W40/><G103/><T80/><D30/><U105/><E105/><V93/><F93/><W14/><G14/><T18/><D64/><AGARI ba="3,2" hai="3,7,10,50,55,56,57,63,64,82,85,88,129,130" machi="64" ten="40,8000,1" yaku="1,1,52,1,54,1,53,1" doraHai="87" doraHaiUra="49" who="1" fromWho="0" sc="363,-89,210,109,240,0,167,0" /><INIT seed="1,0,0,0,5,85" ten="274,319,240,167" oya="1" hai0="135,23,24,4,72,22,127,50,112,124,34,110,58" hai1="35,18,52,6,118,30,43,65,120,132,51,7,1" hai2="125,12,93,63,5,55,29,101,79,130,17,47,11" hai3="82,100,36,62,92,56,10,74,28,9,13,2,129" shuffle="mt19937ar,E563C605,C491470B,2D481E18,FE45106C,4917248A,C02FC0DA,D0285FD0,2A426FCA"/><U102/><E120/><V121/><F121/><W40/><G129/><T57/><D72/><U81/><E118/><V91/><F130/><W103/><G28/><N who="0" m="19719" /><D112/><U111/><E132/><V41/><F125/><N who="0" m="48202" /><D135/><U21/><E111/><V87/><F29/><W27/><G27/><T84/><D110/><U98/><E43/><V89/><F101/><W61/><G40/><T134/><D134/><U54/><E1/><V76/><F5/><N who="1" m="1545" /><E35/><V49/><REACH who="2" step="1"/><F89/><REACH who="2" step="2"/><W14/><G103/><T99/><D4/><U59/><E30/><V123/><F123/><W8/><G100/><T114/><D114/><U113/><E113/><V75/><F75/><W66/><G74/><T95/><D84/><U115/><E115/><V68/><F68/><W26/><G2/><T108/><D108/><U86/><E102/><V83/><F83/><W106/><G82/><T119/><D119/><U46/><E98/><V126/><F126/><W80/><G80/><T16/><D99/><U69/><E86/><V78/><F78/><W3/><G3/><T20/><D95/><U39/><E81/><V0/><F0/><W70/><G92/><T37/><D37/><U45/><E39/><V64/><F64/><W33/><G36/><T90/><D90/><U107/><E69/><V38/><F38/><W67/><G106/><T122/><D122/><U94/><E94/><V15/><F15/><W128/><G128/><T53/><D58/><AGARI ba="0,1" hai="11,12,17,41,47,49,55,58,63,76,79,87,91,93" machi="58" ten="40,8000,1" yaku="1,1,8,1,52,1,53,1" doraHai="85" doraHaiUra="42" who="2" fromWho="0" sc="274,-80,319,0,230,90,167,0" /><INIT seed="2,0,0,5,3,90" ten="194,319,320,167" oya="2" hai0="116,65,108,106,125,115,120,51,131,12,34,31,11" hai1="71,27,41,54,33,64,88,100,20,74,114,122,110" hai2="98,132,69,1,60,89,94,133,38,126,87,62,35" hai3="127,15,91,73,49,78,7,121,80,113,52,28,102" shuffle="mt19937ar,2F13086B,3F5E02E2,0254F675,992A5EC4,6734E839,9CAA15F0,59F15D0A,8F85A183"/><V4/><F35/><W82/><G121/><T37/><RYUUKYOKU type="yao9" ba="0,0" sc="194,0,319,0,320,0,167,0" hai0="11,12,31,34,37,51,65,106,108,115,116,120,125,131" /><INIT seed="2,1,0,1,4,93" ten="194,319,320,167" oya="2" hai0="36,103,79,46,104,1,71,19,24,58,115,90,2" hai1="20,13,3,92,134,72,63,109,133,130,95,122,126" hai2="53,26,84,125,30,21,100,97,120,129,96,0,11" hai3="51,102,65,131,67,12,10,77,34,5,114,108,66" shuffle="mt19937ar,CC6064C9,707C6172,1EB67960,A21C9F27,39CCD253,5CC0B48E,32991B2F,92510613"/><V135/><F120/><W94/><G34/><T87/><D71/><U69/><E3/><V38/><F38/><W48/><G108/><T62/><D115/><U28/><E72/><V119/><F119/><W57/><G114/><T91/><D79/><U61/><E109/><V32/><F129/><W39/><G39/><T105/><D36/><U78/><E78/><V64/><F64/><W121/><G121/><T85/><D46/><U113/><E113/><V35/><F125/><W110/><G110/><T6/><D6/><U80/><E80/><V16/><F135/><W18/><G77/><T68/><D68/><U8/><E130/><V76/><F53/><W42/><G131/><T45/><D45/><U106/><E106/><V132/><F132/><W116/><G116/><T17/><D62/><N who="1" m="23563" /><E69/><V15/><F100/><W25/><G42/><T44/><D44/><U27/><E126/><V33/><REACH who="2" step="1"/><F0/><REACH who="2" step="2"/><W14/><G66/><T75/><D103/><U101/><E122/><V98/><F98/><N who="3" m="59735" /><G67/><T9/><D75/><U112/><E112/><V54/><F54/><W7/><G65/><T111/><D111/><U81/><E101/><V37/><F37/><W50/><G57/><T29/><D58/><U83/><E134/><V23/><F23/><N who="3" m="13559" /><G10/><T82/><D9/><U60/><E133/><V52/><F52/><W99/><G99/><T47/><D47/><U59/><E59/><V107/><F107/><W43/><G43/><T49/><D105/><U86/><E8/><V88/><F88/><N who="0" m="33834" /><D104/><U123/><E123/><V127/><F127/><W117/><G117/><T4/><D1/><RYUUKYOKU ba="1,1" sc="194,-15,319,-15,310,15,167,15" hai2="11,15,16,21,26,30,32,33,35,76,84,96,97" hai3="5,7,12,14,48,50,51" /><INIT seed="2,2,1,4,5,3" ten="179,304,325,182" oya="2" hai0="74,12,92,131,86,77,8,50,39,111,88,119,129" hai1="47,134,93,72,76,21,4,133,66,62,9,37,87" hai2="65,24,27,53,57,126,22,89,32,7,73,104,11" hai3="125,91,67,44,43,99,117,103,84,49,54,6,128" shuffle="mt19937ar,B47C6368,10BB126F,51D2BA00,1FF0E468,D97DC00D,3A569956,579E2171,6F74650C"/><V109/><F73/><W81/><G117/><T124/><D39/><U106/><E106/><V130/><F104/><W123/><G123/><T101/><D119/><U48/><E37/><V1/><F126/><W100/><G125/><T122/><D124/><U69/><E21/><V55/><F130/><N who="0" m="49674" /><D122/><U107/><E107/><V31/><F109/><W127/><G127/><T25/><D111/><U41/><E72/><V68/><F68/><W18/><G128/><T85/><D25/><U116/><E116/><V23/><F32/><W40/><G67/><T105/><D50/><U51/><E51/><V64/><F89/><W19/><G99/><N who="0" m="61631" /><D12/><N who="1" m="5159" /><E93/><V56/><F57/><W35/><G35/><T34/><D34/><U26/><E26/><V46/><F46/><W42/><REACH who="3" step="1"/><G6/><REACH who="3" step="2"/><T115/><D115/><U10/><E66/><V60/><F65/><W113/><G113/><T52/><D8/><U38/><E10/><V95/><F64/><W97/><G97/><N who="0" m="57479" /><D52/><U80/><E69/><V13/><F55/><W78/><G78/><T121/><D121/><U28/><E76/><V58/><F53/><W63/><G63/><T30/><D30/><U135/><E62/><V79/><F60/><W83/><G83/><AGARI ba="2,2" hai="74,77,83,85,86" m="57479,61631,49674" machi="83" ten="30,7700,0" yaku="19,1,34,2,54,1" doraHai="3" who="0" fromWho="3" sc="179,103,304,0,325,0,172,-83" /><INIT seed="3,0,0,3,4,34" ten="282,304,325,89" oya="3" hai0="116,90,86,125,20,18,1,57,108,15,81,133,91" hai1="96,109,111,56,113,102,51,73,93,94,12,61,100" hai2="47,42,33,55,101,53,110,44,19,135,35,114,58" hai3="28,83,30,63,85,59,50,6,104,121,122,60,48" shuffle="mt19937ar,25AE27E2,7E360344,3F2F99E6,04C35290,CD2898A2,3F290448,3132D938,67D3C0B0"/><W7/><G104/><T78/><D116/><U70/><E70/><V92/><F114/><W75/><G85/><T130/><D108/><U49/><E73/><V68/><F68/><W46/><G59/><T127/><D133/><U134/><E113/><V69/><F69/><W65/><G83/><T107/><D107/><U123/><E123/><V32/><F110/><W24/><G24/><T132/><D132/><U115/><E115/><V27/><F135/><W129/><G129/><T2/><D57/><U80/><E80/><V23/><F58/><W131/><G131/><T38/><D38/><U4/><E134/><V126/><F126/><N who="0" m="48138" /><D130/><U21/><E111/><V64/><F64/><W43/><G65/><T0/><AGARI ba="0,0" hai="0,1,2,15,18,20,78,81,86,90,91" m="48138" machi="0" ten="40,8000,1" yaku="18,1,52,3" doraHai="34" who="0" fromWho="0" sc="282,80,304,-20,325,-20,89,-40" owari="362,36,284,-7,305,6,49,-35" /></mjloggm>