<mjloggm ver="2.3"><GO type="225"/><UN n0="%E6%A1%9C%E8%8A%B1%E9%96%83%E3%80%85" n1="%E3%83%A1%E3%82%BF%E3%83%95%E3%82%A1%E3%83%BC" n2="%E3%83%81%E3%83%A3%E3%82%AA%E3%83%AA" n3="%52%65%64%4D%61%67%69%63" dan="16,16,17,16" rate="2034,2065,2164,2023" sx="M,M,M,M"/><TAIKYOKU oya="0"/><INIT seed="0,0,0,4,2,27" ten="250,250,250,250" oya="0" hai0="110,28,14,12,16,34,101,80,56,2,68,75,60" hai1="123,33,49,23,72,35,133,73,92,10,38,48,67" hai2="7,70,87,53,31,32,127,55,21,30,97,42,64" hai3="103,76,93,39,36,135,20,113,102,107,79,112,19" shuffle="mt19937ar,9D1CCD92,2AEFADD2,88F8D1E7,8C19F04B,848AD852,EE2A9915,F838BC09,29079061"/><T134/><D2/><U88/><E38/><V69/><F32/><W22/><G135/><T13/><D68/><U99/><E123/><V0/><F42/><W61/><G93/><T37/><D37/><U1/><E133/><V129/><F97/><W59/><G59/><T65/><D134/><U50/><E67/><V130/><F87/><W66/><G66/><T105/><D105/><U62/><E62/><N who="2" m="40087" /><F70/><W121/><G61/><T6/><D6/><U122/><E122/><V128/><F127/><W89/><G121/><T77/><D101/><U104/><E104/><V63/><F21/><W106/><REACH who="3" step="1"/><G19/><REACH who="3" step="2"/><T126/><D126/><U45/><E45/><V114/><F114/><W41/><G41/><T119/><D119/><U18/><E18/><V86/><F53/><W90/><AGARI ba="0,1" hai="20,22,36,39,76,79,89,90,102,103,106,107,112,113" machi="90" ten="25,6400,0" yaku="1,1,0,1,22,2,53,0" doraHai="27" doraHaiUra="57" who="3" fromWho="3" sc="250,-32,250,-16,250,-16,240,74" /><INIT seed="1,0,0,5,5,44" ten="218,234,234,314" oya="1" hai0="12,115,114,10,72,117,13,50,57,73,105,36,21" hai1="19,116,65,2,60,42,118,104,11,84,56,37,18" hai2="98,80,135,94,83,67,101,29,97,28,59,110,32" hai3="0,79,125,90,122,6,134,70,43,126,76,39,47" shuffle="mt19937ar,12949B1F,EC7AA42B,D2B77930,4E150C89,BA205C13,3DACD7D1,1A188AE8,679DE82A"/><U75/><E104/><V41/><F110/><W5/><G122/><T106/><D36/><U124/><E75/><V55/><F135/><W66/><G134/><T100/><D117/><U34/><E34/><V54/><F41/><W26/><G90/><T61/><D21/><U81/><E124/><N who="3" m="47722" /><G26/><T89/><D89/><U1/><E42/><V63/><F98/><W58/><G70/><T85/><D85/><U113/><E37/><V103/><F103/><W130/><G130/><T7/><D100/><U4/><E113/><V82/><F32/><W111/><G111/><T127/><D127/><U16/><REACH who="1" step="1"/><E2/><REACH who="1" step="2"/><V96/><REACH who="2" step="1"/><F97/><REACH who="2" step="2"/><W27/><G39/><T31/><D114/><U120/><E120/><V48/><F48/><W119/><G43/><T53/><D50/><U23/><E23/><V102/><F102/><W22/><G22/><T51/><D51/><U108/><E108/><V123/><F123/><W45/><G119/><T40/><D40/><U30/><E30/><AGARI ba="0,2" hai="28,29,30,54,55,59,63,67,80,82,83,94,96,101" machi="30" ten="40,2600,0" yaku="1,1,8,1,53,0" doraHai="44" doraHaiUra="9" who="2" fromWho="1" sc="218,0,224,-26,224,46,314,0" /><INIT seed="2,0,0,1,0,30" ten="218,198,270,314" oya="2" hai0="39,62,87,80,96,73,7,21,77,52,31,94,14" hai1="8,2,27,43,98,22,40,127,128,83,13,29,104" hai2="16,113,90,119,111,69,133,49,97,86,121,81,17" hai3="82,115,105,72,0,37,38,110,23,79,129,51,11" shuffle="mt19937ar,7C07B3F9,C79B3FF6,C5C810C0,1A69620D,99B0AC46,16502803,D7E583BE,5AF8B97E"/><V109/><F69/><W74/><G74/><T12/><D39/><U101/><E127/><V92/><F113/><W45/><G105/><T116/><D116/><U95/><E128/><V107/><F119/><W118/><G118/><T100/><D73/><U132/><E132/><V57/><F121/><W1/><G129/><T124/><D124/><U134/><E134/><V66/><F107/><W122/><G122/><T85/><D85/><U10/><E83/><V88/><F133/><W53/><G38/><T106/><D106/><U108/><E108/><N who="2" m="41547" /><F66/><W54/><G37/><T4/><D31/><U15/><E2/><V84/><F84/><W46/><G72/><T63/><D63/><U34/><E104/><V89/><F89/><W131/><G1/><T68/><D68/><U78/><E78/><V44/><F57/><W135/><G115/><T99/><D99/><U60/><E60/><V33/><F33/><W36/><G0/><T76/><D76/><U117/><E34/><V50/><F50/><W18/><G36/><T75/><D75/><U28/><E117/><V64/><F64/><W59/><G135/><T42/><D87/><U48/><E48/><V114/><F114/><W6/><G131/><T130/><D130/><U41/><E29/><V55/><AGARI ba="0,0" hai="16,17,44,49,55,81,86,88,90,92,97" m="41547" machi="55" ten="30,11700,0" yaku="14,1,10,1,54,2" doraHai="30" who="2" fromWho="2" sc="218,-39,198,-39,270,117,314,-39" /><INIT seed="2,1,0,3,5,108" ten="179,159,387,275" oya="2" hai0="17,84,94,115,70,121,96,100,57,105,66,45,123" hai1="29,132,63,114,135,131,1,128,74,120,40,106,16" hai2="68,59,38,22,23,90,42,104,107,103,113,2,62" hai3="25,7,89,19,64,118,26,76,55,129,109,49,116" shuffle="mt19937ar,1DFF6B40,47D4F8D8,328A0611,ABFD1306,279EBCD8,D2F1C2A6,BA30EDAE,E8B87A8A"/><V78/><F2/><W87/><G109/><T15/><D70/><U30/><E74/><V80/><F68/><W6/><G129/><N who="1" m="49738" /><E106/><V12/><F113/><W39/><G39/><T43/><D66/><U11/><E120/><V10/><F90/><W77/><G64/><T31/><D31/><N who="1" m="11787" /><E40/><V98/><F107/><W81/><G118/><T50/><D115/><U46/><E46/><V72/><F42/><W34/><G116/><T75/><D75/><U125/><E63/><V27/><F27/><N who="3" m="10251" /><G19/><T54/><D105/><U56/><E56/><V67/><F38/><W69/><G34/><T110/><D110/><U111/><E111/><V61/><REACH who="2" step="1"/><F62/><REACH who="2" step="2"/><W134/><G69/><T73/><D121/><U44/><E114/><V28/><F28/><W52/><G89/><T58/><D123/><U99/><E1/><V20/><F20/><W35/><G77/><T127/><D43/><U18/><E11/><V82/><F82/><W5/><G81/><T102/><D102/><U13/><E135/><V130/><F130/><W86/><G134/><T119/><D100/><U9/><E132/><V14/><F14/><W117/><G76/><T53/><D119/><U112/><E13/><V0/><F0/><W91/><G117/><T65/><D15/><U133/><E9/><V93/><F93/><W47/><G91/><T41/><D94/><U24/><E133/><V124/><F124/><W21/><G21/><T32/><D127/><U101/><E125/><V48/><F48/><W88/><G88/><T33/><D50/><U4/><E112/><V8/><F8/><W37/><G37/><RYUUKYOKU ba="1,1" sc="179,-10,159,-10,377,30,275,-10" hai2="10,12,22,23,59,61,67,72,78,80,98,103,104" /><INIT seed="2,2,1,0,1,5" ten="169,149,407,265" oya="2" hai0="96,109,98,116,127,2,17,45,43,21,24,6,13" hai1="54,36,60,53,91,106,97,123,50,101,117,94,44" hai2="119,93,92,113,104,52,22,79,129,87,99,14,47" hai3="63,20,132,31,10,108,115,89,42,56,67,114,35" shuffle="mt19937ar,038CC6E3,F498CF81,12CE2182,E340D546,790C03E5,B787038B,C19AC069,F5FBC104"/><V41/><F113/><N who="3" m="43019" /><G132/><T12/><D109/><U130/><E117/><V16/><F119/><W103/><G108/><T83/><D116/><U111/><E111/><V25/><F129/><W18/><G42/><T71/><D71/><U110/><E130/><V68/><F68/><W134/><G134/><T70/><D70/><U133/><E110/><V55/><F104/><W39/><G39/><T131/><D131/><U72/><E133/><V76/><F25/><N who="3" m="18927" /><G89/><T126/><D83/><U82/><E36/><V48/><F93/><W1/><G103/><T122/><D122/><U84/><E123/><V77/><F87/><W75/><G75/><T105/><D2/><U3/><E3/><V74/><F74/><W37/><G37/><T57/><D57/><U120/><E120/><V26/><F26/><N who="3" m="14615" /><G1/><T59/><D126/><U95/><E72/><V7/><F79/><W0/><G0/><T69/><D43/><U125/><E125/><V90/><F77/><W102/><G102/><T33/><D127/><U135/><E135/><V34/><F76/><W30/><G30/><T29/><D29/><U85/><E85/><V32/><F41/><W81/><G81/><T88/><D88/><U4/><E106/><V128/><F128/><W73/><G73/><T100/><D100/><U51/><E82/><V40/><F40/><W64/><G64/><T112/><D105/><U9/><E101/><V118/><F118/><W49/><G49/><T86/><D86/><U124/><E84/><V38/><F38/><W28/><G28/><T107/><D107/><U19/><E124/><V23/><F48/><RYUUKYOKU ba="2,1" sc="169,-10,149,-10,407,-10,265,30" hai3="10,56,63,67" /><INIT seed="3,3,1,0,1,56" ten="159,139,397,295" oya="3" hai0="105,47,121,13,126,76,0,75,53,4,32,107,38" hai1="5,91,122,57,111,120,130,72,31,8,127,22,69" hai2="109,18,84,17,125,67,43,33,54,80,70,30,23" hai3="25,3,85,81,108,112,102,87,115,78,104,77,110" shuffle="mt19937ar,11D2BDF7,CA0E2BD2,8C7E1446,ED658511,48A6083F,FA6489C2,0BC81465,DF098F0C"/><W41/><G3/><T66/><D121/><U59/><E69/><V37/><F33/><W101/><G41/><N who="0" m="22967" /><D66/><U48/><E72/><V99/><F37/><W135/><G25/><T106/><D32/><U103/><E103/><V6/><F43/><W71/><G71/><T1/><D53/><U113/><E113/><V124/><F70/><W50/><G50/><T60/><D60/><U123/><E111/><N who="3" m="42538" /><G135/><T12/><D1/><U19/><E31/><V116/><F109/><W24/><G24/><T98/><D98/><U29/><E48/><V34/><F34/><W14/><G14/><T52/><D52/><U2/><E29/><V16/><F125/><W61/><G61/><T55/><D55/><U51/><E127/><V83/><F124/><W114/><G104/><T134/><D134/><U49/><E51/><V58/><F116/><W93/><G93/><T28/><D28/><U27/><E49/><V35/><F35/><W42/><G42/><T73/><D126/><U118/><E118/><V65/><F30/><W132/><G132/><T44/><D12/><U131/><REACH who="1" step="1"/><E91/><REACH who="1" step="2"/><V40/><F18/><W95/><G95/><T68/><D68/><U97/><E97/><V133/><F17/><W82/><AGARI ba="3,2" hai="77,78,81,82,85,87,101,102,112,114,115" m="42538" machi="82" ten="40,12000,1" yaku="14,1,10,1,34,2" doraHai="56" who="3" fromWho="3" sc="159,-43,129,-43,397,-43,295,149" owari="116,-23,86,-31,354,10,444,44" /></mjloggm>