<mjloggm ver="2.3"><GO type="185"/><UN n0="%E5%8D%81%E5%85%AD%E5%A4%9C%E2%80%A0%E5%92%B2%E5%A4%9C" n1="%E3%80%93%E3%81%84%E3%81%A1%E3%81%AF%E3%82%89%E3%80%93" n2="%E3%81%B0%E3%81%8F%E3%81%92%E3%81%A3%E3%81%8D" n3="" dan="16,18,16,0" rate="2168,2255,2318,1500" sx="F,M,M,C"/><TAIKYOKU oya="0"/><INIT seed="0,0,0,3,2,0" ten="350,350,350,0" oya="0" hai0="134,66,122,107,38,100,108,62,86,59,124,73,88" hai1="85,97,83,89,125,130,81,105,117,47,91,121,92" hai2="44,36,79,50,78,74,104,123,37,101,61,99,77" hai3="" shuffle="mt19937ar,61EBAF3E,EF4C2291,16AB4907,515C7DB1,78C76A84,3788A4EB,DF13F967,CAB367A0"/><T129/><N who="0" m="31264" /><T1/><D73/><U54/><N who="1" m="31008" /><U84/><E117/><V42/><N who="2" m="31520" /><V114/><F114/><T75/><D75/><U103/><E54/><V52/><F74/><T98/><D1/><U41/><E41/><V35/><REACH who="2" step="1"/><F35/><REACH who="2" step="2"/><T95/><D134/><U132/><E132/><V133/><F133/><T51/><D129/><U128/><E47/><V70/><F70/><T58/><D124/><U32/><E32/><V56/><AGARI ba="0,1" hai="36,37,42,44,50,52,56,61,77,78,79,99,101,104" m="31520" machi="56" ten="30,5900,0" yaku="1,1,0,1,52,1,54,1,53,0" doraHai="0" doraHaiUra="60" who="2" fromWho="2" sc="350,-39,350,-20,340,69,0,0" /><INIT seed="1,0,0,0,0,63" ten="311,330,409,0" oya="1" hai0="67,39,116,58,75,125,118,51,128,93,119,109,70" hai1="88,2,85,44,86,126,87,33,49,89,97,99,56" hai2="47,35,84,101,37,108,110,113,92,46,68,38,130" hai3="" shuffle="mt19937ar,1E1B8BAC,080DD862,EE3AE7E8,04C54FEC,699BFEB1,0D51CD47,871E8123,09C3F191"/><U32/><E2/><V100/><F35/><T76/><D39/><N who="2" m="14858" /><F113/><T66/><D109/><N who="2" m="42090" /><F68/><T131/><D93/><U52/><E126/><V115/><F115/><T102/><D102/><N who="2" m="39530" /><F130/><T43/><D70/><U78/><E32/><V111/><N who="2" m="42098" /><V135/><DORA hai="120" /><F135/><T107/><D125/><U62/><E78/><V77/><F92/><T34/><D34/><U72/><E72/><V98/><F98/><N who="1" m="37385" /><E33/><V127/><F127/><T103/><D75/><U122/><N who="1" m="31264" /><U54/><AGARI ba="0,0" hai="44,49,52,54,56,62,85,86,87,88,89" m="31264,37385" machi="54" ten="30,8000,1" yaku="4,1,8,1,52,1,54,2" doraHai="63,120" who="1" fromWho="1" sc="311,-40,330,80,409,-40,0,0" /><INIT seed="1,1,0,4,5,90" ten="271,410,369,0" oya="1" hai0="57,0,131,122,59,123,77,88,133,79,36,83,60" hai1="97,117,67,48,92,54,95,32,63,111,124,101,102" hai2="96,47,94,72,1,125,98,99,45,41,91,135,64" hai3="" shuffle="mt19937ar,E42D7282,2E09D52F,EC3B2A1A,4CE85679,8BEB32E1,DB0C7634,33FA6F47,EB58B070"/><U82/><E32/><V55/><F1/><T106/><N who="0" m="31264" /><T116/><N who="0" m="31520" /><T115/><D0/><U109/><E117/><V39/><F72/><T80/><D36/><U89/><E124/><V107/><F125/><T53/><D106/><U58/><E82/><V33/><F33/><T128/><D115/><U70/><REACH who="1" step="1"/><E101/><REACH who="1" step="2"/><V38/><F135/><T56/><D133/><U127/><E127/><V51/><F107/><T87/><D116/><U3/><E3/><V73/><F73/><T74/><REACH who="0" step="1"/><D79/><REACH who="0" step="2"/><U44/><E44/><V134/><F134/><T132/><D132/><U68/><E68/><V46/><F46/><T37/><D37/><U84/><AGARI ba="1,2" hai="48,54,58,63,67,70,84,89,92,95,97,102,109,111" machi="84" ten="30,12000,2" yaku="1,1,0,1,52,2,53,2" doraHai="90" doraHaiUra="120" who="1" fromWho="1" sc="261,-61,400,142,369,-61,0,0" /><INIT seed="1,2,0,5,3,77" ten="200,542,308,0" oya="1" hai0="135,108,73,131,2,119,82,86,44,49,120,105,68" hai1="64,0,52,33,112,129,87,50,34,51,61,66,54" hai2="128,80,47,42,83,99,133,90,78,3,110,95,32" hai3="" shuffle="mt19937ar,D7DAA552,D4D8319A,82599051,3DAA4BB6,D75EA76C,D717EECF,9DC518F9,909BD505"/><U84/><E0/><V39/><F3/><T41/><RYUUKYOKU type="yao9" ba="2,0" sc="200,0,542,0,308,0,0,0" hai0="2,41,44,49,68,73,82,86,105,108,119,120,131,135" /><INIT seed="1,3,0,1,2,2" ten="200,542,308,0" oya="1" hai0="60,80,55,68,85,108,134,48,49,50,47,95,36" hai1="125,92,79,109,122,61,117,111,78,119,43,37,54" hai2="41,121,73,104,127,114,132,129,133,107,44,69,38" hai3="" shuffle="mt19937ar,5DEE0FC5,21171AF4,D3135F34,809506E1,8B6DF755,FC5F3C03,C37DA9CE,2817EDE3"/><U86/><N who="1" m="31264" /><U110/><E125/><V0/><F41/><T67/><D95/><U72/><E72/><V101/><F101/><T83/><D83/><U42/><E61/><V120/><N who="2" m="30752" /><V35/><F104/><T89/><D108/><U91/><E54/><V113/><F44/><T97/><D97/><U126/><E126/><V40/><F40/><N who="1" m="15401" /><E37/><V74/><F74/><T90/><D36/><U32/><E32/><V75/><F75/><T93/><D134/><U77/><AGARI ba="3,0" hai="77,78,79,86,91,92,109,110,111,117,119" m="15401,31264" machi="77" ten="40,5200,0" yaku="14,1,10,1,52,1" doraHai="2" who="1" fromWho="1" sc="200,-29,542,58,308,-29,0,0" /><INIT seed="1,4,0,5,4,39" ten="171,600,279,0" oya="1" hai0="66,115,87,53,95,61,84,123,58,134,46,125,94" hai1="97,40,99,82,77,1,57,2,32,59,129,96,102" hai2="79,48,78,65,93,117,114,88,64,135,72,45,67" hai3="" shuffle="mt19937ar,6BA69A12,8FF49611,943DB5D1,CF5A91E9,36D6FC6C,26C920D4,D995D210,AE1785A2"/><U130/><E32/><V50/><F117/><T0/><N who="0" m="31520" /><T85/><D0/><U132/><E132/><V133/><F114/><T68/><D115/><U55/><E102/><V36/><F36/><T106/><D106/><U110/><E110/><V44/><F72/><T42/><D134/><N who="2" m="51210" /><F48/><T60/><REACH who="0" step="1"/><D125/><REACH who="0" step="2"/><U70/><E2/><V122/><N who="2" m="31264" /><V90/><F90/><T35/><D35/><U52/><E1/><V104/><F104/><T126/><D126/><U69/><E130/><V83/><F83/><T56/><D56/><U109/><E129/><V63/><F45/><T75/><D75/><U91/><E91/><V119/><F119/><T128/><D128/><U116/><E116/><V131/><F131/><T127/><D127/><U105/><E105/><V86/><F63/><T73/><D73/><U101/><E82/><V41/><AGARI ba="4,1" hai="41,44,50,64,65,67,78,79,86,88,93" m="31264,51210" machi="41" ten="30,5900,0" yaku="20,1,52,2,54,1" doraHai="39" who="2" fromWho="2" sc="161,-24,600,-43,279,77,0,0" /><INIT seed="2,0,0,3,2,3" ten="137,557,356,0" oya="2" hai0="76,65,89,122,41,87,68,105,36,118,48,109,39" hai1="129,114,115,120,56,53,81,107,84,37,79,102,124" hai2="64,50,38,110,98,121,67,61,93,77,69,43,94" hai3="" shuffle="mt19937ar,952E0B4F,2EE90489,FE3A32BE,BC966991,C5AA5D09,34E1C7B7,ED653CE9,A1035D86"/><V91/><N who="2" m="31008" /><V111/><F38/><T108/><N who="0" m="31264" /><T85/><D105/><U49/><N who="1" m="30752" /><U97/><E37/><V82/><F67/><T117/><D48/><U86/><E124/><V42/><F94/><T96/><D96/><U128/><REACH who="1" step="1"/><E84/><REACH who="1" step="2"/><V52/><F111/><T92/><D85/><U133/><E133/><V35/><F110/><T66/><D87/><U83/><E83/><V113/><F113/><AGARI ba="0,1" hai="49,53,56,79,81,86,97,102,107,113,114,115,128,129" m="30752" machi="113" ten="40,2600,0" yaku="1,1,52,1,53,0" doraHai="3" doraHaiUra="135" who="1" fromWho="2" sc="137,0,547,36,356,-26,0,0" /><INIT seed="4,0,0,1,2,90" ten="137,583,330,0" oya="0" hai0="128,108,114,103,78,70,49,95,0,66,2,59,106" hai1="89,111,102,72,35,105,81,32,94,74,48,37,120" hai2="41,52,109,50,51,119,124,75,121,76,1,68,63" hai3="" shuffle="mt19937ar,05A137CB,B2A57081,D4E7F47A,8BE02079,E75E9C69,F02F8C02,DC35CBB3,2611005A"/><T126/><D106/><U116/><N who="1" m="30752" /><U130/><E37/><V38/><F1/><T58/><D78/><U56/><E116/><V61/><F76/><T88/><D103/><U100/><E111/><V36/><F75/><T112/><D108/><U135/><E135/><V118/><N who="2" m="31008" /><V92/><F92/><T104/><D104/><U60/><E130/><V45/><F109/><T46/><D70/><U110/><E110/><V91/><F91/><T98/><D128/><U96/><E102/><V93/><F93/><T115/><D126/><U55/><E74/><V79/><F79/><T87/><D98/><U97/><E72/><V65/><F63/><T101/><D101/><U123/><N who="1" m="31520" /><U34/><E81/><V77/><F77/><T69/><D69/><U117/><E117/><N who="2" m="44555" /><F124/><T47/><D2/><U62/><AGARI ba="0,0" hai="32,34,35,48,55,56,60,62,89,94,96,97,100,105" m="31520,30752" machi="62" ten="40,6000,1" yaku="0,1,52,3" doraHai="90" who="1" fromWho="1" sc="137,-40,583,60,330,-20,0,0" /><INIT seed="5,0,0,0,0,54" ten="97,643,310,0" oya="1" hai0="130,81,131,105,112,88,83,82,119,63,45,37,44" hai1="0,123,64,59,126,74,32,133,101,3,117,129,89" hai2="72,42,118,122,86,109,69,67,91,47,127,48,34" hai3="" shuffle="mt19937ar,23A5F50A,8D156A00,E2F5F0AA,A5DE85F3,AA65592D,DDABD2D5,297CFBAA,D80E5BB8"/><U120/><N who="1" m="30752" /><U121/><N who="1" m="31008" /><U76/><N who="1" m="31520" /><U2/><E32/><V90/><N who="2" m="31264" /><V46/><F34/><T135/><D105/><U70/><E117/><V114/><F118/><T73/><D119/><U49/><E126/><V113/><F72/><T36/><D73/><U102/><E129/><V66/><F109/><T78/><D78/><U108/><E108/><V110/><F110/><T92/><D112/><N who="2" m="43114" /><F127/><T52/><D135/><U97/><E133/><V107/><F107/><T1/><D1/><U53/><E64/><N who="2" m="24619" /><F69/><T115/><D115/><U98/><E70/><V56/><F56/><T106/><D106/><U85/><E74/><V116/><F116/><T93/><D131/><U68/><E68/><V40/><F86/><T75/><D75/><U60/><E85/><V134/><F134/><T95/><D130/><U124/><E124/><V61/><F61/><T55/><D63/><U71/><E71/><V80/><F80/><T111/><D111/><U58/><E60/><V125/><F125/><T38/><REACH who="0" step="1"/><D88/><REACH who="0" step="2"/><U99/><E89/><V87/><F87/><T39/><N who="0" m="9216" /><DORA hai="33" /><T35/><D35/><U96/><E2/><V51/><AGARI ba="0,1" hai="40,42,46,47,48,51,90,91" m="24619,43114,31264" machi="51" ten="30,3000,0" yaku="15,1,11,1,52,1" doraHai="54,33" who="2" fromWho="2" sc="87,-10,643,-20,310,40,0,0" /><INIT seed="6,0,0,4,3,66" ten="77,623,350,0" oya="2" hai0="32,117,42,55,103,85,62,57,128,60,78,99,48" hai1="40,124,96,64,100,49,120,70,97,112,82,75,3" hai2="1,127,92,2,37,129,38,63,86,43,87,47,134" hai3="" shuffle="mt19937ar,1DDF87B0,8D6487D3,E219B69D,C8369B14,E12E6356,4925042D,5B2EE9F3,DDF393E6"/><V111/><F111/><T51/><D85/><U74/><N who="1" m="30752" /><U119/><E3/><V46/><F129/><T52/><D99/><U35/><E35/><V50/><F134/><T68/><D78/><U107/><E112/><V125/><F63/><T102/><D102/><U58/><E124/><N who="2" m="47691" /><F38/><T83/><D83/><U98/><E82/><V67/><F67/><T104/><D104/><U33/><E107/><V44/><F44/><T116/><D103/><U73/><E100/><V122/><N who="2" m="31264" /><V0/><F92/><T109/><D32/><U84/><E33/><V130/><F130/><T123/><N who="0" m="31520" /><T94/><D94/><U34/><E34/><V126/><N who="2" m="47699" /><V39/><DORA hai="65" /><F39/><T61/><D128/><U53/><E64/><V106/><F106/><T95/><D95/><U132/><E132/><V69/><F69/><T89/><D89/><U56/><E70/><V110/><F110/><T77/><D77/><U59/><E59/><V79/><F79/><T113/><D109/><U101/><E56/><V81/><F81/><T115/><D42/><AGARI ba="0,0" hai="0,1,2,37,42,43,46,47,50,86,87" m="31264,47699" machi="42" ten="50,4800,0" yaku="18,1,52,1" doraHai="66,65" who="2" fromWho="0" sc="77,-48,623,0,350,48,0,0" /><INIT seed="6,1,0,2,5,123" ten="29,623,398,0" oya="2" hai0="80,124,130,113,122,116,37,105,66,55,44,81,46" hai1="84,101,74,40,43,121,33,99,110,85,38,34,39" hai2="72,77,131,36,88,49,51,48,127,45,61,0,100" hai3="" shuffle="mt19937ar,B3A83357,D4FFC240,47676111,8BC067EB,4C0CE019,E59A48EC,3808B1EB,7DE89A8C"/><V70/><F0/><T111/><D81/><U92/><N who="1" m="31008" /><U32/><E74/><V52/><F100/><T98/><D80/><U60/><E60/><V82/><F131/><T65/><D98/><U118/><E118/><V89/><F127/><T64/><D55/><U59/><E59/><V71/><F36/><T108/><D37/><U104/><E104/><V103/><F103/><T93/><D93/><U69/><E69/><V106/><F106/><T129/><N who="0" m="31264" /><T50/><D105/><U42/><E39/><V133/><F133/><T95/><D95/><U56/><E56/><V68/><REACH who="2" step="1"/><F61/><REACH who="2" step="2"/><T96/><D96/><U35/><E38/><V134/><F134/><T107/><D107/><U126/><E126/><V62/><F62/><T1/><D1/><U97/><E34/><V102/><F102/><T90/><D90/><U76/><E101/><V117/><F117/><T125/><D116/><U87/><E35/><V120/><N who="2" m="30752" /><V3/><F3/><T53/><D113/><U58/><E33/><V73/><F73/><T114/><D114/><U75/><E75/><V86/><F86/><T78/><D78/><U54/><E32/><V91/><F91/><T128/><D46/><U67/><E87/><V112/><F112/><RYUUKYOKU ba="1,1" sc="29,10,623,-20,388,10,0,0" hai0="44,50,53,64,65,66,108,111,124,125,128,129,130" hai2="45,48,49,51,52,68,70,71,72,77,82,88,89" /><INIT seed="6,2,1,3,0,86" ten="39,603,398,0" oya="2" hai0="40,58,93,52,97,37,90,2,41,78,132,72,44" hai1="121,92,55,68,71,122,133,91,75,34,105,100,46" hai2="43,60,115,70,1,49,48,125,53,65,108,84,124" hai3="" shuffle="mt19937ar,7BC2DF16,1869CA44,60903095,401320EE,82096B77,36DA99DE,962F69D1,17154AE1"/><V47/><F1/><T80/><D2/><U66/><N who="1" m="31008" /><U0/><N who="1" m="31264" /><U111/><E34/><V45/><F84/><T56/><D132/><U81/><E133/><V54/><F108/><T74/><D41/><U102/><E111/><V118/><F118/><T103/><D58/><U114/><E114/><V127/><F115/><T94/><D74/><U134/><E134/><V51/><F51/><T32/><D32/><U135/><E135/><V126/><N who="2" m="32256" /><DORA hai="120" /><V38/><F38/><T85/><D56/><U101/><E105/><V39/><F39/><T123/><N who="0" m="31520" /><T88/><D52/><U61/><E55/><V119/><F119/><T99/><D44/><U76/><E46/><V87/><F87/><T3/><D3/><U83/><E0/><V69/><F43/><T104/><D40/><U107/><E83/><V82/><F82/><T109/><D37/><U77/><E77/><V67/><F67/><T59/><D59/><U106/><E71/><V64/><F64/><T117/><D117/><U95/><E95/><V112/><F112/><T57/><D57/><U130/><E130/><V50/><F50/><T98/><REACH who="0" step="1"/><D109/><REACH who="0" step="2"/><U129/><E129/><V113/><F113/><T110/><D110/><U62/><E62/><RYUUKYOKU ba="2,2" sc="29,0,603,0,398,0,0,0" hai0="72,78,80,85,88,90,93,94,97,98,99,103,104" hai1="61,66,68,75,76,81,91,92,100,101,102,106,107" hai2="45,47,48,49,53,54,60,65,69,70" /><INIT seed="6,3,2,5,0,127" ten="29,603,398,0" oya="2" hai0="50,69,111,81,56,41,116,89,130,94,57,129,71" hai1="2,128,80,119,55,114,93,98,1,74,131,134,46" hai2="107,79,67,106,132,36,38,54,52,86,113,122,126" hai3="" shuffle="mt19937ar,5256582C,C4C6967C,E832F4D1,0564BD03,DE5D2539,802B14DC,FE913196,C5EF6BC4"/><V40/><N who="2" m="31264" /><V65/><F126/><T47/><D81/><U66/><E119/><V58/><F79/><T133/><D89/><U35/><E35/><V39/><F86/><T34/><D34/><U3/><E66/><V73/><F73/><T32/><D32/><U70/><E70/><V115/><F132/><T64/><D94/><U121/><N who="1" m="31008" /><U88/><E114/><V99/><F99/><T60/><D116/><U37/><E134/><V62/><F40/><T77/><D77/><U91/><E74/><V109/><F109/><T44/><D133/><U42/><E80/><V61/><F39/><T117/><D117/><U118/><E118/><V43/><F43/><T78/><D78/><U96/><E55/><V104/><F104/><T97/><D97/><U53/><E53/><V51/><F51/><T45/><D111/><U103/><REACH who="1" step="1"/><E91/><REACH who="1" step="2"/><V84/><REACH who="2" step="1"/><F84/><REACH who="2" step="2"/><T110/><D110/><U124/><E124/><V102/><F102/><T59/><D41/><U95/><AGARI ba="3,4" hai="1,2,3,37,42,46,88,93,95,96,98,103,128,131" m="31008" machi="95" ten="40,9000,2" yaku="1,1,0,1,52,3,54,1,53,0" doraHai="127" doraHaiUra="123" who="1" fromWho="1" sc="29,-33,593,136,388,-63,0,0" owari="-4,-60,729,67,325,-7,0,0" /></mjloggm>