<mjloggm ver="2.3"><GO type="225"/><UN n0="%E9%9B%81%E7%BA%8F" n1="%74%EF%BC%9C%6E" n2="%6E%6F%72%69%73%69%6F" n3="%E9%9B%AA%E5%9B%BD%E8%82%B2%E3%81%A1" dan="16,16,16,17" rate="2054,2075,2026,2136" sx="M,F,M,M"/><TAIKYOKU oya="0"/><INIT seed="0,0,0,3,5,1" ten="250,250,250,250" oya="0" hai0="120,60,113,66,134,70,101,74,40,133,121,86,83" hai1="46,116,99,17,48,11,62,124,10,18,53,39,119" hai2="128,45,15,12,106,131,58,92,111,54,126,36,122" hai3="96,29,68,112,72,69,88,31,73,118,87,5,91" shuffle="mt19937ar,77948368,C13313C8,5200D794,CE47E16E,2791FAA2,712ACA83,C9FAAEC2,3A0C1B23"/><T93/><D40/><U33/><E33/><V47/><F106/><W16/><G112/><T20/><D113/><U2/><E39/><V109/><F122/><W50/><G118/><T64/><D74/><U82/><E124/><V105/><F105/><W79/><G79/><N who="0" m="46463" /><D66/><U108/><E99/><V102/><F126/><W81/><G72/><T21/><D101/><U129/><E129/><N who="2" m="49739" /><F92/><W49/><G73/><T78/><D78/><U85/><E116/><V65/><F65/><W125/><G125/><T22/><D93/><U14/><E119/><V135/><F102/><W57/><G69/><T24/><D24/><U132/><E2/><V75/><F75/><W95/><G68/><T100/><D100/><U94/><E94/><V123/><F123/><W42/><G42/><T44/><D44/><N who="2" m="16970" /><F36/><W61/><G49/><T77/><D121/><U51/><E51/><N who="2" m="31071" /><F135/><W107/><G107/><T90/><D120/><U127/><E132/><V28/><F28/><W19/><G50/><T7/><D134/><U0/><E127/><V103/><F103/><W32/><G32/><T114/><D114/><U104/><E104/><V6/><F12/><W13/><G31/><T97/><D133/><U80/><E0/><V76/><F76/><W3/><G29/><T4/><D77/><N who="1" m="46223" /><E82/><V9/><AGARI ba="0,0" hai="6,9,15,109,111" m="31071,16970,49739" machi="9" ten="40,2700,0" yaku="19,1,52,1" doraHai="1" who="2" fromWho="2" sc="250,-13,250,-7,250,27,250,-7" /><INIT seed="1,0,0,1,3,83" ten="237,243,277,243" oya="1" hai0="123,133,93,113,40,24,64,32,91,135,52,70,89" hai1="4,129,58,131,95,44,128,55,116,125,26,127,63" hai2="106,2,99,69,33,120,108,126,8,9,115,110,31" hai3="65,36,3,118,66,107,60,48,23,37,43,71,5" shuffle="mt19937ar,1BE8F8FD,5FA20945,F6BE33EB,190103EB,3949F21B,BC01A89C,26C9E719,596D4136"/><U35/><E4/><V0/><F120/><W96/><G118/><T114/><D40/><U21/><E35/><V85/><F69/><W16/><G66/><T82/><D123/><U1/><E1/><V29/><F115/><W100/><G5/><T7/><D7/><U117/><E95/><V76/><F106/><W121/><G3/><T14/><D14/><U67/><E21/><V25/><F99/><W81/><G121/><T90/><D64/><U27/><E27/><V78/><F126/><N who="1" m="48137" /><E26/><V18/><F18/><W104/><G104/><T59/><D70/><N who="1" m="42367" /><E44/><V22/><F25/><W30/><G30/><N who="0" m="19527" /><D82/><U34/><E34/><V109/><F22/><W46/><G81/><T77/><D93/><U98/><E98/><V74/><F33/><W51/><G36/><T97/><D97/><U42/><E42/><V119/><F74/><W38/><G37/><T105/><D105/><U62/><AGARI ba="0,0" hai="55,58,62,116,117,128,129,131" m="42367,48137" machi="62" ten="40,12000,1" yaku="19,1,18,1,34,2" doraHai="83" who="1" fromWho="1" sc="237,-40,243,120,277,-40,243,-40" /><INIT seed="1,1,0,3,2,30" ten="197,363,237,203" oya="1" hai0="25,82,108,123,36,61,89,32,14,86,16,114,66" hai1="118,84,130,65,63,121,57,5,117,34,26,24,2" hai2="55,125,60,18,106,44,40,31,119,8,9,126,99" hai3="74,45,104,91,133,100,70,3,27,23,92,134,112" shuffle="mt19937ar,DD63429D,5A5CF727,17E04992,FEA4C114,18536D48,40F94D95,DE0BFAAD,A18B5081"/><U15/><E121/><V37/><F119/><W13/><G112/><T83/><D114/><U128/><E2/><V1/><F1/><W94/><G3/><T49/><D36/><U75/><E75/><V129/><F129/><N who="1" m="49769" /><E84/><V102/><F31/><W38/><G70/><T88/><D108/><U4/><E34/><V28/><F28/><W64/><G64/><T127/><D127/><N who="2" m="48650" /><F18/><W87/><G74/><T67/><D123/><U41/><E41/><V110/><F110/><W96/><G13/><T17/><D25/><N who="1" m="9835" /><E15/><V71/><F71/><W113/><G113/><T85/><D32/><U103/><E103/><V79/><F79/><W35/><G35/><T12/><D49/><U43/><E43/><V105/><F105/><W78/><G78/><T124/><D124/><U120/><E120/><V80/><F80/><W54/><G104/><T22/><D61/><U29/><E29/><V135/><F135/><W39/><G133/><T52/><D52/><U46/><E46/><V107/><F106/><W50/><G134/><T95/><D95/><U68/><E68/><V111/><F111/><W47/><G45/><T131/><D131/><U73/><E73/><V76/><F76/><W59/><G47/><T81/><D81/><U19/><E19/><AGARI ba="1,0" hai="19,23,27,38,39,50,54,59,87,91,92,94,96,100" machi="19" ten="30,1000,0" yaku="7,1" doraHai="30" who="3" fromWho="1" sc="197,0,363,-13,237,0,203,13" /><INIT seed="2,0,0,2,5,63" ten="197,350,237,216" oya="2" hai0="88,83,73,18,120,133,27,76,113,13,39,37,7" hai1="22,64,44,91,19,102,49,41,103,110,134,70,14" hai2="98,126,40,108,3,6,34,54,36,67,5,128,74" hai3="31,116,8,106,25,60,48,84,38,21,1,29,100" shuffle="mt19937ar,8261AE49,3E3D86B2,21CD5401,9986E048,20C08C4F,A07403D2,CA441F41,DCBB97DD"/><V87/><F74/><W50/><G38/><T72/><D113/><U33/><E33/><V46/><F34/><W105/><G116/><T45/><D120/><U135/><E110/><V16/><F108/><W0/><G84/><T94/><D133/><N who="1" m="50699" /><E91/><V9/><F6/><W123/><G123/><T75/><D7/><U117/><E117/><V132/><F132/><W23/><G60/><AGARI ba="0,0" hai="14,19,22,41,44,49,60,64,70,102,103" m="50699" machi="60" ten="30,2000,0" yaku="20,1,52,1" doraHai="63" who="1" fromWho="3" sc="197,0,350,20,237,0,216,-20" /><INIT seed="3,0,0,4,2,83" ten="197,370,237,196" oya="3" hai0="19,134,127,94,9,126,105,50,56,109,42,100,0" hai1="73,99,57,61,82,112,104,35,87,66,97,93,135" hai2="5,71,26,115,34,37,108,125,80,118,119,96,44" hai3="13,92,59,2,22,86,38,40,30,106,88,48,54" shuffle="mt19937ar,F3CDD3F9,B3F9B445,9141E67E,CDE6768B,8483170F,32DA0A31,A8B2DB4B,946D3A60"/><W15/><G106/><T43/><D105/><U102/><E35/><V62/><F115/><W117/><G2/><T53/><D109/><U18/><E112/><V85/><F108/><W72/><G72/><T52/><D134/><U133/><E18/><V128/><F128/><W101/><G101/><T110/><D110/><U91/><REACH who="1" step="1"/><E73/><REACH who="1" step="2"/><V114/><F114/><W65/><G117/><T25/><D19/><U84/><E84/><V14/><F85/><W103/><G103/><AGARI ba="0,1" hai="57,61,66,82,87,91,93,97,99,102,103,104,133,135" machi="103" ten="40,2600,0" yaku="1,1,52,1,53,0" doraHai="83" doraHaiUra="11" who="1" fromWho="3" sc="197,0,360,36,237,0,196,-26" owari="197,-15,396,39,237,-1,170,-23" /></mjloggm>