<mjloggm ver="2.3"><GO type="225"/><UN n0="%EF%BC%88%27%EF%BC%88%E3%82%A7%EF%BC%89%27%6F%EF%BC%89" n1="%E5%BE%85%E3%81%A1%E3%81%A8%E3%82%89%E3%81%9A" n2="%E5%88%BB%E5%AD%90%E5%B8%82%E6%B0%91" n3="%E6%A1%9C%E4%BA%95%E3%82%A2%E3%82%BD%E3%82%B3" dan="16,16,17,16" rate="2068,2069,2145,2066" sx="M,M,M,M"/><TAIKYOKU oya="0"/><INIT seed="0,0,0,1,2,135" ten="250,250,250,250" oya="0" hai0="65,1,132,94,64,105,123,119,96,62,78,100,110" hai1="46,134,117,107,4,26,116,128,93,111,22,83,36" hai2="73,17,127,34,53,30,108,102,44,16,118,131,66" hai3="15,37,57,56,101,23,18,121,20,13,50,71,61" shuffle="mt19937ar,A5F8367F,2677D4E8,E9ACC2AF,8B0773F1,B7793E53,0E83E759,11FDE048,14CFD5C0"/><T92/><D123/><U40/><E111/><V98/><F73/><W3/><G121/><T33/><D119/><U19/><E107/><V25/><F108/><W113/><G37/><T39/><D110/><U125/><E134/><V85/><F118/><W29/><G3/><T67/><D132/><U76/><E128/><V112/><F131/><W72/><G72/><T41/><D1/><U89/><E4/><V38/><F112/><W79/><G113/><T27/><D78/><U91/><E91/><V10/><F66/><W7/><G79/><T130/><D130/><U97/><E125/><V58/><F85/><AGARI ba="0,0" hai="19,22,26,36,40,46,76,83,85,89,93,97,116,117" machi="85" ten="30,1000,0" yaku="7,1" doraHai="135" who="1" fromWho="2" sc="250,0,250,10,250,-10,250,0" /><INIT seed="1,0,0,3,2,2" ten="250,260,240,250" oya="1" hai0="32,37,70,115,39,13,6,114,46,88,26,21,35" hai1="60,85,107,90,55,93,11,59,45,100,99,112,22" hai2="86,47,44,58,49,110,81,28,38,12,94,84,103" hai3="50,52,97,71,36,57,67,75,73,116,96,43,19" shuffle="mt19937ar,7CF957D2,2868134A,822FD478,75BD96E0,92F27DB4,830082DD,4B83F330,8FF8D504"/><U122/><E122/><V111/><F28/><W7/><G19/><T95/><D70/><U109/><E109/><V4/><F38/><W108/><G108/><T92/><D32/><U87/><E112/><V131/><F131/><W15/><G116/><T10/><D35/><U48/><E22/><V91/><F110/><W129/><G129/><T101/><D101/><U56/><E56/><V16/><F111/><W126/><G126/><T133/><D95/><U128/><E128/><V68/><F68/><W1/><G15/><T61/><D61/><U119/><E119/><V105/><F105/><W89/><G89/><T20/><D133/><U106/><E11/><V53/><F4/><W118/><G118/><T64/><D64/><U79/><E79/><N who="2" m="46143" /><F103/><W123/><G123/><T117/><D117/><U41/><REACH who="1" step="1"/><E87/><REACH who="1" step="2"/><V17/><F17/><W9/><G73/><T104/><D115/><U51/><E51/><V5/><F5/><W120/><G75/><T40/><D114/><U42/><E42/><V34/><F34/><W130/><G120/><T121/><D121/><U98/><E98/><V33/><F33/><W69/><G130/><T25/><D37/><U63/><E63/><V102/><F102/><W113/><G113/><T82/><D39/><U132/><E132/><V83/><F58/><W66/><G71/><T14/><D6/><U65/><E65/><N who="3" m="24586" /><G69/><T29/><D40/><U8/><E8/><N who="2" m="6151" /><F47/><N who="3" m="24039" /><G9/><T74/><D10/><U18/><E18/><V0/><F0/><W24/><G24/><T27/><D27/><U134/><E134/><V62/><F62/><W124/><G124/><RYUUKYOKU ba="0,1" sc="250,-30,250,10,240,10,250,10" hai1="41,45,48,55,59,60,85,90,93,99,100,106,107" hai2="44,49,53,83,86,91,94" hai3="1,7,50,52,57,96,97" /><INIT seed="1,1,1,3,2,131" ten="220,260,250,260" oya="1" hai0="7,56,123,49,43,77,122,42,113,60,57,32,108" hai1="0,51,19,38,1,67,116,65,88,94,120,98,76" hai2="35,22,80,26,28,4,101,45,44,89,71,119,104" hai3="115,105,110,36,50,10,117,53,16,31,83,132,70" shuffle="mt19937ar,C1A8BAD8,476E6753,C89BA3F2,840FCD71,505FEFB5,5B79B3A9,C0DA25C2,DCDDFBF7"/><U63/><E120/><N who="0" m="46121" /><D32/><U3/><E38/><V118/><F71/><W21/><G115/><T29/><D29/><U111/><E111/><V40/><F4/><W95/><G110/><T59/><D77/><U9/><E76/><V52/><F45/><W39/><G105/><T100/><D100/><U25/><E116/><V78/><F89/><W54/><G70/><T127/><D7/><U135/><E135/><V92/><F104/><W82/><G132/><T17/><D17/><U2/><E2/><V18/><F92/><W112/><G112/><T114/><D108/><U66/><E51/><V75/><F101/><W93/><G31/><T109/><D109/><U23/><REACH who="1" step="1"/><E9/><REACH who="1" step="2"/><V30/><F118/><W107/><G10/><T6/><D114/><U68/><AGARI ba="1,2" hai="0,1,3,19,23,25,63,65,66,67,68,88,94,98" machi="68" ten="30,11700,0" yaku="1,1,2,1,0,1,54,1,53,0" doraHai="131" doraHaiUra="134" who="1" fromWho="1" sc="220,-40,250,140,250,-40,260,-40" /><INIT seed="1,2,0,2,3,31" ten="180,390,210,220" oya="1" hai0="133,112,111,117,110,48,27,34,2,18,42,134,56" hai1="83,14,70,64,98,128,20,78,21,120,23,91,135" hai2="4,33,106,119,74,90,26,32,61,108,85,49,101" hai3="67,129,25,75,118,30,43,52,71,10,113,82,123" shuffle="mt19937ar,D2F1D32E,24D94E29,A15602E0,E5B047CC,358EA4FA,1D640800,F60AD78B,D2A3CBB6"/><U132/><E120/><V105/><F119/><W107/><G123/><T13/><D117/><U97/><E64/><V69/><F74/><W44/><G118/><T80/><D112/><U53/><E70/><V57/><F4/><W47/><G113/><T68/><D68/><U19/><E91/><V0/><F0/><W127/><G107/><T89/><D2/><U63/><E128/><V87/><F69/><W104/><G104/><T100/><D100/><U6/><E6/><V51/><F26/><W62/><G129/><T29/><D80/><U8/><E63/><V7/><F7/><W35/><G10/><N who="0" m="6455" /><D89/><U81/><E53/><V116/><F90/><W50/><G127/><T28/><D56/><U36/><E83/><V15/><F57/><W55/><REACH who="3" step="1"/><G47/><REACH who="3" step="2"/><N who="0" m="25719" /><D29/><U73/><REACH who="1" step="1"/><E36/><REACH who="1" step="2"/><V102/><F116/><W22/><G22/><T54/><D54/><U124/><E124/><V59/><F59/><W95/><G95/><T38/><D38/><U17/><E17/><V122/><F105/><W121/><G121/><T88/><D88/><U41/><E41/><V114/><F106/><W16/><G16/><T58/><D58/><U115/><E115/><V3/><F122/><W76/><AGARI ba="2,2" hai="25,30,35,43,44,50,52,55,62,67,71,75,76,82" machi="76" ten="30,7900,0" yaku="1,1,0,1,52,1,54,1,53,0" doraHai="31" doraHaiUra="99" who="3" fromWho="3" sc="180,-22,380,-41,210,-22,210,105" /><INIT seed="2,0,0,4,4,111" ten="158,339,188,315" oya="2" hai0="129,12,131,110,104,75,134,112,118,101,49,1,47" hai1="19,43,132,24,82,122,9,7,116,35,10,63,25" hai2="17,67,109,50,105,60,21,127,108,117,61,62,11" hai3="73,23,46,22,44,15,56,84,91,42,31,54,4" shuffle="mt19937ar,9B5CBC95,0144B9E3,CA539F32,7A031F2E,F7EDBAAA,6042A6E8,20702D06,CB3A7F88"/><V126/><F117/><W16/><G73/><T71/><RYUUKYOKU type="yao9" ba="0,0" sc="158,0,339,0,188,0,315,0" hai0="1,12,47,49,71,75,101,104,110,112,118,129,131,134" /><INIT seed="2,1,0,2,2,112" ten="158,339,188,315" oya="2" hai0="0,74,92,95,44,90,125,115,100,87,128,85,76" hai1="66,53,59,97,78,82,31,33,68,60,120,70,13" hai2="77,3,118,65,88,117,134,32,64,131,4,2,17" hai3="51,9,47,23,62,20,41,103,36,54,1,24,122" shuffle="mt19937ar,893CDB8B,11CDB51D,26AA55CC,FCF4321B,D3D8EDC1,D801829C,D0D50827,FE8611C8"/><V86/><F77/><W113/><G122/><T116/><D0/><U7/><E120/><V133/><F32/><W39/><G113/><T8/><D115/><U50/><E31/><V104/><F104/><W69/><G103/><T126/><D8/><U28/><E33/><V18/><F131/><W25/><G1/><N who="2" m="9" /><F4/><W109/><G9/><T16/><D44/><U48/><E28/><V46/><F46/><W15/><G15/><T121/><D121/><U40/><E13/><V129/><F129/><W79/><G79/><T49/><D49/><U106/><E7/><V119/><F88/><W30/><G109/><T67/><D128/><U6/><E6/><V102/><F86/><W110/><G110/><T52/><D76/><U45/><E50/><V130/><F102/><W72/><G72/><T10/><D74/><U96/><E106/><V107/><F107/><W37/><G69/><T43/><D100/><U11/><E11/><V114/><F130/><W123/><G62/><T61/><D61/><U83/><E83/><V81/><F81/><W12/><G12/><T5/><D5/><U132/><E68/><V21/><F21/><W35/><G123/><T84/><D92/><U105/><E105/><V34/><F34/><W99/><G99/><N who="1" m="37962" /><E82/><V63/><F63/><W38/><REACH who="3" step="1"/><G25/><REACH who="3" step="2"/><T55/><D10/><U80/><E70/><V29/><F114/><W124/><G124/><T108/><D108/><U56/><E78/><V57/><F134/><W27/><G27/><T14/><D126/><U26/><E132/><V42/><F133/><W94/><G94/><N who="0" m="54599" /><D125/><U71/><E26/><RYUUKYOKU ba="1,1" sc="158,-10,339,-10,188,-10,305,30" hai3="20,23,24,30,35,36,37,38,39,41,47,51,54" /><INIT seed="3,2,1,5,3,89" ten="148,329,178,335" oya="3" hai0="64,78,30,16,129,86,32,51,81,113,131,71,54" hai1="101,132,8,39,116,10,31,53,44,6,88,24,13" hai2="42,127,20,95,65,67,134,56,79,87,117,12,26" hai3="73,27,109,122,93,37,47,115,128,110,7,23,49" shuffle="mt19937ar,1DA19D85,1ED49ED7,E6E34B70,DA2FE14E,0A9128FC,CFE008A1,4C525DD6,6900E97E"/><W33/><G115/><T41/><D113/><U55/><E132/><V58/><F117/><W0/><G122/><T133/><D41/><U91/><E116/><V18/><F127/><W2/><G73/><T60/><D133/><U4/><E101/><V125/><F134/><W11/><G37/><T22/><D30/><U5/><E53/><V72/><F125/><W59/><G33/><T120/><D32/><U38/><E38/><V3/><F3/><N who="3" m="511" /><G93/><T90/><D120/><U106/><E106/><V111/><F72/><W76/><G59/><N who="2" m="22569" /><F111/><N who="3" m="42507" /><G76/><T98/><D98/><U46/><E39/><V130/><F95/><W94/><G94/><T34/><D34/><U124/><E124/><V135/><F135/><W99/><G99/><T19/><D78/><U102/><E102/><V83/><F130/><N who="0" m="49674" /><D22/><N who="1" m="15767" /><E6/><V100/><F100/><W1/><G128/><T126/><D126/><U29/><E29/><N who="2" m="17607" /><F42/><N who="3" m="24823" /><G1/><T14/><D14/><N who="1" m="5383" /><E46/><AGARI ba="2,1" hai="16,19,46,51,54,60,64,71,81,86,90" m="49674" machi="46" ten="30,2000,0" yaku="19,1,54,1" doraHai="89" who="0" fromWho="1" sc="148,36,329,-26,178,0,335,0" owari="184,-17,303,5,178,-22,335,34" /></mjloggm>