<mjloggm ver="2.3"><GO type="185"/><UN n0="%E5%8D%81%E5%85%AD%E5%A4%9C%E2%80%A0%E5%92%B2%E5%A4%9C" n1="%72%75%69%63%65" n2="%E3%81%B0%E3%81%8F%E3%81%92%E3%81%A3%E3%81%8D" n3="" dan="16,16,16,0" rate="2180,2062,2193,1500" sx="F,M,M,C"/><TAIKYOKU oya="0"/><INIT seed="0,0,0,5,0,121" ten="350,350,350,0" oya="0" hai0="42,41,33,3,79,74,83,124,119,36,122,59,67" hai1="85,109,39,45,128,103,77,62,92,44,35,87,120" hai2="52,129,34,95,97,64,102,82,75,90,37,38,57" hai3="" shuffle="mt19937ar,8CC14F01,A6CBDA14,1E882620,4C539D23,AD083F69,9A32D3D0,2E64101D,DB8CBABC"/><T100/><N who="0" m="31264" /><T58/><D3/><U32/><N who="1" m="30752" /><U63/><E128/><V55/><F34/><T69/><D33/><U84/><E77/><V70/><F129/><T0/><D119/><U71/><E71/><V112/><F112/><T86/><D0/><U54/><E44/><V96/><F55/><T78/><D100/><U105/><E105/><V98/><F98/><T104/><D104/><U123/><N who="1" m="31520" /><U81/><E81/><V68/><F70/><T107/><D107/><U2/><E2/><V40/><F64/><T111/><D111/><U50/><E109/><V73/><F68/><T135/><D135/><U108/><E39/><V1/><F1/><T134/><D134/><U133/><E108/><V132/><F132/><T61/><D124/><U113/><E133/><V117/><F117/><T106/><D106/><U131/><E113/><V91/><F91/><T114/><D114/><U43/><E131/><V110/><F110/><T53/><D36/><U47/><E103/><V49/><F38/><T89/><D69/><U99/><E32/><V130/><F130/><T88/><D89/><U80/><E35/><V116/><F116/><T66/><D66/><U46/><E80/><V93/><F82/><T94/><D78/><RYUUKYOKU ba="0,0" sc="350,10,350,-20,350,10,0,0" hai0="41,42,53,58,59,61,67,74,79,83,86,88,94" hai2="37,40,49,52,57,73,75,90,93,95,96,97,102" /><INIT seed="0,1,0,3,4,52" ten="360,330,360,0" oya="0" hai0="87,65,64,119,85,0,51,133,43,91,41,77,78" hai1="63,95,39,114,105,97,111,54,109,120,83,134,88" hai2="99,49,102,55,68,48,86,47,56,127,57,132,62" hai3="" shuffle="mt19937ar,9E835E8D,B13E9B9C,34C8BDCC,C9F61A9D,F5191013,7060E54C,0BDAC40B,119992FF"/><T72/><D0/><U50/><N who="1" m="30752" /><U96/><E39/><V61/><F127/><T81/><D119/><U103/><E63/><V115/><F115/><T33/><D33/><U34/><E114/><V125/><F125/><T45/><D133/><U110/><E34/><V89/><F68/><T107/><D107/><U113/><E113/><V122/><N who="2" m="31264" /><V84/><F132/><T98/><D72/><U92/><E134/><V3/><F3/><T32/><D32/><U104/><REACH who="1" step="1"/><E83/><REACH who="1" step="2"/><V38/><F38/><T59/><D81/><U112/><E112/><V60/><F49/><T69/><D51/><U40/><E40/><V76/><F76/><T94/><D41/><U75/><E75/><V2/><F2/><T121/><D43/><U106/><E106/><V100/><F86/><T90/><D85/><U108/><N who="1" m="27648" /><DORA hai="129" /><U42/><E42/><V53/><F62/><T135/><D78/><U93/><E93/><V71/><F99/><T128/><D98/><U117/><E117/><V35/><F35/><T46/><D77/><U70/><E70/><V123/><N who="2" m="31520" /><V67/><F71/><T37/><D87/><U79/><E79/><V131/><F131/><T116/><D69/><U101/><E101/><V118/><F118/><RYUUKYOKU ba="1,1" sc="360,-20,320,10,360,10,0,0" hai1="50,54,88,92,95,96,97,103,104,105" hai2="47,48,53,55,56,57,60,61,67,84,89,100,102" /><INIT seed="1,2,1,3,2,93" ten="340,330,370,0" oya="1" hai0="135,103,112,114,52,81,82,91,58,117,75,41,43" hai1="119,72,110,33,102,132,124,62,48,101,94,2,97" hai2="133,60,40,98,123,84,106,83,61,90,95,126,56" hai3="" shuffle="mt19937ar,DB1BA557,5D51C702,655F15C7,21669F04,595D9825,E0800329,1627BBB7,CFD23614"/><U50/><E2/><V74/><N who="2" m="31520" /><V1/><F1/><T45/><D135/><U129/><E33/><V107/><F133/><T115/><D117/><U78/><E132/><V113/><F113/><T73/><D103/><U111/><E119/><V55/><F74/><T88/><D45/><U44/><E124/><V49/><F126/><T47/><D47/><U54/><E62/><V99/><F40/><N who="0" m="15434" /><D58/><U34/><E34/><V131/><F131/><T68/><D68/><U100/><E129/><V46/><F46/><T63/><D63/><U69/><E50/><V53/><F53/><T79/><D52/><U92/><E69/><V125/><F125/><T104/><D104/><U71/><E71/><V65/><F65/><T118/><D118/><U67/><E67/><V57/><F57/><T122/><N who="0" m="31264" /><T116/><D116/><U39/><E39/><V36/><F36/><T130/><D130/><U121/><N who="1" m="31008" /><U59/><E59/><V64/><F64/><T77/><D75/><U51/><E51/><V38/><F38/><T89/><D73/><U105/><E105/><V134/><F134/><T80/><AGARI ba="2,1" hai="77,79,80,81,82,88,89,91,112,114,115" m="31264,15434" machi="80" ten="40,9000,2" yaku="29,2,28,2,52,1,54,1" doraHai="93" who="0" fromWho="0" sc="340,104,330,-62,370,-32,0,0" /><INIT seed="2,0,0,0,1,65" ten="444,268,338,0" oya="2" hai0="47,122,114,103,0,64,80,78,48,99,50,38,109" hai1="42,57,111,59,44,124,112,82,53,87,97,2,72" hai2="46,115,101,126,63,39,75,79,71,56,51,34,104" hai3="" shuffle="mt19937ar,BC519318,CA416C2D,97955DE6,BD51BCB6,7300E578,64E46201,3B1C84CA,5668F157"/><V32/><F115/><T73/><N who="0" m="31264" /><T108/><D0/><U49/><E112/><V85/><F75/><T116/><D114/><U102/><E2/><V88/><F79/><T100/><D116/><U83/><E124/><V113/><F113/><T41/><D64/><U129/><E129/><V58/><F39/><T86/><D86/><U98/><E111/><V127/><F71/><T37/><D103/><U61/><E72/><V68/><F68/><T66/><D66/><U123/><N who="1" m="31520" /><U118/><E118/><V40/><F101/><T36/><REACH who="0" step="1"/><D50/><REACH who="0" step="2"/><U117/><E117/><V107/><F34/><T77/><D77/><U1/><E1/><V84/><F32/><T90/><D90/><U120/><N who="1" m="30752" /><U131/><E131/><V133/><F85/><T60/><D60/><U135/><E102/><V125/><F133/><T81/><D81/><U121/><N who="1" m="31008" /><U76/><E135/><V92/><REACH who="2" step="1"/><F63/><REACH who="2" step="2"/><T106/><AGARI ba="0,2" hai="36,37,38,41,47,48,73,78,80,99,100,106,108,109" m="31264" machi="106" ten="40,3900,0" yaku="1,1,0,1,52,1,53,0" doraHai="65" doraHaiUra="130" who="0" fromWho="0" sc="434,59,268,-13,328,-26,0,0" /><INIT seed="4,0,0,0,3,85" ten="493,255,302,0" oya="0" hai0="58,39,96,110,36,63,41,74,86,61,109,66,98" hai1="54,79,1,71,117,113,3,34,114,87,43,40,93" hai2="57,82,134,119,91,64,77,131,78,126,121,116,132" hai3="" shuffle="mt19937ar,CC012B2D,761A8F2B,CE63EDDB,24A00141,F03579AD,6893986E,6976AC35,F846ADA4"/><T38/><D74/><U108/><E117/><N who="2" m="45131" /><F64/><T81/><D41/><U2/><E108/><N who="0" m="41577" /><D63/><U128/><E34/><V133/><N who="2" m="31008" /><V50/><F57/><T33/><D33/><U65/><E71/><V51/><F51/><T52/><D66/><U47/><E65/><V100/><F50/><T0/><D0/><U101/><E101/><V106/><F126/><T89/><AGARI ba="0,0" hai="36,38,39,52,58,61,81,86,89,96,98" m="41577" machi="89" ten="40,5200,0" yaku="10,1,52,1,54,1" doraHai="85" who="0" fromWho="0" sc="493,52,255,-26,302,-26,0,0" /><INIT seed="4,1,0,5,2,40" ten="545,229,276,0" oya="0" hai0="97,74,41,36,125,103,65,73,111,134,95,51,102" hai1="88,106,113,115,87,93,117,99,78,112,52,124,49" hai2="126,80,100,62,104,129,72,85,77,89,1,66,71" hai3="" shuffle="mt19937ar,5CA53DF2,6C721F68,1CAA1252,4070FF96,FEE17866,E4C5DFBD,2579C22B,DAB3F218"/><T0/><D0/><U127/><E117/><V58/><F126/><N who="1" m="48169" /><E78/><V48/><F129/><T101/><D125/><U67/><E67/><V98/><F1/><T133/><D36/><U135/><E135/><N who="0" m="51721" /><D65/><U76/><E76/><V114/><F114/><T45/><D111/><U54/><E49/><V107/><F107/><T92/><D92/><U55/><E106/><V110/><F110/><T118/><D118/><U121/><N who="1" m="31008" /><U60/><E60/><V42/><F42/><T61/><D61/><U34/><E99/><V94/><REACH who="2" step="1"/><F48/><REACH who="2" step="2"/><T44/><D44/><U56/><E34/><V33/><F33/><T32/><D32/><U96/><E56/><AGARI ba="1,1" hai="56,58,62,66,71,72,77,80,85,89,94,98,100,104" machi="56" ten="40,5200,0" yaku="1,1,24,2,53,0" doraHai="40" doraHaiUra="116" who="2" fromWho="1" sc="545,0,229,-54,266,64,0,0" /><INIT seed="5,0,0,0,3,82" ten="545,175,330,0" oya="1" hai0="119,122,83,110,57,48,81,36,94,55,85,71,133" hai1="60,104,112,62,86,121,84,37,131,49,46,115,61" hai2="117,68,129,73,3,87,70,128,135,47,96,92,66" hai3="" shuffle="mt19937ar,CDA7141D,E1CA06E2,82D298DB,9FA68DED,AD000B4B,BD08B232,5B56E1D1,772F6FAB"/><U40/><N who="1" m="31008" /><U77/><E131/><N who="2" m="50251" /><F3/><T72/><N who="0" m="31264" /><T108/><D71/><U58/><E104/><V53/><F117/><T41/><D133/><U80/><E86/><V56/><F73/><T79/><D119/><U1/><E1/><V118/><F118/><T89/><REACH who="0" step="1"/><D94/><REACH who="0" step="2"/><U93/><E93/><V95/><F135/><T111/><D111/><U130/><E130/><V132/><F132/><T42/><D42/><U35/><E35/><V75/><F95/><T91/><D91/><U126/><E126/><V63/><F70/><T98/><D98/><U134/><E134/><V107/><F107/><T45/><AGARI ba="0,1" hai="36,41,45,48,55,57,72,79,81,83,85,89,108,110" m="31264" machi="45" ten="30,5900,0" yaku="1,1,0,1,52,2,53,0" doraHai="82" doraHaiUra="33" who="0" fromWho="0" sc="535,69,175,-39,330,-20,0,0" /><INIT seed="6,0,0,4,1,115" ten="604,136,310,0" oya="2" hai0="69,87,54,61,47,96,123,100,110,134,44,39,63" hai1="46,81,84,101,114,78,113,2,36,1,79,104,109" hai2="75,108,49,93,73,67,99,117,53,86,56,91,94" hai3="" shuffle="mt19937ar,27B14D3A,FC671E46,4A567FDE,444227A3,972AE5AA,38DDFC6A,4B7ACA64,BFBF3112"/><V33/><F33/><T102/><N who="0" m="31520" /><T72/><D110/><U70/><E46/><V129/><F108/><T66/><D72/><U131/><E70/><V59/><F117/><T90/><D134/><U40/><E36/><V35/><F35/><T60/><D39/><U116/><E40/><V127/><F127/><T74/><D74/><U34/><E2/><V64/><F129/><T88/><D88/><U125/><E34/><V83/><F94/><T92/><D102/><U52/><E1/><V50/><F50/><T97/><D97/><U106/><E52/><V107/><F107/><T128/><D128/><U132/><E109/><V133/><F133/><T0/><D0/><U118/><E132/><V41/><F41/><T45/><REACH who="0" step="1"/><D54/><REACH who="0" step="2"/><U32/><E131/><V76/><REACH who="2" step="1"/><F67/><REACH who="2" step="2"/><T43/><D43/><U98/><E32/><V62/><AGARI ba="0,2" hai="49,53,56,59,62,64,73,75,76,83,86,91,93,99" machi="62" ten="30,8000,1" yaku="1,1,2,1,0,1,53,2" doraHai="115" doraHaiUra="55" who="2" fromWho="2" sc="594,-40,136,-40,300,100,0,0" /><INIT seed="6,1,0,5,2,53" ten="554,96,400,0" oya="2" hai0="96,118,0,51,1,73,40,86,2,88,94,57,54" hai1="108,124,50,44,114,121,106,32,85,76,130,61,81" hai2="113,109,115,131,103,107,39,69,42,111,41,63,70" hai3="" shuffle="mt19937ar,556CF120,A97D7016,FB25B999,E1B17A72,8E0829D5,18AD83E0,9FA12490,C24BDDFA"/><V59/><F103/><T116/><D73/><U82/><N who="1" m="31008" /><U78/><E61/><V100/><F100/><T75/><D75/><U83/><E44/><V129/><F107/><T93/><REACH who="0" step="1"/><D40/><REACH who="0" step="2"/><N who="2" m="15466" /><F39/><T126/><D126/><U95/><E32/><V77/><F77/><T62/><D62/><U97/><E124/><V122/><N who="2" m="31264" /><V60/><F60/><T64/><D64/><U104/><E50/><V128/><F70/><T48/><D48/><U105/><E108/><N who="2" m="41547" /><F113/><T98/><D98/><U89/><E114/><V36/><F69/><T43/><D43/><U120/><N who="1" m="30752" /><U58/><E58/><V52/><F36/><T71/><D71/><U119/><E119/><V102/><F102/><AGARI ba="1,1" hai="0,1,2,51,54,57,86,88,93,94,96,102,116,118" machi="102" ten="40,5200,0" yaku="1,1,52,1,54,1,53,0" doraHai="53" doraHaiUra="133" who="0" fromWho="2" sc="544,64,96,0,400,-54,0,0" owari="608,55,96,-50,346,-5,0,0" /></mjloggm>