<mjloggm ver="2.3"><GO type="225"/><UN n0="%62%61%6B%61%73%65" n1="%E3%82%AF%E3%83%AB%E3%83%AB%E2%98%86" n2="%E9%9B%81%E7%BA%8F" n3="%6E%6F%72%69%73%69%6F" dan="16,16,16,16" rate="2025,2088,2061,2018" sx="F,F,M,M"/><TAIKYOKU oya="0"/><INIT seed="0,0,0,2,1,105" ten="250,250,250,250" oya="0" hai0="65,70,2,42,92,111,72,77,56,74,6,38,29" hai1="9,24,76,45,23,96,47,34,0,124,41,80,135" hai2="33,71,50,100,89,93,52,85,39,1,126,78,91" hai3="22,63,83,18,110,95,62,88,37,5,79,46,16" shuffle="mt19937ar,AFFA5969,EACE66B0,31C09ABC,ADA3F54B,8DEDDBC3,AFE28FB4,8B8C1A67,4274BCAD"/><T31/><D111/><U101/><E34/><V114/><F114/><W68/><G110/><T43/><D56/><U20/><E124/><V90/><F39/><W133/><G5/><T128/><D128/><U25/><E135/><V109/><F71/><W12/><G133/><T118/><D118/><U40/><E0/><V58/><F1/><W11/><G68/><T32/><D92/><U61/><E9/><V30/><F126/><W81/><G37/><T120/><D120/><U86/><E61/><N who="3" m="23050" /><G46/><T35/><D70/><U112/><E112/><V103/><F109/><W94/><G79/><T55/><D77/><U49/><E24/><V73/><F33/><W48/><G95/><T117/><D2/><U53/><E47/><V106/><F30/><W60/><G48/><T119/><D55/><U134/><E134/><V4/><F4/><W98/><N who="3" m="23058" /><W130/><DORA hai="87" /><G130/><T54/><D54/><U10/><E10/><V27/><F27/><AGARI ba="0,0" hai="11,12,16,18,22,27,81,83,88,94,98" m="23058" machi="27" ten="30,7700,0" yaku="8,1,52,1,54,2" doraHai="105,87" who="3" fromWho="2" sc="250,0,250,0,250,-77,250,77" /><INIT seed="1,0,0,4,3,105" ten="250,250,173,327" oya="1" hai0="89,0,50,1,127,48,79,128,17,113,106,7,49" hai1="87,109,71,93,130,81,40,37,107,23,60,92,84" hai2="2,52,124,16,131,13,104,117,27,75,57,9,69" hai3="103,76,10,55,129,95,101,126,24,83,98,77,38" shuffle="mt19937ar,A666A559,9F7649AE,0CBD3CE6,C1FD9722,9E068F40,623DC51C,68E3F6D9,F458C053"/><U4/><E107/><V44/><F69/><W80/><G38/><T78/><D113/><U116/><E116/><V32/><F117/><W35/><G10/><T45/><D106/><U3/><E130/><V133/><F104/><W33/><G129/><T18/><D128/><U99/><E40/><V53/><F131/><W29/><G126/><T72/><D127/><U12/><E37/><V28/><F124/><W54/><G24/><T65/><D65/><U68/><E3/><V31/><F133/><W46/><G46/><T96/><D45/><U14/><E87/><V64/><F31/><W121/><G29/><T42/><D42/><U119/><E119/><V94/><F44/><W91/><G98/><T59/><D59/><U115/><E115/><V39/><F39/><W112/><G112/><T21/><D18/><U66/><E71/><V111/><F75/><W20/><G20/><T62/><D62/><U30/><E109/><V97/><F111/><W73/><G91/><T70/><D70/><U51/><E4/><V123/><F123/><W108/><G108/><T134/><D7/><U34/><E34/><V6/><F64/><W90/><G121/><T41/><D41/><U74/><E68/><V82/><F82/><W114/><G114/><T67/><D67/><U63/><E66/><V102/><F57/><W5/><G33/><T56/><D56/><U110/><E30/><V88/><F102/><W43/><G101/><T132/><D132/><U118/><E118/><V47/><F47/><W26/><G103/><T22/><D134/><U25/><E110/><V15/><F2/><RYUUKYOKU ba="0,0" sc="250,-10,250,-10,173,30,327,-10" hai2="6,9,13,15,16,27,28,32,52,53,88,94,97" /><INIT seed="2,1,0,5,5,62" ten="240,240,203,317" oya="2" hai0="89,71,12,66,87,107,1,121,49,103,14,114,70" hai1="132,129,84,76,29,117,42,79,78,105,6,5,43" hai2="100,26,31,27,83,21,81,53,0,119,135,116,109" hai3="38,72,63,94,59,40,65,47,134,32,25,17,123" shuffle="mt19937ar,15731107,7BC0C7E1,9DC726FD,1F1D845E,B82B59BC,0474023E,A5410EFB,22D027B9"/><V35/><F0/><W10/><G72/><T126/><D1/><U15/><E105/><V106/><F135/><W118/><G134/><T98/><D121/><U99/><E132/><V19/><F109/><W2/><G123/><T68/><D114/><U111/><E117/><V133/><F133/><W48/><G118/><T54/><D126/><U37/><E29/><V82/><REACH who="2" step="1"/><F53/><REACH who="2" step="2"/><W18/><G2/><T92/><REACH who="0" step="1"/><D66/><REACH who="0" step="2"/><U16/><E111/><V108/><F108/><W104/><G65/><T124/><D124/><U95/><E42/><V50/><F50/><W131/><G48/><T90/><D90/><U86/><E43/><V30/><F30/><W34/><G40/><T22/><D22/><N who="1" m="11551" /><E37/><V128/><F128/><W57/><G38/><T4/><D4/><N who="1" m="1643" /><E129/><V28/><F28/><W51/><G131/><T41/><D41/><U58/><E58/><AGARI ba="1,2" hai="12,14,49,54,58,68,70,71,87,89,92,98,103,107" machi="58" ten="40,1300,0" yaku="1,1,53,0" doraHai="62" doraHaiUra="7" who="0" fromWho="1" sc="230,36,240,-16,193,0,317,0" /><INIT seed="3,0,0,1,3,23" ten="266,224,193,317" oya="3" hai0="109,19,84,18,75,50,114,35,102,123,25,77,24" hai1="20,113,26,127,135,111,0,110,60,92,120,126,58" hai2="67,63,17,34,22,30,47,86,62,82,7,106,124" hai3="57,21,9,61,65,8,99,88,118,4,70,87,93" shuffle="mt19937ar,FBBCDB1F,969E4F68,DF12A85D,1819C9A8,BC175006,220999D8,A4E1552F,EC3E2446"/><W13/><G118/><T6/><D123/><U42/><E120/><V40/><F106/><W89/><G70/><T122/><D122/><U29/><E0/><V64/><F124/><N who="1" m="47657" /><E113/><V79/><F7/><W128/><G128/><T59/><D75/><U55/><E42/><V38/><F30/><W80/><G9/><T100/><D35/><U115/><E115/><V66/><REACH who="2" step="1"/><F34/><REACH who="2" step="2"/><W112/><G112/><T14/><D6/><U131/><E131/><V104/><F104/><W5/><G5/><T16/><D114/><U15/><E135/><V96/><F96/><N who="3" m="57383" /><G21/><T33/><D33/><U116/><E116/><V43/><F43/><W49/><G49/><T95/><D50/><U44/><E44/><V71/><F71/><W98/><AGARI ba="0,1" hai="4,8,13,57,61,65,80,87,89,98,99" m="57383" machi="98" ten="30,3000,0" yaku="8,1,54,1" doraHai="23" who="3" fromWho="3" sc="266,-10,224,-10,183,-10,317,40" owari="256,1,214,-14,173,-23,357,36" /></mjloggm>