<mjloggm ver="2.3"><GO type="225"/><UN n0="%E3%83%80%E3%83%A0%E3%83%9E%E3%83%8B%E3%82%A2" n1="%23%37%34%E5%A4%A7%E6%B2%BB%E9%83%8E" n2="%E2%98%85%E3%83%A6%E3%83%94%E3%83%86%E3%83%AB%E2%98%85" n3="%E3%83%81%E3%83%A3%E3%82%AA%E3%83%AA" dan="16,16,17,17" rate="2131,2054,2061,2093" sx="M,M,M,M"/><TAIKYOKU oya="0"/><INIT seed="0,0,0,3,5,7" ten="250,250,250,250" oya="0" hai0="88,132,109,59,42,122,43,3,120,22,14,92,27" hai1="100,4,121,128,37,54,35,69,78,75,112,104,19" hai2="87,126,1,31,135,62,34,40,98,111,106,99,41" hai3="76,48,115,124,118,103,108,127,24,16,102,93,46" shuffle="mt19937ar,AD9E42C5,5C600B56,E84F7898,6310CC1A,69B00FC0,5B489508,4F73A93E,F9ABC7C1"/><T12/><D3/><U110/><RYUUKYOKU type="yao9" ba="0,0" sc="250,0,250,0,250,0,250,0" hai1="4,19,35,37,54,69,75,78,100,104,110,112,121,128" /><INIT seed="0,1,0,0,5,21" ten="250,250,250,250" oya="0" hai0="32,51,76,6,129,75,53,91,15,116,112,128,99" hai1="63,67,96,108,13,121,50,25,78,115,28,109,49" hai2="81,94,17,118,89,77,111,69,22,125,30,97,102" hai3="92,72,0,98,19,132,29,23,18,117,62,5,83" shuffle="mt19937ar,727C48DF,4985D507,08369791,2901AA72,001EF1BA,C335A8D5,5860F835,ABD3D43E"/><T130/><D116/><U12/><E121/><V88/><F118/><W60/><G117/><T120/><D120/><U47/><E78/><V101/><F69/><W106/><G106/><T79/><D32/><U61/><E96/><V74/><F125/><W90/><G132/><T119/><D75/><U70/><E115/><V34/><F111/><N who="1" m="42569" /><E61/><V2/><F2/><W114/><G114/><T4/><D119/><U33/><E49/><V7/><F7/><N who="0" m="2602" /><D15/><U127/><E127/><V86/><F30/><W10/><G29/><T35/><D35/><U43/><AGARI ba="1,0" hai="12,13,25,28,33,43,47,50,63,67,70" m="42569" machi="43" ten="30,2000,0" yaku="14,1,52,1" doraHai="21" who="1" fromWho="1" sc="250,-11,250,23,250,-6,250,-6" /><INIT seed="1,0,0,2,2,110" ten="239,273,244,244" oya="1" hai0="123,37,116,91,65,32,97,131,9,55,98,130,17" hai1="90,60,59,121,132,99,84,52,45,19,49,107,92" hai2="80,18,135,128,76,93,79,11,103,28,62,86,38" hai3="29,74,2,111,102,54,64,69,46,89,78,122,24" shuffle="mt19937ar,34B6824E,01D7268B,B15D84FB,B3D0F157,426CB4D8,F7F772B0,2D3F86C7,4EB8BD16"/><U41/><E121/><V120/><F38/><W117/><G122/><T44/><D32/><U61/><E132/><V70/><F135/><W82/><G2/><T126/><D123/><U25/><E107/><V40/><F120/><W3/><G3/><T124/><D116/><U100/><E100/><V129/><F28/><W7/><G7/><T34/><D34/><U20/><REACH who="1" step="1"/><E84/><REACH who="1" step="2"/><V30/><F103/><W75/><G102/><T127/><D97/><U42/><E42/><V81/><F40/><W96/><G117/><T83/><D98/><U109/><E109/><V63/><F86/><W112/><G111/><T58/><D124/><U134/><E134/><V87/><F87/><W72/><G72/><T1/><D126/><U31/><E31/><V115/><F30/><W14/><G75/><T118/><D127/><U43/><E43/><V0/><F128/><W95/><G29/><T85/><D131/><U5/><E5/><V113/><F129/><W16/><G74/><T77/><D130/><U88/><E88/><V51/><F0/><W119/><G89/><T106/><D91/><U53/><E53/><V94/><F70/><W108/><G54/><T125/><D1/><U21/><E21/><V15/><F11/><W36/><G69/><T26/><D106/><U4/><E4/><V101/><F101/><W27/><G119/><T47/><D125/><U22/><E22/><V67/><F67/><W48/><G64/><T104/><D65/><U68/><E68/><V50/><F18/><W6/><G108/><T133/><D104/><U66/><E66/><V10/><F10/><RYUUKYOKU ba="0,1" sc="239,-15,263,15,244,15,244,-15" hai1="19,20,25,41,45,49,52,59,60,61,90,92,99" hai2="15,50,51,62,63,76,79,80,81,93,94,113,115" /><INIT seed="1,1,1,3,0,88" ten="224,278,259,229" oya="1" hai0="35,93,113,107,46,76,119,80,7,63,18,1,39" hai1="92,85,47,126,106,111,4,89,118,62,91,67,8" hai2="20,40,117,19,25,84,135,14,33,22,86,75,42" hai3="103,100,108,73,26,122,27,37,77,69,90,52,34" shuffle="mt19937ar,FDE4B368,EAA9C234,416CF8F9,DD86D22E,4AF7876B,B855B543,E758B688,4367A163"/><U3/><E118/><V29/><F117/><W53/><G69/><T28/><D107/><U121/><E121/><V58/><F75/><W51/><G37/><T74/><D18/><U96/><E126/><V105/><F105/><W64/><G64/><T44/><D46/><U79/><E79/><V70/><F70/><W125/><G122/><T36/><D63/><U31/><E111/><V49/><F135/><W104/><G108/><T11/><D39/><U129/><E129/><V115/><F115/><W38/><G38/><T32/><D119/><U65/><E106/><V127/><F127/><W50/><G104/><T41/><D113/><U0/><E47/><V71/><F71/><W114/><G125/><T82/><D82/><U99/><E31/><V61/><F33/><W5/><G34/><T110/><D110/><U56/><E67/><V6/><F6/><W68/><G68/><T98/><D28/><U130/><E130/><V66/><F49/><W123/><G5/><T72/><D72/><U10/><E10/><V94/><F84/><W97/><G123/><T60/><D60/><U54/><E65/><V43/><F86/><W132/><G132/><T12/><D12/><U16/><E16/><V102/><F102/><AGARI ba="1,1" hai="1,7,11,32,35,36,41,44,74,76,80,93,98,102" machi="102" ten="30,7700,0" yaku="7,1,25,2,52,1" doraHai="88" who="0" fromWho="2" sc="224,90,278,0,259,-80,229,0" /><INIT seed="2,0,0,0,0,42" ten="314,278,179,229" oya="2" hai0="25,107,46,21,72,133,31,3,95,118,39,103,54" hai1="7,74,82,30,92,65,34,99,66,27,55,124,122" hai2="11,69,35,115,12,56,13,8,68,38,100,87,41" hai3="94,70,119,19,132,78,129,106,84,98,22,36,77" shuffle="mt19937ar,9A6357D7,3873194E,BFA5ABD6,9F161960,0DDFAE35,33F5AD7E,89923C95,04536F00"/><V44/><F115/><W2/><G2/><T52/><D3/><U127/><E122/><V40/><F35/><W32/><G32/><T121/><D107/><U18/><E7/><V43/><F100/><W33/><G33/><T62/><D121/><U50/><E18/><V24/><F24/><W104/><G70/><T60/><D72/><U67/><E82/><V48/><F87/><W23/><G36/><T135/><D118/><U73/><E73/><V110/><F110/><W80/><G119/><T131/><D131/><U88/><REACH who="1" step="1"/><E74/><REACH who="1" step="2"/><V128/><F128/><W85/><G129/><T28/><D28/><U45/><AGARI ba="0,1" hai="27,30,34,45,50,55,65,66,67,88,92,99,124,127" machi="45" ten="30,12000,2" yaku="1,1,2,1,0,1,52,1,54,1,53,1" doraHai="42" doraHaiUra="49" who="1" fromWho="1" sc="314,-30,268,130,179,-60,229,-30" /><INIT seed="3,0,0,3,5,61" ten="284,398,119,199" oya="3" hai0="135,79,78,27,85,106,112,39,32,77,48,83,7" hai1="100,43,97,25,12,86,89,51,8,58,22,36,126" hai2="26,132,44,42,5,66,50,54,125,131,34,21,92" hai3="49,73,130,67,118,41,6,111,99,64,13,110,113" shuffle="mt19937ar,552168A3,6570EE50,CF6FD8DE,9F47AB44,42BEE2BE,73CB2281,0B6DABC6,DFF1DA95"/><W0/><G0/><T18/><D106/><U14/><E126/><V9/><F125/><W119/><G73/><T115/><D39/><U69/><E69/><V46/><F131/><W35/><G35/><T88/><D7/><U94/><E36/><V33/><F132/><W3/><G3/><T57/><D135/><U52/><E43/><V127/><F127/><W75/><G75/><T68/><D68/><U121/><E121/><V29/><F92/><W80/><G80/><T114/><D48/><U116/><E116/><N who="3" m="44586" /><G99/><T81/><D57/><U38/><E38/><V11/><F11/><N who="3" m="4343" /><G113/><T84/><D18/><N who="1" m="12503" /><E8/><V102/><F102/><W60/><G60/><T108/><D108/><N who="3" m="41513" /><G130/><T74/><D74/><U1/><E1/><V98/><F98/><W63/><G63/><T82/><D88/><U31/><E31/><AGARI ba="0,0" hai="27,31,32,77,78,79,81,82,83,84,85,112,114,115" machi="31" ten="50,6400,0" yaku="29,2,11,1" doraHai="61" who="0" fromWho="1" sc="284,64,398,-64,119,0,199,0" owari="348,35,334,8,119,-28,199,-15" /></mjloggm>