<mjloggm ver="2.3"><GO type="185"/><UN n0="%EF%BC%BC%28%EF%BC%BE%6F%EF%BC%BE%29%EF%BC%8F%E2%98%85" n1="%E5%83%8D%E3%81%8D%E3%81%9F%E3%81%8F%E3%81%AA%E3%81%84" n2="%E6%84%9F%E8%AC%9D%E3%81%A7%E3%81%99" n3="" dan="17,17,17,0" rate="2194,2181,2195,1500" sx="M,M,M,C"/><TAIKYOKU oya="0"/><INIT seed="0,0,0,3,4,67" ten="350,350,350,0" oya="0" hai0="32,54,93,119,72,82,52,135,33,71,1,131,77" hai1="74,111,107,81,55,91,80,133,45,61,101,124,99" hai2="129,128,83,103,53,46,2,57,121,100,132,88,127" hai3="" shuffle="mt19937ar,742F817C,D810F5CF,9110C212,D5E73A74,72944A71,9A92664E,6C148B55,29D95A97"/><T123/><N who="0" m="31520" /><T87/><D1/><U42/><E124/><V104/><N who="2" m="31008" /><V108/><F2/><T114/><D119/><U90/><E133/><V113/><F113/><T85/><D114/><U105/><E105/><V73/><F127/><T84/><D135/><U94/><E111/><V49/><F132/><T102/><D71/><U92/><E107/><V0/><F108/><T117/><D117/><U47/><E74/><V76/><F0/><T69/><D69/><U134/><E134/><V44/><F44/><T86/><D131/><U126/><E126/><V110/><F110/><T70/><D70/><U98/><E101/><V39/><F104/><T64/><D64/><U3/><E3/><V68/><F68/><T48/><D54/><U66/><E55/><V51/><F39/><T58/><N who="0" m="21504" /><DORA hai="89" /><T122/><N who="0" m="31264" /><T120/><N who="0" m="30752" /><T36/><REACH who="0" step="1"/><D36/><REACH who="0" step="2"/><U38/><E38/><V96/><F129/><T79/><D79/><U118/><E118/><V59/><F128/><T95/><D95/><U43/><E66/><V35/><F53/><T106/><D106/><U78/><E78/><V125/><F76/><T56/><D56/><U63/><AGARI ba="0,1" hai="42,43,45,47,61,63,80,81,90,91,92,94,98,99" machi="63" ten="25,9000,2" yaku="0,1,22,2,8,1,52,2" doraHai="67,89" who="1" fromWho="1" sc="340,-60,350,100,350,-30,0,0" /><INIT seed="1,0,0,0,4,3" ten="280,450,320,0" oya="1" hai0="72,39,61,99,132,127,134,114,68,131,63,90,79" hai1="70,36,133,91,97,53,57,84,106,32,96,59,85" hai2="93,52,112,38,101,48,118,1,126,102,78,55,104" hai3="" shuffle="mt19937ar,99DE2AFF,087021EA,D19D3D3A,886F2A02,AF4D357A,0FAD45C3,5636A589,798D3F4D"/><U105/><E70/><V66/><F1/><T58/><D39/><U107/><E36/><V92/><F118/><T123/><N who="0" m="31520" /><T76/><D114/><U103/><E133/><V74/><F38/><T120/><N who="0" m="30752" /><T113/><D113/><U56/><E32/><V75/><F112/><T83/><D79/><U62/><E85/><V47/><F66/><T49/><D68/><U94/><REACH who="1" step="1"/><E96/><REACH who="1" step="2"/><V65/><F75/><T37/><D37/><U117/><E117/><V128/><F74/><T80/><D134/><U54/><E54/><V33/><F52/><T125/><D132/><U111/><E111/><V69/><F33/><T50/><D99/><U64/><E64/><V82/><F55/><T87/><D131/><U121/><N who="1" m="31008" /><U45/><E45/><V109/><F65/><T42/><D42/><U60/><E60/><V129/><F47/><T130/><D130/><U71/><E71/><V67/><F69/><T122/><N who="0" m="31264" /><T124/><D61/><U108/><E108/><V116/><F109/><T100/><D63/><U46/><E46/><V135/><F129/><T77/><D58/><AGARI ba="0,1" hai="53,56,57,58,59,62,84,91,94,97,103,105,106,107" m="31008" machi="58" ten="40,7700,0" yaku="1,1,52,1,53,1" doraHai="3" doraHaiUra="89" who="1" fromWho="0" sc="280,-77,440,87,320,0,0,0" /><INIT seed="1,1,0,0,4,101" ten="203,527,320,0" oya="1" hai0="82,37,77,38,120,2,74,71,123,45,78,124,103" hai1="76,55,117,35,133,86,60,43,75,126,83,69,54" hai2="110,36,129,127,106,64,96,73,42,62,112,49,125" hai3="" shuffle="mt19937ar,3F209B70,10C7F302,6F9709CA,08E62157,1DC858FB,CE0F6D52,0A5CC751,C04B21CD"/><U32/><E117/><V118/><F118/><T44/><N who="0" m="30752" /><T80/><N who="0" m="31520" /><T1/><D103/><U109/><E133/><V66/><F73/><T94/><D94/><U58/><E126/><V34/><F34/><T47/><D71/><U46/><E109/><V56/><F110/><T105/><D124/><U85/><E69/><V128/><F106/><T65/><D65/><N who="2" m="25194" /><F96/><T113/><D113/><U135/><E135/><V122/><N who="2" m="31264" /><V115/><F36/><T119/><D119/><U68/><E68/><V33/><F33/><T107/><D47/><U132/><E132/><V121/><N who="2" m="31008" /><V0/><F0/><T48/><D48/><U90/><E55/><V52/><F127/><T53/><D53/><U51/><E75/><AGARI ba="1,0" hai="1,2,37,38,44,45,74,75,77,78,80,82,105,107" m="31520,30752" machi="75" ten="25,12000,2" yaku="22,2,52,4" doraHai="101" who="0" fromWho="1" sc="203,122,527,-122,320,0,0,0" /><INIT seed="2,0,0,2,2,90" ten="325,405,320,0" oya="2" hai0="72,130,117,131,37,59,47,93,89,35,92,103,68" hai1="66,44,46,135,94,122,96,43,114,97,99,67,118" hai2="113,42,106,127,69,60,81,57,54,109,115,51,58" hai3="" shuffle="mt19937ar,A4CAD5B8,32A54D14,A1EF0480,2E8FFA50,AAA43DF9,8AE62EF5,47B79EBC,4FBAAE59"/><V71/><F106/><T39/><D35/><U80/><N who="1" m="31264" /><U112/><E118/><V55/><F81/><T82/><D68/><N who="2" m="26186" /><F127/><T78/><D117/><U75/><E135/><V87/><F87/><T120/><N who="0" m="30752" /><T84/><D59/><U1/><E1/><V41/><F109/><T33/><D33/><U40/><E97/><V61/><F115/><T32/><D32/><U101/><E80/><V76/><F76/><T128/><D47/><U53/><E53/><N who="2" m="19979" /><F113/><T36/><D103/><U3/><E3/><V124/><F124/><T110/><D93/><U125/><E125/><V119/><F119/><T74/><REACH who="0" step="1"/><D110/><REACH who="0" step="2"/><U102/><E94/><V45/><F42/><T49/><D49/><U56/><E114/><V98/><F98/><AGARI ba="0,1" hai="36,37,39,72,74,78,82,84,89,92,98,128,130,131" m="30752" machi="98" ten="50,8000,1" yaku="1,1,19,1,52,2,53,1" doraHai="90" doraHaiUra="85" who="0" fromWho="2" sc="315,90,405,0,320,-80,0,0" /><INIT seed="4,0,0,2,0,122" ten="405,405,240,0" oya="0" hai0="112,121,50,101,133,42,84,33,131,81,79,96,41" hai1="125,48,1,76,83,105,67,124,128,2,70,116,102" hai2="3,115,129,53,37,107,73,94,106,110,97,82,0" hai3="" shuffle="mt19937ar,7D177050,2677C50A,7D852484,DC077255,348AEC0C,FD2743A0,EB16577E,83B3BB24"/><T61/><N who="0" m="31008" /><T134/><D33/><U108/><E116/><V123/><N who="2" m="31520" /><V51/><F37/><T39/><D39/><U44/><E128/><V32/><F32/><T57/><D131/><U87/><E108/><V92/><F129/><T90/><D112/><U80/><E70/><V78/><F115/><T130/><D130/><U43/><E67/><V91/><F110/><T135/><D50/><U109/><E109/><V99/><F0/><T47/><D47/><U58/><E58/><V132/><F3/><T49/><D49/><U114/><E114/><V88/><REACH who="2" step="1"/><F132/><REACH who="2" step="2"/><T111/><D111/><U98/><E1/><V100/><F100/><T40/><D101/><U56/><E2/><V46/><AGARI ba="0,1" hai="46,51,53,73,78,82,88,91,92,94,97,99,106,107" m="31520" machi="46" ten="20,9000,2" yaku="1,1,0,1,7,1,9,1,52,1,54,1,53,0" doraHai="122" doraHaiUra="54" who="2" fromWho="2" sc="405,-60,405,-30,230,100,0,0" /><INIT seed="5,0,0,3,5,103" ten="345,375,330,0" oya="1" hai0="77,101,33,40,84,67,121,111,1,115,56,97,45" hai1="51,100,48,130,90,128,37,71,132,73,62,119,49" hai2="38,98,55,91,41,57,133,44,52,94,59,110,105" hai3="" shuffle="mt19937ar,7B2F11AB,D82E9074,026B41CD,F377D54C,A97B2F59,2824CB21,EB58DB2B,EAC50EFF"/><U68/><E73/><V87/><F110/><T72/><N who="0" m="31008" /><T50/><D33/><U78/><E78/><V107/><F133/><T112/><D1/><U131/><E132/><V70/><F70/><T36/><D72/><U79/><E79/><V42/><F42/><T108/><D77/><U0/><E0/><V135/><F135/><T106/><D84/><U104/><E37/><V54/><REACH who="2" step="1"/><F87/><REACH who="2" step="2"/><T75/><D75/><U120/><N who="1" m="30752" /><U89/><E71/><V69/><F69/><T92/><D111/><U109/><E109/><V60/><F60/><T81/><D108/><U122/><N who="1" m="31264" /><U116/><E68/><V129/><F129/><T32/><D40/><U80/><E62/><V113/><F113/><T65/><D115/><U2/><E2/><V47/><F47/><T34/><D45/><U53/><E128/><V126/><F126/><T102/><D112/><U124/><E124/><V64/><F64/><T83/><D67/><U3/><E131/><V118/><F118/><T134/><D65/><U114/><E116/><V66/><F66/><T63/><D63/><U127/><E114/><V125/><F125/><T61/><D61/><U35/><E127/><V95/><F95/><T76/><D134/><U117/><E119/><RYUUKYOKU ba="0,1" sc="345,-10,375,-10,320,20,0,0" hai2="38,41,44,52,54,55,57,59,91,94,98,105,107" /><INIT seed="6,1,1,1,1,99" ten="335,365,340,0" oya="2" hai0="108,59,121,110,100,3,101,65,87,76,70,89,85" hai1="37,42,104,135,36,2,92,34,132,124,115,71,58" hai2="43,105,40,117,82,57,69,56,84,91,129,44,128" hai3="" shuffle="mt19937ar,011B1406,55E4F5FF,3DAF41B0,D9004292,2B998CE4,60298BAE,5B58288F,05A2ABD6"/><V64/><F105/><T33/><N who="0" m="31008" /><T51/><D33/><U46/><E104/><V75/><F117/><T80/><D3/><U83/><E34/><V114/><F75/><T113/><D70/><U62/><E2/><V50/><F114/><T41/><D113/><U109/><E115/><V72/><F72/><T52/><D65/><U78/><E109/><V127/><F40/><T48/><D110/><U66/><E124/><V106/><F106/><T1/><D108/><U32/><E32/><V63/><REACH who="2" step="1"/><F127/><REACH who="2" step="2"/><T95/><D1/><U47/><E135/><V38/><F38/><T130/><D130/><AGARI ba="1,2" hai="43,44,50,56,57,63,64,69,82,84,91,128,129,130" machi="130" ten="40,3900,0" yaku="1,1,19,1,53,0" doraHai="99" doraHaiUra="74" who="2" fromWho="0" sc="335,-41,365,0,330,61,0,0" /><INIT seed="6,2,0,1,2,61" ten="294,365,391,0" oya="2" hai0="117,86,43,129,73,46,76,55,105,124,57,75,51" hai1="40,109,37,65,66,99,53,48,127,35,32,93,115" hai2="112,77,101,58,123,111,132,34,120,106,1,78,52" hai3="" shuffle="mt19937ar,B24B4503,C9B294E3,E0082D65,540881E1,A8751C74,10B767BB,70D4D1D6,BFF36F7F"/><V80/><N who="2" m="30752" /><V3/><N who="2" m="31520" /><V114/><F34/><T41/><D105/><U71/><E109/><V88/><F111/><T56/><D117/><U95/><E71/><V133/><F106/><T72/><D129/><U54/><E127/><V81/><F101/><T33/><D33/><U134/><E134/><N who="2" m="51819" /><F88/><T125/><D86/><U62/><E115/><N who="2" m="44075" /><F81/><T121/><N who="0" m="31008" /><T79/><D57/><U36/><E62/><V126/><F126/><T47/><D125/><U135/><E135/><V85/><F78/><T69/><D69/><U44/><E99/><V119/><F119/><T49/><REACH who="0" step="1"/><D124/><REACH who="0" step="2"/><U131/><E131/><V50/><AGARI ba="2,1" hai="1,3,50,52,58,77,80,85" m="44075,51819,31520,30752" machi="50" ten="30,8000,1" yaku="20,1,15,1,52,2,54,1" doraHai="61" who="2" fromWho="2" sc="284,-42,365,-42,391,94,0,0" owari="242,-36,323,-8,485,44,0,0" /></mjloggm>