<mjloggm ver="2.3"><GO type="225"/><UN n0="%E3%83%81%E3%83%A3%E3%82%AA%E3%83%AA" n1="%41%6D%41" n2="%62%61%6B%61%73%65" n3="%E5%BE%85%E3%81%A1%E3%81%A8%E3%82%89%E3%81%9A" dan="17,16,16,16" rate="2135,2045,2019,2054" sx="M,M,F,M"/><TAIKYOKU oya="0"/><INIT seed="0,0,0,4,0,66" ten="250,250,250,250" oya="0" hai0="18,61,47,43,74,63,90,25,78,72,1,10,29" hai1="46,113,124,103,100,99,37,71,19,54,109,28,44" hai2="83,119,120,93,33,68,114,39,88,21,98,122,106" hai3="92,77,104,2,57,55,112,81,105,6,75,101,38" shuffle="mt19937ar,A13A5CF2,0947479A,0126F1DC,2280399B,5AAF2936,1C8CEDE3,995C79F7,7D01202A"/><T15/><D1/><U40/><E109/><V69/><F33/><W126/><G112/><T91/><D74/><U0/><E0/><V9/><F114/><W3/><G126/><T82/><D63/><U128/><E113/><V14/><F39/><W111/><G111/><T76/><D61/><U35/><E128/><V53/><F119/><W115/><G115/><T86/><D72/><U73/><E73/><V5/><F106/><W125/><G125/><T107/><D107/><U95/><E124/><V60/><F83/><W34/><G34/><T133/><D133/><U27/><E19/><V84/><F84/><W65/><G65/><T26/><D78/><U4/><E4/><V49/><F21/><W50/><G6/><T134/><D134/><U52/><E71/><V118/><F118/><W127/><G38/><T16/><D18/><U12/><E12/><V36/><F36/><W89/><G105/><T59/><D59/><U102/><REACH who="1" step="1"/><E46/><REACH who="1" step="2"/><V20/><F122/><W117/><G127/><T110/><D110/><U85/><E85/><V30/><F120/><W31/><G117/><T22/><D26/><U64/><E64/><V79/><F69/><W62/><G2/><T32/><D32/><U131/><E131/><V11/><F68/><W45/><G3/><T41/><REACH who="0" step="1"/><D47/><REACH who="0" step="2"/><U116/><E116/><V135/><F135/><W129/><G45/><T24/><D24/><U96/><E96/><V23/><F98/><N who="3" m="61495" /><G129/><T97/><D97/><U80/><E80/><V17/><F5/><W58/><G75/><T123/><D123/><U130/><E130/><V67/><F17/><RYUUKYOKU ba="0,2" sc="240,15,240,15,250,-15,250,-15" hai0="10,15,16,22,25,29,41,43,76,82,86,90,91" hai1="27,28,35,37,40,44,52,54,95,99,100,102,103" /><INIT seed="0,1,2,1,4,112" ten="255,255,235,235" oya="0" hai0="65,37,19,83,104,77,70,50,100,18,36,108,91" hai1="10,81,43,27,63,119,95,55,131,80,60,22,46" hai2="79,84,82,45,26,123,74,15,32,9,38,113,132" hai3="99,21,44,122,64,90,53,69,118,39,107,17,28" shuffle="mt19937ar,709D1289,A6F11877,F2FD59D4,8126EE1B,7E264578,69EC94DE,8DBD354A,B845A113"/><T7/><D7/><U117/><E131/><V105/><F105/><W103/><G122/><T48/><D91/><U29/><E10/><V93/><F113/><W135/><G135/><T4/><D4/><U97/><E80/><V23/><F132/><W51/><G28/><T86/><D104/><U101/><E81/><V24/><F32/><W76/><G76/><T125/><D100/><U71/><E63/><V88/><F123/><W98/><G118/><T2/><D2/><U87/><E87/><V20/><F38/><W25/><G39/><T59/><D70/><U1/><E1/><V67/><F67/><W66/><REACH who="3" step="1"/><G69/><REACH who="3" step="2"/><T72/><D37/><U62/><E71/><V92/><F74/><W106/><G106/><T114/><D36/><U41/><E29/><N who="2" m="17543" /><F79/><W89/><G89/><T85/><D114/><U78/><E78/><V124/><F124/><W73/><G73/><T30/><D125/><U12/><E101/><V75/><F75/><W42/><G42/><T121/><D121/><U61/><E43/><V68/><F68/><W6/><G6/><T115/><D115/><U109/><E41/><V58/><F45/><W102/><G102/><T56/><D72/><U0/><E46/><V35/><F58/><W94/><AGARI ba="1,3" hai="17,21,25,44,51,53,64,66,90,94,98,99,103,107" machi="94" ten="30,2000,0" yaku="1,1,0,1,53,0" doraHai="112" doraHaiUra="130" who="3" fromWho="3" sc="255,-11,255,-6,235,-6,225,53" /><INIT seed="1,0,0,0,0,54" ten="244,249,229,278" oya="1" hai0="2,108,12,115,130,69,126,68,9,134,50,51,31" hai1="27,7,0,105,90,109,62,56,96,110,3,5,89" hai2="82,94,52,59,34,10,40,4,117,28,76,84,14" hai3="81,92,38,127,86,32,124,132,77,78,83,23,36" shuffle="mt19937ar,38148EA2,A57221B0,5B19A2F6,8B47B8BA,6A08C68D,9D99C45F,80B19BAC,9BA3634E"/><U65/><E3/><V100/><F117/><W57/><G32/><T113/><D2/><U131/><E131/><V102/><F40/><W67/><G132/><T74/><D74/><U60/><E27/><V123/><F123/><W53/><G67/><T37/><D37/><U73/><E73/><V125/><F125/><N who="3" m="48203" /><G92/><T25/><D126/><U75/><E75/><V6/><F34/><W129/><G23/><T48/><D134/><U43/><E43/><V18/><F28/><W15/><G15/><T104/><D104/><U79/><E79/><V114/><F114/><W71/><G71/><T58/><D130/><U135/><E135/><V21/><F94/><W120/><G120/><T103/><D69/><U17/><E0/><V61/><F6/><N who="1" m="2057" /><E17/><V85/><F85/><N who="3" m="48303" /><G129/><T97/><D68/><U91/><E105/><V45/><F45/><W41/><G41/><T66/><D115/><U95/><E62/><AGARI ba="0,0" hai="36,38,53,57,62,78,83,86" m="48303,48203" machi="62" ten="30,2000,0" yaku="18,1,52,1" doraHai="54" who="3" fromWho="1" sc="244,0,249,-20,229,0,278,20" /><INIT seed="2,0,0,0,1,132" ten="244,229,229,298" oya="2" hai0="110,96,32,51,133,14,131,44,127,1,39,61,83" hai1="13,122,107,3,79,125,75,11,105,10,42,98,103" hai2="91,62,89,26,134,0,58,135,97,73,74,24,47" hai3="88,7,8,50,106,112,85,67,101,21,108,23,57" shuffle="mt19937ar,B9DA187E,1698A9CF,4D088518,6CA60E31,2A546A95,0F9E7C52,38E7EF5D,26BD2F88"/><V9/><F47/><W17/><G108/><T54/><D1/><U63/><E122/><V70/><F70/><W30/><G106/><T68/><D110/><U40/><E107/><V99/><F0/><W29/><G101/><T16/><D32/><U15/><E3/><V45/><F45/><W59/><G7/><T119/><D133/><U25/><E63/><V76/><F62/><N who="3" m="38351" /><G8/><T69/><D131/><U34/><E75/><V77/><F58/><W38/><G38/><T129/><D129/><U81/><E15/><V6/><F9/><W87/><G87/><T41/><D119/><U20/><E34/><V37/><REACH who="2" step="1"/><F6/><REACH who="2" step="2"/><W95/><G59/><T18/><D69/><U82/><E11/><V60/><F60/><W120/><G50/><T90/><D68/><U111/><E111/><V66/><F66/><W12/><G120/><T115/><D61/><U49/><E10/><V116/><F116/><W113/><G21/><T43/><D44/><U5/><E49/><V126/><F126/><W36/><G36/><AGARI ba="0,1" hai="24,26,36,37,73,74,76,77,89,91,97,99,134,135" machi="36" ten="25,12000,1" yaku="1,1,22,2,53,2" doraHai="132" doraHaiUra="130" who="2" fromWho="3" sc="244,0,229,0,219,130,298,-120" /><INIT seed="2,1,0,1,3,30" ten="244,229,349,178" oya="2" hai0="4,6,115,79,100,34,64,95,71,56,15,109,76" hai1="53,113,69,93,33,120,131,14,68,31,1,19,78" hai2="73,110,54,50,52,44,83,26,51,101,125,48,63" hai3="121,128,46,112,65,49,37,62,75,118,5,35,20" shuffle="mt19937ar,AF0D7B4D,5743C3EF,B183E158,F3C213D8,23D81335,75F3BD68,4C4456E3,ECCD4D94"/><V80/><F125/><W105/><G20/><T72/><D71/><U99/><E113/><V107/><F110/><W47/><G5/><T86/><D115/><U38/><E38/><V23/><F73/><W85/><G85/><T91/><D109/><U28/><E1/><V58/><F107/><W92/><G92/><T103/><D34/><U126/><E126/><V0/><F0/><W102/><G102/><N who="0" m="38955" /><D72/><U3/><E3/><V122/><F101/><W42/><G75/><T67/><D56/><U116/><E78/><N who="0" m="29737" /><D4/><U106/><E106/><V12/><F12/><W11/><G105/><T18/><D6/><U2/><E2/><V57/><F122/><W10/><G121/><T39/><D39/><U127/><E127/><V22/><F22/><AGARI ba="1,0" hai="15,18,22,64,67,86,91,95" m="29737,38955" machi="22" ten="30,1000,0" yaku="8,1" doraHai="30" who="0" fromWho="2" sc="244,13,229,0,349,-13,178,0" /><INIT seed="3,0,0,2,0,110" ten="257,229,336,178" oya="3" hai0="43,37,83,4,135,64,99,44,5,102,80,97,109" hai1="73,113,86,27,2,67,32,133,19,119,17,11,54" hai2="90,16,35,112,20,51,15,10,121,42,18,116,125" hai3="75,92,26,123,65,58,38,100,66,49,48,6,130" shuffle="mt19937ar,FC6A3C9B,5189F77E,424476DD,2D4A625E,C70E7CD4,3F06E549,770975EB,784503FA"/><W68/><G123/><T36/><D109/><U95/><E73/><V79/><F112/><W106/><G106/><T131/><D135/><U128/><E67/><N who="3" m="25610" /><G75/><T14/><D64/><U107/><E107/><V40/><F35/><W105/><G105/><T23/><D131/><U29/><E128/><V124/><F116/><W88/><G68/><T108/><D108/><U60/><E133/><V85/><F79/><W129/><G38/><T70/><D70/><U114/><E60/><V126/><F51/><N who="3" m="19531" /><G130/><T25/><D36/><U30/><E54/><V94/><F121/><W3/><G3/><T132/><D132/><U104/><E104/><V101/><F101/><W53/><G6/><T72/><D72/><U31/><E95/><V59/><F59/><W96/><G26/><AGARI ba="0,0" hai="10,15,16,18,20,26,40,42,85,90,94,124,125,126" machi="26" ten="40,2600,0" yaku="18,1,54,1" doraHai="110" who="2" fromWho="3" sc="257,0,229,0,336,26,178,-26" owari="257,1,229,-12,362,36,152,-25" /></mjloggm>