<mjloggm ver="2.3"><GO type="169"/><UN n0="%45%56%41%4E%53%49%55" n1="%E3%82%A2%E3%83%B3%E3%82%B3%E3%83%AD%E3%82%AD%E3%83%B3%E3%82%B0" n2="%E6%A1%9C%E4%BA%95%E3%82%A2%E3%82%BD%E3%82%B3" n3="%41%42%49%4C%49%54%59" dan="16,17,16,17" rate="2090,2138,2064,2140" sx="M,M,M,M"/><TAIKYOKU oya="0"/><INIT seed="0,0,0,4,1,39" ten="250,250,250,250" oya="0" hai0="21,60,130,22,47,56,133,11,103,30,121,82,116" hai1="92,57,110,123,72,50,104,44,38,77,76,41,95" hai2="134,84,114,35,66,108,17,29,71,12,43,98,1" hai3="97,105,119,65,19,87,107,40,88,9,5,34,58" shuffle="mt19937ar,0361787A,62BD8043,7AD8542A,6454CA5A,FBC6087C,5A1B1C8E,154AFD7C,30D4681A"/><T125/><D116/><U80/><E104/><V81/><F114/><W7/><G119/><T13/><D121/><U48/><E123/><V102/><F1/><W51/><G34/><T106/><D125/><U18/><E110/><V124/><F108/><W91/><G107/><T90/><D133/><U111/><E111/><V59/><F134/><W26/><G105/><T73/><D130/><U15/><E77/><V126/><F71/><W23/><G97/><T33/><D33/><U129/><E129/><V16/><F29/><W122/><G122/><T4/><D30/><U117/><E117/><V69/><F69/><W64/><G91/><T36/><D103/><U63/><E92/><V6/><F35/><W113/><G113/><T132/><D106/><U62/><E95/><V2/><F2/><W27/><G27/><T93/><D132/><U46/><E57/><V135/><F135/><W20/><G20/><T32/><D32/><U115/><E38/><V54/><F66/><N who="3" m="25707" /><G9/><T24/><D24/><U75/><E75/><V61/><F98/><W52/><G40/><N who="0" m="22919" /><D56/><U131/><E131/><V53/><F102/><W118/><G118/><T55/><D55/><U45/><E45/><V0/><F54/><W25/><G25/><T109/><D60/><U10/><E115/><V120/><F120/><W3/><G3/><N who="0" m="415" /><D109/><U94/><E94/><AGARI ba="0,0" hai="5,7,19,23,26,51,52,58,87,88,94" m="25707" machi="94" ten="30,3900,0" yaku="8,1,54,2" doraHai="39" who="3" fromWho="1" sc="250,0,250,-39,250,0,250,39" /><INIT seed="1,0,0,2,4,97" ten="250,211,250,289" oya="1" hai0="84,120,53,37,0,27,108,86,70,57,68,132,31" hai1="10,100,85,7,6,55,102,40,112,56,47,119,11" hai2="28,111,41,67,39,16,74,18,95,64,92,14,101" hai3="65,62,34,1,3,63,107,118,77,126,72,24,33" shuffle="mt19937ar,CBDFAA98,7106E765,F72E1918,E8CED3E1,EC4FBA0D,89473C58,85248AAA,7C9DA50E"/><U35/><E35/><V9/><F74/><W125/><G107/><T135/><D108/><U61/><E119/><V103/><F111/><W58/><G118/><T32/><D0/><U116/><E116/><V123/><F123/><W4/><G63/><T50/><D37/><U20/><E112/><V124/><F39/><W66/><G66/><N who="2" m="25129" /><F41/><W110/><G110/><T19/><D120/><U94/><E20/><V93/><F28/><W127/><G4/><N who="1" m="1578" /><E47/><V43/><F43/><W30/><REACH who="3" step="1"/><G34/><REACH who="3" step="2"/><T73/><D68/><U91/><E40/><V17/><F124/><W106/><G106/><T54/><D70/><U114/><E114/><V131/><F131/><W46/><G46/><T80/><D32/><U12/><E10/><V44/><F44/><W115/><G115/><T75/><D57/><U36/><E36/><V90/><F90/><W5/><G5/><AGARI ba="0,1" hai="5,11,12,55,56,61,85,91,94,100,102" m="1578" machi="5" ten="30,5800,0" yaku="8,1,52,2" doraHai="97" who="1" fromWho="3" sc="250,0,211,68,250,0,279,-58" /><AGARI ba="0,0" hai="5,9,14,16,17,18,92,93,95,101,103" m="25129" machi="5" ten="30,7700,0" yaku="8,1,52,2,54,1" doraHai="97" who="2" fromWho="3" sc="250,0,279,0,250,77,221,-77" /><INIT seed="1,1,0,4,2,27" ten="250,279,327,144" oya="1" hai0="87,3,37,54,131,49,11,39,5,35,117,44,23" hai1="125,118,108,89,33,46,4,32,68,84,119,95,83" hai2="29,111,28,6,30,25,15,106,2,90,78,134,45" hai3="74,100,123,80,77,81,107,133,126,69,101,53,10" shuffle="mt19937ar,29FB501F,CCE63281,2A90ACD2,EECA37D8,326BB070,63BBB2ED,29130115,8409C53E"/><U102/><E68/><V72/><F2/><W34/><G123/><T26/><D117/><U96/><E33/><V38/><F106/><W0/><G69/><T86/><D131/><U16/><E32/><V52/><F134/><W36/><G133/><T55/><D35/><U114/><E114/><V50/><F38/><W24/><G126/><T20/><D20/><U1/><E125/><V103/><F103/><W59/><G36/><T13/><D3/><U58/><E108/><V47/><F111/><W112/><G112/><T115/><D115/><U97/><E46/><V17/><F72/><W109/><G109/><T116/><D116/><U122/><E122/><V92/><F78/><W31/><G107/><T70/><D70/><U43/><E43/><V130/><F6/><W62/><REACH who="3" step="1"/><G81/><REACH who="3" step="2"/><T79/><D39/><U57/><E119/><V65/><F130/><W127/><G127/><T51/><D37/><U99/><E118/><V9/><F65/><W121/><G121/><T12/><D79/><U76/><E102/><V41/><F41/><W105/><G105/><T135/><D135/><U64/><E76/><V61/><F61/><W98/><G98/><T93/><D93/><U8/><E83/><V82/><F82/><W94/><G94/><T21/><D12/><U14/><REACH who="1" step="1"/><E64/><REACH who="1" step="2"/><V124/><F124/><W113/><G113/><T128/><D128/><U85/><E85/><N who="2" m="52303" /><F47/><W120/><G120/><T67/><D67/><U48/><E48/><V71/><F71/><W104/><G104/><T22/><D44/><U18/><E18/><V91/><F91/><W132/><G132/><RYUUKYOKU ba="1,2" sc="250,-30,269,10,327,10,134,10" hai1="1,4,8,14,16,57,58,84,89,95,96,97,99" hai2="9,15,17,25,28,29,30,45,50,52" hai3="0,10,24,31,34,53,59,62,74,77,80,100,101" /><INIT seed="1,2,2,2,4,40" ten="220,279,337,144" oya="1" hai0="107,103,36,70,71,11,98,131,58,66,10,120,135" hai1="8,61,79,89,119,134,113,7,114,0,132,31,30" hai2="44,2,126,74,109,99,82,27,125,62,75,29,16" hai3="57,53,123,104,112,133,24,20,37,1,90,129,14" shuffle="mt19937ar,467DB830,CD24DEB2,9D37B020,3BB10408,650143F9,37F1C1B1,97689C75,BBA4A249"/><U118/><E89/><V81/><F2/><W43/><G1/><T4/><D131/><U101/><E79/><V25/><F62/><W93/><G129/><T48/><D135/><N who="1" m="51755" /><E101/><V47/><F109/><W52/><G133/><T72/><D72/><U49/><E49/><V77/><F29/><N who="1" m="10761" /><E61/><V84/><F16/><W102/><G123/><T111/><D111/><U42/><E42/><V34/><F84/><W92/><G104/><T94/><D36/><U86/><E86/><V45/><F45/><W65/><G102/><T28/><D120/><U9/><E9/><V18/><F99/><W87/><G37/><T46/><D11/><U55/><E55/><V124/><F124/><W63/><G52/><T17/><D107/><U59/><E59/><V67/><F67/><W51/><G65/><T39/><D58/><U50/><E50/><V121/><F77/><W12/><G51/><T73/><D66/><U78/><E78/><V3/><F121/><W6/><G57/><T110/><D39/><U38/><E38/><V22/><F125/><W91/><G63/><T33/><D110/><U83/><E83/><V64/><F64/><W100/><G100/><T106/><D106/><U15/><E0/><V19/><F3/><W5/><G53/><T108/><D108/><U95/><E95/><V32/><F126/><W115/><G87/><T128/><D103/><U13/><E13/><V88/><F88/><W105/><G105/><T76/><D76/><U96/><E96/><V35/><F35/><W26/><G43/><T69/><D98/><U116/><AGARI ba="2,2" hai="7,8,15,113,114,116,118,119" m="10761,51755" machi="116" ten="40,7800,0" yaku="20,1,34,2" doraHai="40" who="1" fromWho="1" sc="220,-28,279,104,337,-28,144,-28" /><INIT seed="1,3,0,3,2,30" ten="192,383,309,116" oya="1" hai0="27,83,6,58,54,104,121,60,72,29,76,12,107" hai1="52,61,98,48,88,63,67,14,112,43,20,110,15" hai2="36,119,127,125,111,56,116,106,87,105,8,26,82" hai3="103,109,16,80,101,41,70,79,91,89,21,85,113" shuffle="mt19937ar,E8080CA5,C05AE933,E1591BBA,AC2942CC,CCE4FDF2,6A15CDE4,0F9788B1,40648170"/><U53/><E112/><V47/><F8/><W38/><G113/><T99/><D121/><U102/><E110/><V108/><F56/><W32/><G109/><N who="2" m="42057" /><F47/><W86/><G70/><T97/><D6/><U22/><E43/><V31/><F26/><W123/><G123/><T69/><D12/><N who="1" m="4651" /><E102/><V49/><F49/><W7/><G7/><T117/><D117/><N who="2" m="45130" /><F31/><W57/><G32/><T39/><D39/><U134/><E134/><V4/><F4/><W33/><G33/><T120/><D120/><U18/><E53/><V131/><F36/><W28/><G28/><T66/><D107/><N who="2" m="40970" /><F131/><W130/><G130/><T24/><D104/><U17/><E67/><V71/><F71/><W37/><G57/><T46/><D46/><U1/><E1/><V81/><F81/><W40/><G80/><T35/><REACH who="0" step="1"/><D27/><REACH who="0" step="2"/><U78/><E18/><V95/><F95/><W55/><G16/><T114/><D114/><U96/><E17/><V11/><F11/><W51/><G38/><T90/><D90/><AGARI ba="3,1" hai="82,87,90,125,127" m="40970,45130,42057" machi="90" ten="40,5200,0" yaku="14,1,34,2" doraHai="30" who="2" fromWho="0" sc="182,-61,383,0,309,71,116,0" /><INIT seed="2,0,0,4,3,126" ten="121,383,380,116" oya="2" hai0="35,45,19,85,53,38,31,134,132,108,91,22,56" hai1="32,57,110,9,47,69,30,33,29,72,107,17,66" hai2="8,128,116,61,86,95,106,23,65,109,133,20,4" hai3="105,27,120,70,46,39,111,24,73,92,51,2,83" shuffle="mt19937ar,78455E43,24AB706A,63205230,D78EBF93,8DA257FA,109FAC8A,510FE7B7,65E08907"/><V15/><F106/><W123/><G105/><T14/><D108/><U71/><E107/><V119/><F109/><W112/><G70/><T97/><D97/><U80/><E110/><V40/><F40/><W124/><G111/><T42/><D31/><U94/><E94/><V48/><F133/><W54/><G2/><T117/><D35/><U10/><E57/><V64/><F48/><W75/><G124/><T3/><D3/><U37/><E66/><V101/><F65/><W34/><G39/><T60/><REACH who="0" step="1"/><D117/><REACH who="0" step="2"/><U84/><E30/><V13/><F116/><W12/><G34/><T5/><D5/><U6/><E29/><V16/><F119/><W96/><G123/><T113/><D113/><U76/><E17/><V59/><F101/><W18/><G120/><T68/><D68/><U102/><E33/><V135/><F135/><W118/><G112/><T89/><D89/><U0/><E32/><V104/><F104/><W44/><G118/><T122/><D122/><U67/><E102/><V99/><F99/><W88/><G46/><T36/><D36/><U1/><E71/><V81/><F95/><AGARI ba="0,1" hai="14,19,22,38,42,45,53,56,60,85,91,95,132,134" machi="95" ten="40,1300,0" yaku="1,1,53,0" doraHai="126" doraHaiUra="121" who="0" fromWho="2" sc="111,23,383,0,380,-13,116,0" /><INIT seed="3,0,0,1,3,32" ten="134,383,367,116" oya="3" hai0="19,64,37,29,124,40,131,65,9,43,89,96,49" hai1="47,10,60,57,110,31,50,15,33,16,74,111,13" hai2="128,135,129,18,27,38,72,108,12,7,36,58,0" hai3="6,82,21,119,127,103,117,99,79,134,23,41,1" shuffle="mt19937ar,664C4A82,4DD5E0C1,0DFCA8BA,0D09DCB3,727D249B,F768C792,9AF715F6,A075F1ED"/><W28/><G127/><T102/><D37/><U30/><E74/><V34/><F72/><W85/><G134/><T81/><D124/><U115/><E115/><V120/><F135/><W42/><G117/><T113/><D113/><U52/><E15/><V73/><F73/><W87/><G119/><T25/><D131/><N who="2" m="50250" /><F108/><N who="1" m="41513" /><E33/><V66/><F120/><W20/><G28/><T121/><D121/><U76/><E76/><V98/><F98/><W78/><G1/><T133/><D133/><U69/><E69/><V122/><F122/><W3/><G3/><T14/><D43/><AGARI ba="0,0" hai="10,13,16,30,31,43,47,50,52,57,60" m="41513" machi="43" ten="30,3900,0" yaku="14,1,54,2" doraHai="32" who="1" fromWho="0" sc="134,-39,383,39,367,0,116,0" /><INIT seed="4,0,0,4,1,43" ten="95,422,367,116" oya="0" hai0="72,95,54,73,18,13,67,87,103,42,127,49,74" hai1="23,119,128,10,1,121,36,66,131,135,25,120,126" hai2="65,68,102,15,110,31,59,90,11,94,132,51,27" hai3="0,34,70,116,52,63,32,48,21,105,125,46,33" shuffle="mt19937ar,3719A218,BB64EF04,1122853E,681A2026,4A27126E,43F96CAD,F4D6FBE7,18E71219"/><T16/><D42/><U19/><E66/><V38/><F110/><W30/><G116/><T44/><D127/><U75/><E36/><V91/><F38/><W3/><G105/><T50/><D67/><U6/><E75/><V77/><F77/><W117/><G117/><T86/><D50/><U106/><E106/><V17/><F68/><W82/><G125/><T124/><D124/><U134/><E126/><V2/><F2/><W5/><G5/><T79/><D79/><U60/><E60/><V37/><F37/><W24/><G70/><T123/><D123/><N who="1" m="47179" /><E119/><V53/><F65/><W35/><N who="3" m="8704" /><DORA hai="85" /><W111/><G111/><T78/><D78/><U98/><E98/><N who="2" m="59735" /><F132/><AGARI ba="0,0" hai="1,6,10,19,23,25,128,131,132,134,135" m="47179" machi="132" ten="30,3900,0" yaku="20,1,34,2" doraHai="43,85" who="1" fromWho="2" sc="95,0,422,39,367,-39,116,0" /><INIT seed="5,0,0,2,2,72" ten="95,461,328,116" oya="1" hai0="24,133,77,61,75,107,110,0,117,109,128,26,105" hai1="30,32,7,135,127,21,93,78,11,58,97,12,49" hai2="55,9,66,62,10,95,57,56,94,116,63,42,45" hai3="33,124,71,46,59,52,132,47,50,83,112,99,64" shuffle="mt19937ar,FF6DC70A,D72506B9,4CF3FA43,A8C89A18,2D650DED,D9540DDD,44C72095,B83A26EE"/><U90/><E32/><V74/><F74/><W81/><G33/><T3/><D117/><U37/><E37/><V51/><F116/><W85/><G124/><T73/><D61/><U60/><E127/><V13/><REACH who="2" step="1"/><F10/><REACH who="2" step="2"/><W38/><G132/><T22/><D133/><U34/><E135/><V111/><F111/><W25/><G38/><T119/><D119/><U79/><E34/><V2/><F2/><W131/><G131/><T17/><D128/><U23/><E49/><V44/><F44/><W39/><G47/><T123/><D123/><U102/><E23/><V67/><F67/><W88/><G39/><T118/><D118/><U70/><E70/><V84/><F84/><W101/><G71/><T69/><D69/><U20/><E20/><V36/><F36/><W80/><G112/><T122/><D22/><U28/><E21/><V98/><F98/><W18/><G25/><T108/><D110/><U134/><E134/><V115/><F115/><W76/><G64/><T27/><D24/><U106/><E30/><V113/><F113/><W14/><G46/><T126/><D126/><U82/><E28/><V1/><F1/><W87/><G87/><T120/><D17/><AGARI ba="0,1" hai="9,13,17,42,45,51,55,56,57,62,63,66,94,95" machi="17" ten="30,3900,0" yaku="1,1,7,1,8,1,53,0" doraHai="72" doraHaiUra="121" who="2" fromWho="0" sc="95,-39,461,0,318,49,116,0" /><INIT seed="6,0,0,2,1,54" ten="56,461,367,116" oya="2" hai0="110,11,33,112,63,4,89,68,7,12,135,50,111" hai1="69,2,96,71,48,74,122,102,41,42,77,60,25" hai2="0,100,36,128,61,83,46,114,126,98,13,53,84" hai3="101,67,99,29,133,125,24,22,93,35,76,17,28" shuffle="mt19937ar,0A31E643,B30CA516,6BCBCE32,E82E9171,3A70E8A6,190FFEC7,039F440C,9F0D54EA"/><V127/><F0/><W57/><G125/><N who="2" m="47625" /><F128/><W5/><G133/><T73/><D73/><U27/><E2/><V72/><F72/><W3/><G76/><T118/><D135/><U79/><E122/><V47/><F114/><W132/><G132/><T66/><D33/><U14/><E14/><V21/><F36/><W124/><G124/><T56/><D112/><U40/><E48/><V16/><F61/><N who="3" m="38319" /><G35/><T108/><D118/><U39/><E39/><V97/><F53/><W86/><G3/><T37/><D37/><U116/><E116/><V88/><F97/><W70/><G70/><T26/><D26/><U123/><E123/><V9/><F21/><W109/><G109/><T65/><D50/><U113/><E113/><V30/><F30/><W31/><G29/><T82/><D4/><U80/><E77/><V6/><F6/><W62/><G5/><T8/><D8/><U44/><E44/><V38/><F38/><W19/><G31/><T78/><D78/><U34/><E34/><V45/><F45/><W85/><G62/><T18/><D7/><U87/><E74/><V23/><F23/><W115/><G115/><T51/><D51/><U58/><E71/><V52/><F52/><W129/><G129/><T64/><REACH who="0" step="1"/><D68/><REACH who="0" step="2"/><U103/><E69/><V104/><AGARI ba="0,1" hai="9,13,16,46,47,83,84,88,98,100,104" m="47625" machi="104" ten="30,6000,0" yaku="18,1,54,2" doraHai="54" who="2" fromWho="2" sc="46,-20,461,-20,367,70,116,-20" /><INIT seed="6,1,0,4,0,124" ten="26,441,437,96" oya="2" hai0="50,25,67,41,48,117,130,92,10,17,63,22,80" hai1="82,43,127,31,12,27,13,44,134,120,5,113,8" hai2="26,38,45,109,53,90,23,3,125,119,132,37,135" hai3="21,56,62,16,18,115,122,59,61,65,24,96,105" shuffle="mt19937ar,E0C17FE9,1DE6FD60,47048BE4,1CC0833D,9743EA03,E41C2B4C,AB0AF70A,4F562FBD"/><V47/><F125/><W34/><G122/><T110/><D110/><U64/><E127/><V72/><F3/><W78/><G34/><T108/><D108/><U101/><E120/><V29/><F109/><W104/><G78/><T1/><D117/><U30/><E101/><V128/><F119/><W91/><G115/><T100/><D41/><U84/><E113/><V19/><F72/><W123/><G123/><T75/><D130/><U126/><E126/><V76/><F76/><W99/><G18/><T0/><D0/><U54/><E64/><V87/><F128/><W52/><G99/><T68/><D75/><U58/><E13/><V55/><F45/><W35/><G35/><T85/><D100/><U32/><E134/><N who="2" m="51243" /><F19/><W51/><G51/><T116/><D92/><AGARI ba="1,0" hai="16,21,24,52,56,59,61,62,65,91,92,96,104,105" machi="92" ten="40,8000,1" yaku="25,2,54,2" doraHai="124" who="3" fromWho="0" sc="26,-83,441,0,437,0,96,83" owari="-57,-56,441,54,437,24,179,-22" /></mjloggm>