<mjloggm ver="2.3"><GO type="225"/><UN n0="%E3%83%80%E3%83%A0%E3%83%9E%E3%83%8B%E3%82%A2" n1="%E3%81%BF%E3%81%A3%E3%81%A4%E3%81%83%EF%BD%9E" n2="%E2%98%85%E3%83%A6%E3%83%94%E3%83%86%E3%83%AB%E2%98%85" n3="%E3%82%B9%E3%83%91%E3%83%BC%E3%82%AF%E3%82%B9" dan="16,17,17,16" rate="2125,2178,2079,2042" sx="M,F,M,F"/><TAIKYOKU oya="0"/><INIT seed="0,0,0,4,4,90" ten="250,250,250,250" oya="0" hai0="93,56,84,41,95,70,52,4,125,96,85,34,77" hai1="32,60,117,88,129,22,76,89,18,27,29,114,99" hai2="107,3,133,123,122,33,124,9,26,98,91,126,120" hai3="42,38,61,57,54,63,14,49,13,78,23,100,115" shuffle="mt19937ar,6C0785E2,F7D3353E,918E98F4,5497C87B,5D32E003,75EA5785,2372B897,CD03DBB9"/><T127/><D70/><U87/><E117/><V97/><F133/><W73/><G115/><T72/><D34/><U40/><E114/><V55/><F55/><W51/><G38/><T67/><D67/><U66/><E40/><V12/><F3/><W131/><G131/><T62/><D41/><U92/><E76/><V0/><F0/><W74/><G100/><T44/><D44/><U11/><E11/><V15/><F107/><W20/><G42/><T118/><D4/><U71/><E129/><V110/><F110/><W128/><G128/><T119/><D72/><U130/><E130/><V19/><F12/><W65/><G78/><T81/><D85/><U21/><REACH who="1" step="1"/><E18/><REACH who="1" step="2"/><V30/><REACH who="2" step="1"/><F91/><REACH who="2" step="2"/><W106/><G106/><T79/><D118/><U69/><E69/><V111/><F111/><W24/><G73/><T45/><D119/><U36/><E36/><V50/><F50/><W28/><G74/><T83/><D79/><U8/><E8/><V6/><F6/><W7/><G7/><T1/><D77/><U59/><E59/><V47/><F47/><W31/><G49/><T10/><D45/><U39/><E39/><V101/><F101/><W37/><G37/><T2/><D10/><U75/><E75/><V112/><F112/><W58/><G63/><T102/><D2/><U109/><E109/><V17/><F17/><W108/><G108/><T104/><D1/><U64/><E64/><V82/><F82/><AGARI ba="0,2" hai="21,22,27,29,32,60,66,71,82,87,88,89,92,99" machi="82" ten="30,7700,0" yaku="1,1,7,1,52,1,54,1,53,0" doraHai="90" doraHaiUra="46" who="1" fromWho="2" sc="250,0,240,97,240,-77,250,0" /><INIT seed="1,0,0,2,0,107" ten="250,337,163,250" oya="1" hai0="2,100,113,44,19,105,56,15,65,83,126,46,80" hai1="76,70,84,133,120,30,4,119,48,88,82,106,50" hai2="25,41,69,124,20,37,3,34,87,0,101,51,68" hai3="23,98,9,97,135,5,10,115,17,74,118,81,67" shuffle="mt19937ar,2327054A,D7C8BF16,36D25651,416C33AF,3B0BDC88,F41407B9,3D307E0B,4A3D673A"/><U93/><E70/><V12/><F124/><W103/><G115/><T73/><D2/><U31/><E106/><V122/><F122/><W59/><G118/><T127/><D113/><U1/><E120/><V116/><F116/><W66/><G135/><T108/><D105/><U53/><E133/><V38/><F101/><W43/><G43/><T94/><D100/><U39/><E39/><V130/><F130/><W104/><G97/><T96/><D108/><U109/><E109/><V42/><F87/><W95/><G104/><T27/><D27/><U33/><E119/><V11/><F34/><W129/><G129/><T61/><D83/><U85/><E33/><V21/><F51/><W55/><G81/><T58/><D58/><U18/><E50/><V125/><F11/><W28/><G28/><T52/><D65/><U63/><E63/><V32/><F32/><W60/><G74/><T78/><D94/><U131/><E131/><V24/><F12/><W6/><G10/><N who="0" m="6647" /><D96/><U102/><E102/><V57/><F57/><W13/><REACH who="3" step="1"/><G5/><REACH who="3" step="2"/><T114/><D114/><U29/><E4/><V36/><F36/><W117/><G117/><T121/><D121/><U22/><E31/><V86/><F86/><W40/><G40/><T132/><D132/><U111/><E30/><V54/><REACH who="2" step="1"/><F125/><AGARI ba="0,1" hai="44,46,52,56,61,73,78,80,125,126,127" m="6647" machi="125" ten="30,3900,0" yaku="18,1,52,1,54,1" doraHai="107" who="0" fromWho="2" sc="250,49,337,0,163,-39,240,0" /><INIT seed="2,0,0,2,4,73" ten="299,337,124,240" oya="2" hai0="84,13,31,99,110,49,65,81,1,133,129,95,112" hai1="123,7,55,105,40,27,92,119,116,46,10,120,97" hai2="114,83,104,101,135,38,121,131,78,60,106,2,85" hai3="86,8,9,42,26,132,22,24,32,16,58,52,93" shuffle="mt19937ar,81E70014,5A55782A,70270306,F030F1CC,D07ED552,019CDB97,25617697,40B1A3C6"/><V77/><F2/><W69/><G69/><T72/><D1/><U28/><E105/><V6/><F38/><W20/><G32/><T62/><D72/><U115/><E55/><V117/><F6/><W35/><G35/><T125/><D112/><U41/><E115/><V37/><F37/><W3/><G42/><T75/><D75/><U51/><E41/><V109/><F114/><W54/><G132/><T18/><D31/><U14/><E27/><V5/><F5/><W29/><G3/><T113/><D113/><U87/><E28/><V25/><F135/><W56/><G56/><T70/><D133/><U45/><E45/><V126/><F117/><W80/><G93/><T98/><D129/><U124/><E124/><V82/><F131/><W19/><G29/><T44/><D95/><U88/><REACH who="1" step="1"/><E97/><REACH who="1" step="2"/><V36/><F126/><W53/><REACH who="3" step="1"/><G58/><REACH who="3" step="2"/><T47/><D125/><U0/><E0/><V4/><F106/><W96/><G96/><T89/><D98/><U17/><E17/><V108/><F104/><W107/><G107/><T12/><D99/><U134/><E134/><V102/><F121/><AGARI ba="0,2" hai="7,10,14,40,46,51,87,88,92,116,119,120,121,123" machi="121" ten="40,8000,1" yaku="1,1,13,1,54,1,53,1" doraHai="73" doraHaiUra="11" who="1" fromWho="2" sc="299,0,327,100,124,-80,230,0" /><INIT seed="3,0,0,3,3,89" ten="299,427,44,230" oya="3" hai0="26,38,115,72,49,95,133,56,108,83,22,63,101" hai1="107,48,32,117,113,98,119,68,76,29,104,122,77" hai2="92,4,102,34,43,123,53,6,96,14,0,66,41" hai3="3,75,112,9,85,127,86,16,120,2,74,28,46" shuffle="mt19937ar,CB26E2BF,76DEE3C9,993827E7,8ABE048F,B13F1603,41403A57,A201C28C,49953CDA"/><W116/><G116/><N who="1" m="44618" /><E68/><V106/><F34/><W39/><G120/><T61/><D38/><U109/><E122/><V58/><F123/><W91/><G112/><T33/><D33/><U70/><E70/><V82/><F0/><W13/><G85/><T87/><D72/><U130/><E113/><V1/><F1/><W36/><G127/><T8/><D8/><U47/><E109/><V124/><F106/><N who="1" m="40489" /><E98/><V54/><F124/><W103/><G103/><T99/><D108/><U69/><E69/><V125/><F125/><W50/><G2/><T88/><D133/><U35/><E130/><V126/><F126/><W64/><G64/><T55/><D115/><U15/><E15/><V37/><F37/><W71/><G71/><T105/><D105/><U10/><E10/><V97/><F82/><W27/><G3/><T132/><D132/><U114/><E114/><V30/><F30/><AGARI ba="0,0" hai="22,26,30,49,55,56,61,63,83,87,88,95,99,101" machi="30" ten="30,7700,0" yaku="7,1,8,1,52,1,54,1" doraHai="89" who="0" fromWho="2" sc="299,77,427,0,44,-77,230,0" owari="376,13,427,42,-33,-43,230,-12" /></mjloggm>