<mjloggm ver="2.3"><GO type="225"/><UN n0="%E3%81%BF%E3%81%A3%E3%81%A4%E3%81%83%EF%BD%9E" n1="%E3%82%AF%E3%83%AB%E3%83%AB%E2%98%86" n2="%E3%83%9B%E3%83%AA%E3%83%B1%E3%83%95%E3%83%9F%E3%82%AA" n3="%E9%9B%81%E7%BA%8F" dan="17,16,16,16" rate="2147,2076,2086,2060" sx="F,F,M,M"/><TAIKYOKU oya="0"/><INIT seed="0,0,0,2,2,110" ten="250,250,250,250" oya="0" hai0="30,94,81,134,99,25,20,7,114,18,97,61,109" hai1="47,43,119,85,22,106,131,96,101,59,2,10,62" hai2="54,51,77,31,122,34,126,69,37,89,0,135,36" hai3="63,6,52,28,16,45,75,76,84,64,108,3,100" shuffle="mt19937ar,089C3C80,D2D52F4F,B25BBEC0,FE4BDDDE,00B495FE,9BB0BFEB,49A5BFA5,DC5B7D2D"/><T23/><D109/><U66/><E119/><V124/><F122/><W50/><G108/><T40/><D134/><U82/><E131/><V60/><F0/><W41/><G28/><T86/><D40/><U127/><E127/><N who="2" m="48683" /><F135/><W120/><G120/><T56/><D7/><U68/><E68/><V9/><F77/><W15/><G75/><T13/><D94/><U33/><E33/><V55/><F9/><W65/><G100/><T133/><D133/><U32/><E32/><V112/><F112/><W11/><G76/><N who="0" m="46375" /><D114/><U58/><E58/><N who="2" m="34903" /><F69/><W116/><G116/><T118/><D118/><U132/><E132/><V74/><F74/><W91/><G63/><T5/><D5/><U27/><E2/><V87/><F31/><W49/><G6/><T24/><D13/><U103/><E10/><V107/><F107/><W104/><G104/><T26/><D26/><U57/><E57/><N who="2" m="33023" /><F34/><W35/><G35/><T19/><D30/><U88/><E103/><V115/><F115/><W4/><G4/><T83/><D83/><AGARI ba="0,0" hai="36,37,83,87,89" m="33023,34903,48683" machi="83" ten="30,1000,0" yaku="18,1" doraHai="110" who="2" fromWho="0" sc="250,-10,250,0,250,10,250,0" /><INIT seed="1,0,0,4,5,82" ten="240,250,260,250" oya="1" hai0="67,33,61,74,72,23,118,12,32,40,34,91,90" hai1="73,42,89,81,98,62,52,50,53,125,29,13,129" hai2="1,69,75,59,100,57,87,25,2,124,16,132,24" hai3="43,3,102,122,121,112,46,107,96,97,66,64,55" shuffle="mt19937ar,25AD19FB,F3632861,AE1AB6AF,A84FE49D,641DF41E,F4331FC6,3805B3EB,3E0F9E68"/><U119/><E119/><V48/><F75/><W11/><G112/><T14/><D40/><U71/><E125/><V108/><F69/><W80/><G55/><T93/><D91/><U7/><E129/><V44/><F124/><W60/><G64/><T79/><D118/><U38/><E29/><V85/><F100/><W17/><G97/><T35/><N who="0" m="8192" /><DORA hai="130" /><T110/><D110/><U0/><E0/><V126/><F126/><W106/><G106/><T41/><D41/><U26/><E26/><N who="2" m="10347" /><F1/><W135/><G80/><T92/><D92/><U117/><E117/><V39/><F2/><W15/><G3/><T111/><D111/><U37/><E73/><V4/><F4/><W63/><G63/><T83/><D23/><U56/><E42/><N who="2" m="24599" /><F39/><W5/><G5/><T58/><REACH who="0" step="1"/><D74/><REACH who="0" step="2"/><U51/><E89/><V78/><F108/><W120/><G120/><T70/><D70/><U30/><E71/><V45/><F87/><AGARI ba="0,1" hai="12,14,58,61,67,72,79,83,87,90,93" m="8192" machi="87" ten="70,4500,0" yaku="1,1,52,1,53,0" doraHai="82,130" doraHaiUra="127,109" who="0" fromWho="2" sc="230,55,250,0,260,-45,250,0" /><INIT seed="2,0,0,0,3,90" ten="285,250,215,250" oya="2" hai0="7,0,81,43,87,129,33,94,113,62,107,89,77" hai1="88,109,26,122,78,41,116,53,58,1,27,66,44" hai2="115,25,30,34,86,23,32,9,118,8,12,121,73" hai3="3,16,99,54,46,125,45,76,10,22,50,61,102" shuffle="mt19937ar,DEBC41BE,DC2FD26B,FA168E58,9A921CF7,38B4AF24,CC15ECA5,1EB5774E,D88C4868"/><V85/><F73/><W55/><G125/><T13/><D33/><U5/><E116/><V126/><F121/><W6/><G76/><T11/><D107/><U131/><E78/><V63/><F118/><W101/><G61/><T39/><D113/><U69/><E122/><V123/><F123/><W28/><G28/><T38/><D129/><U24/><E131/><V91/><F115/><W80/><G80/><T51/><D0/><U117/><E117/><V103/><F103/><W106/><G102/><T134/><D62/><U56/><E109/><V20/><F34/><W71/><G71/><T35/><D35/><U108/><E108/><V67/><F86/><W14/><REACH who="3" step="1"/><G46/><REACH who="3" step="2"/><N who="0" m="26079" /><D134/><U127/><E127/><V42/><F126/><W15/><G15/><T96/><AGARI ba="0,1" hai="7,11,13,38,39,77,81,87,89,94,96" m="26079" machi="96" ten="30,2000,0" yaku="25,1,52,1" doraHai="90" who="0" fromWho="0" sc="285,30,250,-5,215,-10,240,-5" /><INIT seed="3,0,0,5,1,24" ten="315,245,205,235" oya="3" hai0="133,67,98,94,38,71,109,57,35,81,54,27,48" hai1="29,110,123,22,134,60,33,104,66,34,80,20,0" hai2="5,90,113,124,45,61,75,8,26,41,100,82,74" hai3="42,106,85,125,86,93,122,103,3,69,36,50,6" shuffle="mt19937ar,F5DF7A55,755C12D8,1B5E7316,57E2D54B,D17B58AD,51B797B4,A263C64F,C681AE71"/><W2/><G122/><T52/><D38/><U116/><E104/><V11/><F113/><W1/><G36/><T16/><D35/><U23/><E0/><V58/><F124/><W56/><G69/><T120/><D120/><U128/><E123/><V40/><F100/><W102/><G6/><T47/><D71/><U132/><E110/><V70/><F70/><W13/><G106/><T135/><D67/><U18/><E18/><V49/><F40/><W111/><G125/><T97/><D109/><U73/><E128/><V15/><F11/><W72/><G72/><T96/><D81/><U44/><E44/><V21/><F90/><W83/><G13/><T89/><D135/><N who="1" m="51755" /><E116/><V92/><F92/><W114/><G114/><T28/><D28/><U10/><E10/><V68/><F82/><W131/><G131/><T91/><D91/><U64/><E29/><V130/><F68/><W9/><G9/><T108/><D108/><U88/><E60/><V127/><F130/><W17/><G17/><T63/><D133/><U12/><E12/><V30/><F127/><W107/><G107/><T4/><D4/><U32/><E73/><V129/><F129/><W25/><G25/><T105/><D105/><U55/><E55/><V112/><F112/><W77/><G111/><T37/><D37/><U62/><E62/><V101/><REACH who="2" step="1"/><F101/><REACH who="2" step="2"/><W119/><G103/><T95/><D89/><U121/><E121/><V118/><F118/><W31/><G119/><T78/><D78/><U46/><E80/><V115/><F115/><W19/><G102/><N who="0" m="60695" /><D95/><U126/><E126/><V76/><F76/><RYUUKYOKU ba="0,1" sc="315,15,245,-15,195,15,235,-15" hai0="16,27,47,48,52,54,57,63,97,98" hai2="5,8,15,21,26,30,41,45,49,58,61,74,75" owari="340,34,230,-2,210,-19,220,-13" /></mjloggm>