<mjloggm ver="2.3"><GO type="185"/><UN n0="%E3%81%9F%E3%82%80%E3%81%A8%E3%83%BC" n1="%E3%81%AA%E3%83%BC%E3%81%8B%E3%82%80" n2="%E4%B8%89%E7%94%B0%E6%9D%91%E8%8C%9C" n3="" dan="16,16,17,0" rate="2103,2088,2210,1500" sx="M,M,F,C"/><TAIKYOKU oya="0"/><INIT seed="0,0,0,2,0,102" ten="350,350,350,0" oya="0" hai0="32,87,103,120,92,75,53,38,44,1,67,50,96" hai1="132,106,124,104,48,113,82,90,45,89,65,49,110" hai2="70,130,78,112,91,93,64,37,128,43,58,95,125" hai3="" shuffle="mt19937ar,C9DC7EC7,22635295,4CCC2E1F,FA91B197,6930DBD9,8DD8C5ED,05D169EC,09724C47"/><T42/><D75/><U126/><E65/><V33/><F70/><T2/><D32/><U80/><E45/><V117/><F78/><T72/><D72/><U47/><E47/><V40/><F117/><T74/><D74/><U131/><E131/><V123/><N who="2" m="31520" /><V115/><F64/><T52/><N who="0" m="30752" /><T84/><D67/><U114/><E110/><V46/><F33/><T34/><D34/><U55/><E55/><V100/><F100/><T108/><D108/><U118/><E132/><V81/><F125/><T69/><D69/><U35/><E35/><V61/><F43/><T105/><D53/><U63/><E63/><V68/><F68/><T134/><D134/><U3/><E118/><V54/><F130/><T77/><D77/><U36/><E36/><V133/><F133/><T135/><D135/><U66/><E66/><V111/><F111/><T119/><D119/><U51/><E51/><V88/><F128/><T76/><D76/><U41/><E41/><V109/><F109/><T122/><N who="0" m="31264" /><T127/><D127/><U62/><E62/><V97/><F61/><T60/><D60/><U85/><E3/><V86/><F54/><T129/><D129/><U83/><E83/><V0/><F81/><T98/><D1/><RYUUKYOKU ba="0,0" sc="350,-10,350,20,350,-10,0,0" hai1="48,49,80,82,85,89,90,104,106,113,114,124,126" /><INIT seed="1,1,0,3,2,36" ten="340,370,340,0" oya="1" hai0="108,55,95,107,49,48,67,129,60,62,124,46,71" hai1="44,50,43,58,97,126,0,125,120,63,93,45,3" hai2="70,64,85,59,77,100,65,114,82,101,109,35,128" hai3="" shuffle="mt19937ar,11B4E1E7,3AFC07A5,B6259D2A,0A363E66,261D766B,99839F76,EB8BEED6,DD6C9F25"/><U106/><N who="1" m="30752" /><U2/><E106/><V96/><F109/><T111/><D107/><U40/><E58/><V38/><F114/><T32/><D32/><U54/><E54/><V94/><F70/><T39/><D95/><U133/><E63/><V131/><F38/><T110/><D129/><N who="2" m="49738" /><F35/><T134/><D134/><U89/><REACH who="1" step="1"/><E133/><REACH who="1" step="2"/><V112/><F112/><T74/><D60/><U72/><E72/><V47/><F59/><T123/><D74/><U91/><E91/><V57/><F57/><T132/><D132/><U1/><N who="1" m="512" /><DORA hai="103" /><U37/><AGARI ba="1,1" hai="37,40,43,44,45,50,89,93,97,125,126" m="512,30752" machi="37" ten="60,12000,2" yaku="1,1,4,1,0,1,52,3,53,1" doraHai="36,103" doraHaiUra="86,83" who="1" fromWho="1" sc="340,-61,360,132,340,-61,0,0" /><INIT seed="1,2,0,4,2,90" ten="279,492,279,0" oya="1" hai0="81,69,126,89,131,50,130,64,41,42,70,79,51" hai1="82,134,123,105,71,87,33,3,124,110,98,1,111" hai2="34,46,119,32,96,68,59,58,106,95,101,48,40" hai3="" shuffle="mt19937ar,41C4B245,AD8FB273,B0D3970C,BC573819,E477CA78,7B6940F5,CADDB1FB,A8A1448F"/><U43/><N who="1" m="31520" /><U85/><E33/><V104/><F119/><T75/><D126/><U57/><E71/><V67/><F68/><T77/><D89/><U133/><E43/><V128/><F128/><T121/><N who="0" m="31008" /><T44/><D64/><U84/><E57/><V112/><F112/><T54/><D79/><U93/><E105/><V129/><F129/><N who="0" m="49162" /><D42/><U116/><E116/><V56/><REACH who="2" step="1"/><F67/><REACH who="2" step="2"/><T66/><D66/><U62/><E82/><V100/><F100/><T115/><D115/><U122/><N who="1" m="31264" /><U102/><E124/><V91/><F91/><T78/><D78/><U86/><E62/><V127/><F127/><T49/><D70/><U60/><N who="1" m="22016" /><DORA hai="114" /><U55/><E60/><V118/><F118/><T103/><D69/><U63/><E63/><V53/><F53/><T76/><D76/><U38/><E55/><V117/><F117/><T88/><D88/><U120/><N who="1" m="30752" /><U97/><E102/><V39/><F39/><T125/><D125/><U72/><E38/><V35/><AGARI ba="2,1" hai="32,34,35,40,46,48,56,58,59,95,96,101,104,106" machi="35" ten="40,6000,1" yaku="1,1,0,1,52,1,53,1" doraHai="90,114" doraHaiUra="47,73" who="2" fromWho="2" sc="279,-22,492,-42,269,74,0,0" /><INIT seed="2,0,0,5,3,114" ten="257,450,343,0" oya="2" hai0="132,87,59,77,130,2,107,113,120,89,106,79,127" hai1="36,133,43,126,49,91,57,39,99,90,70,115,44" hai2="33,72,105,48,60,80,85,96,73,78,112,76,128" hai3="" shuffle="mt19937ar,6D1FED82,291DCFFD,716C9941,00A46CB6,3BAD6E82,C0F45188,B77F7224,A15468EF"/><V65/><F33/><T66/><D2/><U38/><E115/><V84/><F112/><T125/><N who="0" m="30752" /><T122/><N who="0" m="31264" /><T111/><D113/><U135/><E70/><V52/><F128/><T62/><D130/><U1/><E1/><V37/><F37/><T53/><D111/><U92/><E126/><N who="0" m="48137" /><D132/><N who="1" m="50763" /><E91/><V104/><F104/><N who="0" m="39978" /><D66/><U68/><E68/><V124/><F124/><T54/><D54/><AGARI ba="0,0" hai="36,38,39,43,44,49,54,57,90,92,99" m="50763" machi="54" ten="30,1000,0" yaku="20,1" doraHai="114" who="1" fromWho="0" sc="257,-10,450,10,343,0,0,0" /><INIT seed="4,0,0,1,0,135" ten="247,460,343,0" oya="0" hai0="78,111,115,121,60,93,109,107,71,97,80,86,122" hai1="49,124,54,73,66,76,106,38,43,118,47,34,52" hai2="96,105,56,48,61,45,35,74,108,84,126,57,98" hai3="" shuffle="mt19937ar,02D3F1FD,C3E4BD73,DFABE5DD,B839BCB3,1E8C0106,6A994C93,5442C428,5A53408C"/><T95/><N who="0" m="31008" /><T90/><N who="0" m="31264" /><T69/><D115/><U88/><E106/><V63/><F74/><T46/><D46/><U123/><N who="1" m="31520" /><U89/><E34/><V103/><F108/><N who="0" m="41546" /><D60/><U99/><E118/><V82/><F98/><T100/><D93/><U72/><E66/><V40/><F35/><T104/><D104/><U132/><E132/><V83/><F83/><T64/><D64/><U41/><E47/><V1/><F1/><T53/><D53/><U79/><E49/><V91/><F63/><T75/><AGARI ba="0,0" hai="69,71,75,78,80,86,90,95,97,100,107" m="41546,31264,31008" machi="75" ten="30,7800,0" yaku="24,1,10,1,52,2" doraHai="135" who="0" fromWho="0" sc="247,78,460,-39,343,-39,0,0" /><INIT seed="4,1,0,3,1,118" ten="325,421,304,0" oya="0" hai0="86,73,102,68,38,37,61,46,55,92,33,51,107" hai1="77,128,131,122,79,110,47,71,129,58,108,40,111" hai2="93,132,90,54,105,91,134,82,130,119,64,76,112" hai3="" shuffle="mt19937ar,B5CA0590,C845FEAF,729B687E,41B8B994,F3009761,5C982B59,72DBA1E5,3D7650DE"/><T0/><D0/><U78/><N who="1" m="31264" /><U96/><E58/><V109/><F119/><T36/><D33/><U57/><E57/><V103/><F109/><T94/><D73/><U95/><E71/><V124/><F64/><T123/><N who="0" m="31520" /><T65/><REACH who="0" step="1"/><D86/><REACH who="0" step="2"/><U115/><E115/><V121/><N who="2" m="31008" /><V120/><N who="2" m="30752" /><V1/><F1/><T88/><D88/><U133/><E133/><V100/><F112/><T43/><D43/><U67/><E67/><V63/><F91/><T97/><AGARI ba="1,1" hai="36,37,38,46,51,55,61,65,68,92,94,97,102,107" m="31520" machi="97" ten="40,8000,1" yaku="1,1,0,1,52,2,53,0" doraHai="118" doraHaiUra="80" who="0" fromWho="0" sc="315,92,421,-41,304,-41,0,0" /><INIT seed="4,2,0,1,3,82" ten="407,380,263,0" oya="0" hai0="92,40,110,47,74,81,95,91,38,79,33,67,120" hai1="56,124,2,36,106,102,61,117,127,131,98,68,62" hai2="60,50,113,118,125,42,134,45,49,52,132,43,53" hai3="" shuffle="mt19937ar,08F0639F,546DC71A,ABEC69A9,A6436730,3DD96093,95EDDC0B,DE465DC0,64B79954"/><T119/><D33/><U48/><E36/><V35/><F35/><T39/><D119/><U51/><E2/><V84/><F118/><T108/><N who="0" m="30752" /><T101/><D67/><U32/><E131/><V88/><F113/><T114/><D114/><U83/><E32/><V44/><F60/><T122/><N who="0" m="31264" /><T112/><D112/><U116/><E62/><V135/><REACH who="2" step="1"/><F125/><REACH who="2" step="2"/><N who="1" m="48201" /><E68/><V77/><F77/><T109/><D109/><U123/><N who="1" m="31520" /><U34/><E34/><V96/><F96/><T3/><D110/><U75/><E117/><V58/><F58/><T70/><D108/><U80/><E116/><V71/><F71/><T104/><D70/><U128/><E56/><V1/><F1/><T89/><D3/><U130/><E61/><V78/><F78/><T90/><REACH who="0" step="1"/><D38/><REACH who="0" step="2"/><U121/><E121/><V133/><N who="2" m="33792" /><DORA hai="111" /><V64/><F64/><T76/><D76/><U93/><E51/><V100/><F100/><T37/><D37/><U85/><E48/><V57/><F57/><T86/><D86/><U69/><E69/><V87/><F87/><T63/><D63/><U55/><E85/><V103/><F103/><T129/><D129/><U73/><E128/><V54/><F54/><T94/><D94/><AGARI ba="2,2" hai="42,43,44,45,49,50,52,53,84,88,94" m="33792" machi="94" ten="70,16000,3" yaku="1,1,9,1,20,1,52,1,54,2,53,4" doraHai="82,111" doraHaiUra="46,41" who="2" fromWho="0" sc="397,-164,380,0,253,184,0,0" /><INIT seed="5,0,0,1,3,109" ten="233,380,437,0" oya="1" hai0="77,135,84,130,112,114,103,93,68,50,123,133,110" hai1="86,54,59,105,48,64,121,108,69,71,104,55,91" hai2="34,126,40,87,62,124,66,75,94,38,73,76,129" hai3="" shuffle="mt19937ar,8F702865,8A62C3C0,F9C265FC,2A5CD93E,F4ED6866,0ED8B22C,1474D798,BFEF933C"/><U113/><N who="1" m="31008" /><U60/><E108/><V97/><F34/><T120/><N who="0" m="30752" /><T2/><N who="0" m="31520" /><T78/><D2/><U101/><E113/><N who="0" m="43625" /><D68/><U106/><E54/><V37/><F87/><T85/><D110/><U90/><E90/><V115/><F76/><N who="0" m="29290" /><D130/><U83/><REACH who="1" step="1"/><E71/><REACH who="1" step="2"/><V102/><F115/><T44/><D103/><AGARI ba="0,1" hai="48,55,59,60,64,69,83,86,91,101,103,104,105,106" m="31008" machi="103" ten="40,7700,0" yaku="1,1,2,1,52,1,53,0" doraHai="109" doraHaiUra="134" who="1" fromWho="0" sc="233,-77,370,87,437,0,0,0" /><INIT seed="5,1,0,1,5,44" ten="156,457,437,0" oya="1" hai0="101,39,66,118,56,53,1,83,134,68,80,120,3" hai1="114,87,35,52,40,129,38,64,75,122,36,33,90" hai2="109,45,111,89,125,119,113,123,79,69,82,50,49" hai3="" shuffle="mt19937ar,8CBE7803,1B8A2F63,86D60CF2,0D4CECF7,2283308A,E1D4DAC8,A5E9B9B4,A6EECD8F"/><U70/><N who="1" m="31264" /><U130/><E75/><V58/><N who="2" m="31520" /><V55/><F119/><T0/><N who="0" m="30752" /><T104/><D118/><U74/><E74/><V72/><F113/><T41/><D134/><U63/><E114/><V54/><F125/><T34/><D34/><U62/><E35/><V105/><F105/><T46/><D104/><U73/><E73/><V47/><F69/><T57/><D101/><U107/><E107/><V60/><REACH who="2" step="1"/><F89/><REACH who="2" step="2"/><T65/><D68/><U76/><E33/><V115/><F115/><T42/><D0/><U112/><E112/><V124/><F124/><T127/><D127/><U95/><E76/><V77/><F77/><T48/><D1/><U102/><E102/><V132/><F132/><T61/><D3/><U108/><E108/><V97/><F97/><T78/><D78/><U94/><E90/><V51/><F51/><T32/><D32/><U37/><E37/><V110/><F110/><T131/><D39/><U92/><E36/><V67/><AGARI ba="1,1" hai="45,47,49,50,54,55,58,60,67,72,79,82,109,111" m="31520" machi="67" ten="20,9000,2" yaku="1,1,0,1,7,1,9,1,52,3,53,0" doraHai="44" doraHaiUra="71" who="2" fromWho="2" sc="156,-31,457,-61,427,102,0,0" /><INIT seed="6,0,0,5,4,63" ten="125,396,529,0" oya="2" hai0="56,110,65,126,105,109,74,85,135,48,39,35,83" hai1="68,60,36,122,131,128,100,76,88,124,52,107,51" hai2="0,40,111,46,106,127,55,112,1,2,64,75,32" hai3="" shuffle="mt19937ar,43DDDEB2,1A8E1C66,C2EA944F,FFAD0BC1,3AD7158C,6240E510,678420B8,D9B399E6"/><V43/><F32/><T121/><D48/><U34/><N who="1" m="31264" /><U97/><E36/><V41/><F111/><T123/><D56/><U72/><E34/><V53/><F106/><T125/><D65/><U33/><E33/><V98/><F75/><T99/><D85/><U118/><E118/><V116/><F116/><T82/><D99/><U134/><E134/><V81/><F112/><T89/><D89/><U84/><E124/><V104/><F64/><T86/><D86/><U45/><E60/><V67/><F67/><T119/><D83/><U79/><E68/><V59/><F127/><T37/><D82/><U3/><E3/><V61/><F81/><T66/><D66/><U69/><E69/><V77/><F77/><T70/><D39/><U117/><E117/><V78/><F78/><T92/><D92/><U115/><E72/><V57/><F61/><T54/><D54/><U90/><E90/><V108/><F55/><T103/><D103/><U47/><E47/><V91/><F46/><T130/><N who="0" m="31008" /><T93/><D93/><U58/><E45/><V50/><F53/><T133/><D133/><U120/><N who="1" m="30752" /><U71/><E79/><V113/><F91/><T44/><D125/><U38/><E76/><V132/><F108/><RYUUKYOKU ba="0,0" sc="125,0,396,0,529,0,0,0" owari="125,-47,396,0,529,47,0,0" /></mjloggm>