<mjloggm ver="2.3"><GO type="225"/><UN n0="%E6%B7%B1%E5%A4%9C%E3%81%AE%E5%AE%B4" n1="%E4%B8%80%E6%96%B9%E9%80%9A%E8%A1%8C" n2="%E9%95%B7%E5%B2%A1%E5%A4%A7%E6%98%8E%E7%A5%9E" n3="%E8%80%81%E9%A6%AC" dan="16,16,16,16" rate="2054,2057,2074,2015" sx="M,M,F,M"/><TAIKYOKU oya="0"/><INIT seed="0,0,0,1,5,122" ten="250,250,250,250" oya="0" hai0="103,82,36,66,71,51,29,64,131,110,121,133,9" hai1="47,116,11,10,113,93,117,5,50,24,85,118,91" hai2="109,129,87,48,63,83,20,94,105,81,127,8,135" hai3="77,120,31,19,61,1,35,25,3,84,99,28,39" shuffle="mt19937ar,E0474ACF,14D18D0E,33A6BFFB,BF4F3F06,044BE234,30230B76,C6FB210C,F7480417"/><T6/><D121/><U46/><E113/><V7/><F105/><W102/><G120/><T59/><D36/><U57/><E24/><V123/><F123/><W104/><G39/><T32/><D131/><U114/><E114/><V134/><F129/><W4/><G31/><T115/><D115/><U27/><E27/><V69/><F127/><W97/><G97/><T16/><D32/><U75/><E75/><V62/><F48/><W111/><G19/><T101/><D29/><U37/><E37/><V78/><F20/><W80/><G4/><T128/><D71/><U70/><E70/><V88/><F109/><W67/><REACH who="3" step="1"/><G111/><REACH who="3" step="2"/><T72/><D110/><U106/><E5/><V55/><F135/><W132/><G132/><T0/><D133/><U2/><E117/><V125/><F134/><W41/><G41/><T53/><D128/><U13/><E118/><V34/><F7/><W22/><G22/><T68/><D16/><U65/><E116/><V126/><F34/><W119/><G119/><T112/><D112/><U42/><E42/><V17/><F126/><W21/><G21/><T108/><D108/><U130/><E130/><V98/><F125/><W49/><G49/><T60/><D6/><U52/><E50/><V89/><F17/><W43/><G43/><T15/><D51/><U86/><E11/><V40/><F8/><W33/><G33/><T30/><D9/><U56/><E10/><V100/><F40/><W54/><G54/><T107/><D30/><U23/><E23/><V79/><F55/><W12/><G12/><T18/><D53/><U90/><E52/><RYUUKYOKU ba="0,1" sc="250,-10,250,-10,250,-10,240,30" hai3="1,3,25,28,35,61,67,77,80,84,99,102,104" /><INIT seed="1,1,1,5,3,123" ten="240,240,240,270" oya="1" hai0="95,3,0,74,41,80,10,110,76,34,93,46,53" hai1="30,58,87,124,27,17,6,131,65,22,111,114,1" hai2="129,101,45,128,82,19,37,115,8,15,121,40,85" hai3="83,5,135,134,21,119,14,133,71,50,25,29,4" shuffle="mt19937ar,FE1C3AED,7C326DDE,32B874FF,427C92CA,D43DABE4,69571472,04ADB923,855880D2"/><U13/><E114/><V38/><F121/><W67/><G119/><T109/><D34/><U63/><E124/><V117/><F115/><W113/><G113/><T122/><D53/><U116/><E116/><V104/><F117/><W70/><G50/><N who="0" m="26959" /><D122/><U23/><E131/><N who="2" m="50251" /><F101/><W28/><G28/><T120/><D120/><U12/><E87/><V90/><F104/><W11/><G5/><N who="0" m="1319" /><D3/><U18/><E1/><V47/><F47/><W54/><G54/><T39/><D39/><AGARI ba="1,1" hai="8,15,19,37,38,39,40,45,82,85,90" m="50251" machi="39" ten="30,1000,0" yaku="19,1" doraHai="123" who="2" fromWho="0" sc="240,-13,240,0,240,23,270,0" /><INIT seed="2,0,0,0,2,92" ten="227,240,263,270" oya="2" hai0="27,0,17,121,115,116,90,28,21,25,46,127,10" hai1="98,77,56,39,20,71,125,84,110,55,6,132,128" hai2="33,44,120,86,63,80,5,105,75,114,100,123,126" hai3="57,104,8,38,101,111,134,12,68,64,99,76,14" shuffle="mt19937ar,C9F629D4,FE45A5D2,1C4C8B1C,AFC3FC7C,894AA83F,4CEF2065,DDE71798,A1017F4A"/><V41/><F33/><W91/><G38/><T1/><D115/><U108/><E71/><V4/><F114/><W106/><G106/><T11/><D121/><U94/><E39/><V40/><F75/><W113/><G113/><T50/><D116/><U7/><E128/><V23/><F126/><W97/><G68/><T59/><D127/><U52/><E125/><V70/><F100/><W135/><G76/><T82/><D59/><U103/><E132/><N who="3" m="50730" /><G111/><N who="1" m="42538" /><E20/><V48/><F105/><W119/><G119/><T47/><D28/><U85/><E55/><V51/><F23/><W13/><G8/><T117/><D117/><U93/><E93/><V31/><F70/><W35/><G35/><T65/><D21/><U81/><E85/><V60/><F86/><W37/><G37/><T30/><D30/><U3/><E3/><V133/><F133/><W102/><G91/><T83/><D90/><U49/><AGARI ba="0,0" hai="6,7,49,52,56,77,81,84,94,98,103" m="42538" machi="49" ten="30,4000,0" yaku="14,1,52,1,54,1" doraHai="92" who="1" fromWho="1" sc="227,-10,240,40,263,-20,270,-10" /><INIT seed="3,0,0,5,4,60" ten="217,280,243,260" oya="3" hai0="127,32,130,132,57,70,76,110,5,101,69,104,67" hai1="131,84,83,22,37,79,112,48,55,38,100,63,29" hai2="135,86,105,114,111,9,97,27,54,12,102,107,113" hai3="78,52,126,124,28,87,49,75,0,61,7,26,3" shuffle="mt19937ar,7DCD5128,795C7D56,B29C21C0,7026DEE8,7C5584C9,C8659B0B,1F3B3843,68BE0C1F"/><W129/><G75/><T64/><D32/><U13/><E112/><V103/><F135/><W62/><G129/><T25/><D25/><N who="1" m="16567" /><E38/><V119/><F111/><W122/><G122/><T53/><D76/><U33/><E37/><V19/><F119/><W95/><G62/><N who="0" m="36143" /><D5/><U41/><E33/><V16/><F86/><W10/><G61/><T43/><D104/><U92/><E63/><V40/><F40/><W42/><G42/><T66/><D101/><U116/><E116/><V45/><F45/><W82/><G95/><T115/><D43/><U30/><E41/><V15/><F27/><W96/><G96/><T18/><D18/><U74/><E74/><V85/><F85/><W106/><G106/><T56/><D110/><U109/><E109/><V90/><F54/><W128/><G128/><T93/><D130/><U6/><E30/><V58/><F58/><W31/><G3/><T91/><D56/><N who="1" m="32871" /><E131/><V80/><F114/><W72/><G72/><T20/><D115/><U73/><E73/><V2/><F113/><W8/><G31/><T21/><D132/><U59/><E59/><V46/><F46/><W120/><G120/><T98/><D70/><U35/><E35/><V17/><F2/><W99/><G0/><T77/><D69/><U23/><E6/><V89/><F107/><W11/><G7/><T14/><D14/><U117/><E117/><V34/><F105/><W65/><G11/><T125/><D77/><U81/><E13/><N who="2" m="5195" /><F9/><W123/><G10/><T36/><D36/><U108/><E108/><V134/><F134/><W94/><G8/><T50/><D50/><RYUUKYOKU ba="0,0" sc="217,30,280,-10,243,-10,260,-10" hai0="20,21,64,66,67,91,93,98,125,127" /><INIT seed="4,1,0,5,0,97" ten="247,270,233,250" oya="0" hai0="127,8,112,99,96,25,88,17,56,38,128,84,9" hai1="123,110,130,12,0,76,120,125,54,106,93,102,118" hai2="48,114,69,86,62,131,18,135,104,113,89,29,60" hai3="87,90,36,7,101,16,65,39,66,15,43,100,55" shuffle="mt19937ar,889898A6,137F2B55,9B17BE77,BDB28E7D,EE6FA4F8,9A298874,0D7E554E,11D09DFE"/><T23/><D38/><U68/><E0/><V14/><F104/><W31/><G7/><T85/><D128/><U59/><E68/><V49/><F131/><W34/><G39/><T67/><D127/><U121/><E106/><V20/><F135/><W41/><G34/><T105/><D105/><U74/><E130/><V91/><F29/><W53/><G31/><T11/><D112/><N who="2" m="43114" /><F91/><W44/><G43/><T58/><D67/><N who="3" m="25609" /><G36/><T133/><D133/><U3/><E125/><V134/><F134/><W57/><G41/><T129/><D129/><U72/><E121/><V122/><F122/><W4/><G4/><T98/><REACH who="0" step="1"/><D85/><REACH who="0" step="2"/><U126/><E126/><V47/><F69/><W52/><G44/><T2/><D2/><U42/><E3/><V79/><F47/><W75/><G75/><T108/><D108/><U35/><E74/><V33/><F33/><W64/><G64/><T94/><AGARI ba="1,1" hai="8,9,11,17,23,25,56,58,84,88,94,96,98,99" machi="94" ten="30,11700,0" yaku="1,1,0,1,8,1,54,1,53,0" doraHai="97" doraHaiUra="73" who="0" fromWho="0" sc="237,130,270,-40,233,-40,250,-40" owari="367,37,230,-2,193,-21,210,-14" /></mjloggm>