<mjloggm ver="2.3"><GO type="185"/><UN n0="%E3%81%9F%E3%82%80%E3%81%A8%E3%83%BC" n1="%E7%B1%B3%E5%85%89%E5%80%B6%E6%A5%BD%E9%83%A8" n2="%EF%BC%BC%28%EF%BC%BE%6F%EF%BC%BE%29%EF%BC%8F%E2%98%85" n3="" dan="16,16,17,0" rate="2150,2170,2142,1500" sx="M,F,M,C"/><TAIKYOKU oya="0"/><INIT seed="0,0,0,2,2,128" ten="350,350,350,0" oya="0" hai0="125,116,89,103,114,50,97,65,83,43,112,90,113" hai1="111,110,123,32,40,42,35,36,72,3,71,99,132" hai2="44,77,78,115,48,41,67,106,47,66,135,59,54" hai3="" shuffle="mt19937ar,3BDA2805,CA1F816E,8B179BD6,624FC9C3,C77B0F1F,56701FB9,113F520A,0C001D00"/><T63/><D116/><U127/><E99/><V118/><F115/><T52/><D43/><U45/><E42/><V104/><F118/><T129/><D129/><U39/><E45/><V76/><F135/><T107/><D125/><U62/><E40/><V93/><F47/><T95/><D83/><U56/><E62/><V88/><F104/><T101/><D101/><U57/><E56/><V91/><F106/><T102/><D102/><U124/><E57/><V80/><F80/><T2/><D2/><U120/><E39/><V51/><REACH who="2" step="1"/><F91/><REACH who="2" step="2"/><T121/><N who="0" m="31008" /><T131/><D131/><U134/><E134/><V58/><F58/><T38/><D107/><U126/><E126/><V119/><F119/><T130/><D130/><U96/><E124/><V68/><F68/><T46/><REACH who="0" step="1"/><D38/><REACH who="0" step="2"/><U70/><N who="1" m="30752" /><U53/><E36/><V85/><AGARI ba="0,2" hai="41,44,48,51,54,59,66,67,76,77,78,85,88,93" machi="85" ten="30,5900,0" yaku="1,1,0,1,8,1,54,1,53,0" doraHai="128" doraHaiUra="0" who="2" fromWho="2" sc="340,-39,350,-20,340,79,0,0" /><INIT seed="1,0,0,4,2,92" ten="301,330,419,0" oya="1" hai0="35,36,88,41,43,124,55,37,59,84,86,111,115" hai1="107,103,125,0,129,119,85,44,38,68,104,64,70" hai2="98,62,2,76,121,33,130,108,50,51,109,110,63" hai3="" shuffle="mt19937ar,AF661785,6E79BF10,CDFBAE10,7A16A511,2DC6265A,F5FD2B13,9B5E4BFF,E4AF2B74"/><U48/><E0/><V67/><N who="2" m="31008" /><V95/><F2/><T96/><D35/><U93/><E38/><V134/><F33/><T52/><D115/><U113/><E119/><V32/><F32/><T99/><D59/><U73/><E73/><V71/><F130/><T102/><D102/><U106/><E129/><V123/><N who="2" m="31520" /><V60/><F76/><T65/><D65/><U116/><E116/><V61/><F134/><T1/><D1/><U132/><E132/><V127/><F127/><T80/><D80/><U45/><E125/><V74/><F74/><T42/><D42/><U133/><E133/><V97/><F97/><T69/><D124/><U40/><E106/><V58/><F71/><T79/><D79/><U57/><E104/><V94/><F94/><T126/><D126/><U82/><E107/><V3/><F3/><T89/><D111/><U122/><E113/><V54/><F67/><T100/><D100/><AGARI ba="0,0" hai="50,51,54,58,60,61,62,63,95,98,100,108,109,110" m="31520,31008" machi="100" ten="50,8000,1" yaku="14,1,52,3" doraHai="92" who="2" fromWho="0" sc="301,-80,330,0,419,80,0,0" /><INIT seed="2,0,0,5,4,117" ten="221,330,499,0" oya="2" hai0="42,54,47,99,71,51,67,32,97,116,121,126,68" hai1="75,95,56,125,111,84,65,57,60,105,133,44,83" hai2="92,124,131,39,128,52,94,38,36,90,1,129,79" hai3="" shuffle="mt19937ar,CB8927F2,9C9CDDF4,675E7129,67842193,9B2FEAAD,E0D9149F,9A333A3E,0233BCB7"/><V37/><F1/><T103/><D32/><U132/><E105/><V77/><F124/><T89/><D116/><U74/><E125/><V49/><N who="2" m="9216" /><DORA hai="58" /><V64/><F64/><T33/><D33/><U81/><E111/><V127/><F127/><T73/><D126/><U109/><E109/><V86/><F94/><T113/><N who="0" m="31008" /><T130/><D130/><U41/><E57/><AGARI ba="0,0" hai="49,52,57,77,79,86,90,92,128,129,131" m="9216" machi="57" ten="70,6800,0" yaku="19,1,54,1" doraHai="117,58" who="2" fromWho="1" sc="221,0,330,-68,499,68,0,0" /><INIT seed="2,1,0,2,3,94" ten="221,262,567,0" oya="2" hai0="86,36,128,48,115,131,39,51,54,134,32,96,43" hai1="40,110,3,129,35,67,56,98,57,37,133,85,50" hai2="97,42,63,78,62,70,83,111,66,59,61,58,107" hai3="" shuffle="mt19937ar,8EB3BF6B,7ED14DA6,541E7A01,1DDA68FB,A823FE9A,300DC78F,59F8D98C,F3826998"/><V132/><F132/><T106/><D32/><U108/><E3/><V124/><F124/><T122/><D115/><U52/><E35/><V120/><N who="2" m="30752" /><V116/><F116/><T45/><N who="0" m="31264" /><T74/><D74/><U125/><E125/><V41/><F111/><N who="1" m="42537" /><E85/><V79/><F63/><T105/><D134/><U47/><E98/><V34/><F34/><T91/><D39/><U69/><E133/><V0/><F0/><T100/><D105/><U104/><E104/><V121/><N who="2" m="31008" /><V93/><F107/><T123/><N who="0" m="31520" /><T1/><D1/><U103/><E103/><V73/><F79/><T53/><D36/><U135/><E135/><V95/><F95/><T44/><D43/><U87/><E87/><V109/><F109/><T99/><D99/><U119/><E119/><V112/><F112/><T49/><D49/><U33/><E33/><V75/><F75/><T60/><D60/><U68/><E129/><V90/><F70/><T65/><D65/><AGARI ba="1,0" hai="41,42,58,59,61,62,65,66,73,78,83,90,93,97" m="31008,30752" machi="65" ten="30,12000,1" yaku="7,1,9,1,52,3" doraHai="94" who="2" fromWho="0" sc="221,-122,262,0,567,122,0,0" /><INIT seed="2,2,0,5,4,71" ten="99,262,689,0" oya="2" hai0="63,33,113,128,60,34,61,43,1,129,85,104,58" hai1="109,57,41,88,111,38,36,52,114,47,112,127,125" hai2="80,134,35,70,32,73,115,53,98,105,64,92,94" hai3="" shuffle="mt19937ar,54278D24,C0262B3D,C08CB520,FBB5819B,46728A7A,CF782092,39BDC24F,2CFDC37B"/><V50/><F115/><N who="1" m="44073" /><E88/><V130/><F134/><T74/><D1/><U106/><E106/><V131/><F105/><T97/><D74/><U110/><E36/><V121/><N who="2" m="31008" /><V100/><F94/><T95/><D113/><U49/><AGARI ba="2,0" hai="38,41,47,49,52,57,109,110,111,125,127" m="44073" machi="49" ten="40,6000,1" yaku="14,1,34,2,52,1,54,1" doraHai="71" who="1" fromWho="1" sc="99,-22,262,64,689,-42,0,0" /><INIT seed="4,0,0,5,2,123" ten="77,326,647,0" oya="0" hai0="101,103,35,67,76,105,53,122,130,121,133,64,63" hai1="87,33,95,119,126,38,52,41,65,2,47,110,57" hai2="108,131,72,81,3,61,96,40,92,83,74,134,94" hai3="" shuffle="mt19937ar,1052EB94,633A1EFD,45051E34,F5B10762,0DA374A7,FB45658C,9D1F15AA,BFA1B31E"/><T127/><D35/><U48/><E33/><V88/><F3/><T70/><N who="0" m="31008" /><T43/><N who="0" m="31264" /><T68/><D130/><U50/><E2/><V78/><F131/><T128/><D128/><U125/><E119/><V37/><F134/><T118/><D118/><U58/><E95/><V56/><F108/><T42/><D133/><U112/><E87/><V55/><F37/><T114/><D114/><U132/><E132/><V45/><F92/><T115/><D115/><U93/><E93/><V85/><F40/><T82/><D127/><N who="1" m="48651" /><E112/><V111/><F45/><T75/><D53/><U89/><E89/><V32/><F32/><T113/><D113/><U100/><E100/><V102/><F111/><T46/><D105/><U51/><E110/><V77/><REACH who="2" step="1"/><F102/><REACH who="2" step="2"/><T80/><D42/><U106/><E106/><V98/><AGARI ba="0,1" hai="55,56,61,72,74,77,78,81,83,85,88,94,96,98" machi="98" ten="30,9000,2" yaku="1,1,2,1,0,1,9,1,54,1,53,1" doraHai="123" doraHaiUra="91" who="2" fromWho="2" sc="77,-60,326,-30,637,100,0,0" /><INIT seed="5,0,0,2,2,100" ten="17,296,737,0" oya="1" hai0="117,113,132,103,71,96,121,58,55,1,104,42,99" hai1="50,51,2,93,134,98,80,53,52,75,67,101,131" hai2="60,44,49,135,88,86,65,41,84,112,108,66,133" hai3="" shuffle="mt19937ar,78573304,D1967CDF,E42F4554,1CEB2A68,53E887A5,34BAEB15,21E0592F,860F5B41"/><U81/><E2/><V116/><F108/><T69/><D1/><U40/><E134/><N who="2" m="51211" /><F116/><T36/><D132/><U126/><E126/><V110/><F110/><T82/><D117/><U85/><E67/><N who="2" m="25611" /><F112/><T128/><D113/><U92/><E131/><V3/><F3/><T97/><D128/><U90/><E40/><V94/><F60/><T35/><D35/><U73/><E75/><V106/><F106/><T87/><N who="0" m="31008" /><T107/><D69/><U105/><E73/><V102/><F102/><T118/><D71/><U109/><E109/><V77/><F77/><T34/><D34/><U130/><E130/><V89/><F89/><T122/><N who="0" m="31264" /><T124/><D124/><U72/><E72/><V39/><F86/><T62/><D118/><U54/><E105/><V119/><F119/><T43/><D103/><U63/><E63/><V78/><F78/><T129/><D129/><U59/><E59/><V64/><F64/><T125/><D125/><U68/><E68/><V79/><F79/><T0/><D0/><U47/><E47/><V114/><F114/><T48/><D62/><U111/><E111/><V61/><F61/><T33/><D33/><U74/><E74/><V76/><F76/><T123/><N who="0" m="31520" /><T38/><D107/><RYUUKYOKU ba="0,0" sc="17,-20,296,10,737,10,0,0" hai1="50,51,52,53,54,80,81,85,90,92,93,98,101" hai2="39,41,44,49,84,88,94" owari="-3,-60,306,-9,747,69,0,0" /></mjloggm>