<mjloggm ver="2.3"><GO type="225"/><UN n0="%41%42%49%4C%49%54%59" n1="%23%37%34%E5%A4%A7%E6%B2%BB%E9%83%8E" n2="%61%6E%62%79%33" n3="%E3%83%9C%E3%83%84" dan="17,16,16,16" rate="2138,2073,2081,2039" sx="M,M,M,M"/><TAIKYOKU oya="0"/><INIT seed="0,0,0,0,3,13" ten="250,250,250,250" oya="0" hai0="127,19,115,120,33,87,82,116,135,34,68,37,42" hai1="24,91,14,125,58,11,35,73,103,17,3,54,60" hai2="56,8,101,132,72,20,112,23,38,21,111,50,5" hai3="26,53,107,0,102,49,40,75,36,48,69,32,71" shuffle="mt19937ar,BC05D6B8,D9FF9C94,057F8AE2,BF4E84DA,E7AA6B3D,DDDC4472,C01E2FB2,28EFED50"/><T51/><D120/><U47/><E125/><V65/><F38/><W129/><G75/><T128/><D116/><U77/><E103/><V93/><F72/><W12/><G0/><T15/><D115/><U110/><E110/><V29/><F111/><W31/><G129/><T62/><D68/><U9/><E91/><V2/><F112/><W1/><G1/><T100/><D100/><U109/><E109/><V10/><F10/><W81/><G81/><T27/><D37/><U25/><E47/><V43/><F132/><W113/><G113/><T79/><D135/><U98/><E98/><N who="2" m="59599" /><F50/><W118/><G118/><T85/><D128/><U16/><E35/><V97/><F43/><W55/><G102/><T7/><D34/><U45/><E45/><V84/><F84/><W4/><G107/><T126/><D85/><U59/><E59/><V117/><F97/><W61/><G61/><T80/><D80/><U18/><E3/><V114/><F114/><W106/><G40/><T28/><D62/><U41/><E41/><V130/><F130/><W123/><G106/><T89/><D79/><U121/><E121/><V44/><F44/><N who="3" m="27783" /><G36/><T122/><D122/><U66/><E66/><V133/><F133/><W88/><G123/><T76/><D76/><U67/><E67/><V57/><F65/><W96/><G69/><T124/><D42/><U6/><REACH who="1" step="1"/><E9/><REACH who="1" step="2"/><V95/><F8/><W134/><G134/><T74/><D127/><U39/><E39/><V119/><F119/><W70/><G70/><T105/><D126/><U90/><E90/><V131/><F117/><W63/><G88/><RYUUKYOKU ba="0,1" sc="250,-10,240,30,250,-10,250,-10" hai1="6,11,14,16,17,18,24,25,54,58,60,73,77" /><INIT seed="1,1,1,1,3,49" ten="240,270,240,240" oya="1" hai0="84,92,35,3,116,23,58,110,77,10,130,55,1" hai1="126,38,37,93,78,125,97,119,16,98,19,132,128" hai2="135,22,90,88,120,133,75,7,14,94,85,33,50" hai3="71,32,56,80,101,42,36,0,114,131,79,111,102" shuffle="mt19937ar,10933C8F,EFE46992,6434A628,9EEB716F,0F7DA5D1,ED0A84FF,2BEA2CDD,1FD9D1FC"/><U61/><E119/><V26/><F33/><W95/><G114/><T60/><D116/><U100/><E78/><V48/><F75/><W74/><G71/><T83/><D35/><U57/><E132/><N who="2" m="50763" /><F120/><W122/><G122/><T34/><D34/><U117/><E117/><V129/><F129/><W72/><G32/><T5/><D110/><U17/><E98/><N who="2" m="57671" /><F14/><W30/><G111/><T11/><D130/><U9/><E9/><V29/><F7/><W127/><G72/><T59/><D23/><U107/><E107/><V91/><F91/><W76/><G74/><T52/><D92/><AGARI ba="1,1" hai="22,26,29,48,50,85,90,92" m="57671,50763" machi="92" ten="30,2000,0" yaku="20,1,54,1" doraHai="49" who="2" fromWho="0" sc="240,-23,270,0,240,33,240,0" /><INIT seed="2,0,0,1,1,80" ten="217,270,273,240" oya="2" hai0="6,7,17,24,32,79,16,108,9,115,117,44,22" hai1="42,78,38,30,36,58,41,88,93,4,84,27,81" hai2="56,28,53,128,103,110,125,97,106,15,122,131,120" hai3="104,62,83,40,118,82,23,21,98,130,55,127,114" shuffle="mt19937ar,C51CC02E,CC917A0C,F1F6D3C4,F6074348,EED5B68D,DDD88BAD,800FF4DD,5A75FF83"/><V12/><F28/><W26/><G118/><T11/><D115/><U3/><E38/><V47/><F47/><W90/><G127/><T132/><D117/><U87/><E36/><V52/><F125/><W37/><G130/><N who="2" m="49705" /><F110/><W112/><G40/><T99/><D108/><U119/><E119/><V2/><F2/><W135/><G37/><T134/><D79/><U92/><E92/><V77/><F77/><W86/><G82/><T39/><D99/><U89/><E89/><V96/><F96/><W75/><G75/><T109/><D109/><U33/><REACH who="1" step="1"/><E58/><REACH who="1" step="2"/><V105/><F105/><W49/><G90/><T67/><D39/><U46/><E46/><V18/><F56/><W65/><G104/><T64/><D44/><U91/><E91/><V113/><F106/><W126/><G126/><T0/><D32/><U129/><E129/><V14/><F103/><W102/><G102/><T45/><D45/><U57/><E57/><V74/><F113/><W50/><G112/><T35/><D35/><U101/><E101/><V19/><F122/><W68/><G114/><T70/><D70/><U13/><E13/><V124/><F12/><W95/><G68/><T76/><D76/><U60/><E60/><V121/><F14/><W63/><G62/><T5/><D6/><U25/><E25/><V51/><F15/><W72/><G26/><T61/><D61/><U48/><E48/><V8/><F124/><W29/><G50/><T59/><D59/><U100/><E100/><V1/><F51/><W71/><G49/><T107/><D107/><U54/><E54/><V94/><F53/><RYUUKYOKU ba="0,1" sc="217,-10,260,30,273,-10,240,-10" hai1="3,4,27,30,33,41,42,78,81,84,87,88,93" /><INIT seed="3,1,1,5,2,93" ten="207,290,263,230" oya="3" hai0="107,63,106,43,66,92,119,115,91,98,125,104,39" hai1="20,35,108,0,1,80,23,16,79,128,25,89,30" hai2="29,126,122,109,15,113,88,31,38,19,60,121,135" hai3="118,62,100,42,40,2,96,105,54,3,5,130,97" shuffle="mt19937ar,3E66B969,9E1AB585,B9C282C9,C2520C5E,DD768948,A8F621E1,309B99AD,CA3DB944"/><W129/><G118/><T27/><D119/><U86/><E128/><N who="3" m="49258" /><G5/><T28/><D125/><U85/><E108/><V22/><F38/><W33/><G33/><T7/><D115/><U32/><E32/><V53/><F109/><W116/><G116/><T50/><D7/><U14/><E35/><V82/><F113/><W26/><G26/><T37/><D50/><U9/><E9/><V111/><F111/><W56/><G96/><T24/><D43/><AGARI ba="1,1" hai="2,3,40,42,43,54,56,62,97,100,105" m="49258" machi="43" ten="30,2900,0" yaku="19,1,52,1" doraHai="93" who="3" fromWho="0" sc="207,-32,290,0,263,0,230,42" /><INIT seed="3,2,0,0,1,5" ten="175,290,263,272" oya="3" hai0="124,40,115,119,28,12,83,59,45,67,16,11,93" hai1="6,29,77,27,31,91,38,105,74,80,36,104,46" hai2="92,34,35,133,81,90,82,100,116,89,51,60,98" hai3="122,113,1,62,96,21,123,69,24,61,73,18,39" shuffle="mt19937ar,9F17D113,2273E54E,267F635D,7337F368,7B2906AE,64086851,30A39739,4E7504BE"/><W25/><G113/><T33/><D119/><U22/><E31/><V76/><F116/><W55/><G73/><T57/><D124/><U63/><E63/><V19/><F133/><W65/><G39/><T56/><D115/><U32/><E22/><V86/><F51/><W9/><G96/><T107/><D107/><N who="1" m="41035" /><E91/><V106/><F60/><W132/><G132/><T128/><D128/><U99/><E46/><V79/><F19/><W37/><G37/><N who="1" m="14442" /><E99/><N who="2" m="57751" /><F34/><W126/><G126/><T130/><D130/><U75/><E6/><V78/><F35/><W114/><G114/><T53/><D83/><AGARI ba="2,0" hai="76,78,79,81,82,83,86,89,98,100,106" m="57751" machi="83" ten="30,8000,1" yaku="35,5" doraHai="5" who="2" fromWho="0" sc="175,-86,290,0,263,86,272,0" owari="89,-31,290,4,349,35,272,-8" /></mjloggm>