<mjloggm ver="2.3"><GO type="185"/><UN n0="%E3%82%AF%E3%83%9E%E3%83%9D%E3%83%B3%5A" n1="%E3%81%A8%E3%81%84%E3%81%A4%E3%81%BE%E3%81%99%E3%81%9F%E3%81%81%E2%99%AA" n2="%E3%81%B0%E3%81%8F%E3%81%92%E3%81%A3%E3%81%8D" n3="" dan="17,16,16,0" rate="2122,2116,2282,1500" sx="M,M,M,C"/><TAIKYOKU oya="0"/><INIT seed="0,0,0,0,4,88" ten="350,350,350,0" oya="0" hai0="92,125,57,79,94,35,32,119,130,75,2,61,66" hai1="47,93,56,67,120,77,112,111,37,110,34,117,134" hai2="103,65,45,44,109,106,84,108,123,96,102,41,1" hai3="" shuffle="mt19937ar,73FF080E,2558EA96,61DEC32C,0ACBBECC,D516FB59,61294283,A314F56A,55A7B273"/><T83/><D119/><U132/><N who="1" m="30752" /><U129/><E34/><V95/><N who="2" m="31520" /><V118/><F118/><T48/><D2/><U73/><E117/><V36/><F1/><T115/><D115/><U85/><E112/><V100/><F65/><T97/><D125/><U62/><E129/><V82/><F45/><T59/><D130/><U90/><E77/><V122/><N who="2" m="31264" /><V54/><F54/><T128/><D128/><U89/><E89/><V0/><F0/><T91/><REACH who="0" step="1"/><D94/><REACH who="0" step="2"/><U50/><E73/><V69/><F106/><T114/><D114/><U131/><E131/><V3/><F3/><T33/><D33/><U76/><E37/><V127/><F127/><T72/><D72/><U99/><E132/><V52/><F69/><T43/><D43/><U64/><E134/><V124/><F124/><T46/><D46/><U51/><E47/><V104/><F104/><T42/><D42/><U74/><E74/><V49/><F41/><T87/><D87/><U113/><E113/><V70/><F70/><T38/><D38/><U71/><E71/><V53/><F36/><T116/><D116/><U58/><E85/><V105/><F105/><T40/><D40/><U98/><E93/><V55/><F44/><T126/><D126/><RYUUKYOKU ba="0,1" sc="340,20,350,-10,350,-10,0,0" hai0="32,35,48,57,59,61,66,75,79,83,91,92,97" /><INIT seed="0,1,1,0,2,66" ten="360,340,340,0" oya="0" hai0="38,121,58,44,107,118,50,95,37,111,89,45,130" hai1="104,39,82,124,62,54,40,93,61,35,69,122,92" hai2="100,48,78,110,65,71,120,128,85,76,96,46,98" hai3="" shuffle="mt19937ar,0B09B144,4257D4D5,F298ED94,A742D097,665E6DC3,9EFB861D,12DBD607,3AEC5D79"/><T126/><N who="0" m="31008" /><T133/><D118/><U113/><N who="1" m="31264" /><U86/><E104/><V52/><N who="2" m="30752" /><V49/><F98/><T70/><D107/><U32/><E113/><V73/><F73/><T42/><D70/><U103/><E124/><V94/><F128/><T83/><D83/><U77/><E40/><V99/><F110/><T119/><D119/><U53/><E39/><V59/><F85/><T41/><D111/><U84/><E103/><V101/><F65/><T1/><D126/><U127/><E127/><V117/><F71/><T129/><D133/><U134/><E134/><V114/><F114/><T135/><D135/><U63/><E69/><V64/><F64/><T33/><D33/><U105/><E105/><V115/><F115/><T68/><D68/><U55/><REACH who="1" step="1"/><E86/><REACH who="1" step="2"/><V88/><F101/><T81/><D38/><U47/><E47/><V3/><F117/><T56/><D37/><U43/><E43/><V102/><F102/><T112/><D112/><U106/><E106/><V79/><F3/><T74/><D1/><U72/><E72/><V132/><F132/><T34/><D74/><U60/><N who="1" m="15360" /><DORA hai="36" /><U67/><E67/><V2/><F2/><T90/><D41/><U116/><E116/><V80/><F100/><RYUUKYOKU ba="1,2" sc="360,-10,330,20,340,-10,0,0" hai1="32,35,53,54,55,77,82,84,92,93" /><INIT seed="1,2,2,3,3,72" ten="350,350,330,0" oya="1" hai0="98,134,101,66,38,80,116,81,103,93,67,78,35" hai1="125,119,85,36,133,123,53,84,114,48,79,37,91" hai2="40,128,61,51,113,44,65,102,86,45,1,96,69" hai3="" shuffle="mt19937ar,1060F788,49D16221,CD1C9A72,D64064F1,937839EF,8EF7F837,E740F049,80F080D0"/><U43/><N who="1" m="31520" /><U42/><E119/><V55/><F113/><T87/><D35/><U95/><E114/><V47/><F128/><T130/><D38/><U71/><E71/><V74/><F74/><T50/><D130/><U92/><E125/><V106/><F1/><T94/><D116/><U115/><E115/><V109/><F109/><T77/><D134/><U58/><E133/><V33/><F33/><T62/><D50/><U57/><E48/><V0/><F0/><T75/><D62/><U90/><REACH who="1" step="1"/><E53/><REACH who="1" step="2"/><V111/><F55/><T107/><D66/><U88/><E88/><V104/><F111/><T2/><D67/><U34/><E34/><V105/><F65/><T122/><N who="0" m="31264" /><T127/><D2/><U39/><E39/><V70/><F69/><T64/><D64/><U124/><E124/><V97/><F70/><T49/><D49/><U56/><E56/><V73/><F51/><T126/><D127/><U32/><E32/><V131/><F131/><T52/><D52/><U100/><E100/><N who="0" m="38473" /><D126/><U60/><E60/><V41/><F61/><T68/><D68/><U99/><E99/><V83/><F97/><T132/><D132/><U89/><E89/><V3/><F3/><T59/><D59/><U118/><E118/><RYUUKYOKU ba="2,3" sc="350,10,340,10,330,-20,0,0" hai0="75,77,78,80,81,87,93,94,98,107" hai1="36,37,42,43,57,58,79,84,85,90,91,92,95" /><INIT seed="1,3,3,0,0,107" ten="360,350,310,0" oya="1" hai0="72,61,50,80,75,96,103,48,93,2,36,82,57" hai1="120,116,0,106,65,64,85,70,55,54,38,45,76" hai2="91,97,88,60,44,40,134,66,42,90,123,128,58" hai3="" shuffle="mt19937ar,804B76A4,680BC942,0A160630,BFCB7237,A16396CF,D3A267B8,7A23BA6F,9D8293BE"/><U121/><N who="1" m="30752" /><U135/><N who="1" m="31008" /><U124/><E0/><V102/><N who="2" m="31520" /><V56/><F128/><T118/><D2/><U95/><E106/><V117/><F117/><T89/><D36/><U125/><E116/><V46/><F134/><T113/><D113/><U115/><E115/><V59/><F60/><T111/><D118/><U52/><E135/><V73/><F66/><N who="1" m="25705" /><E70/><V39/><F73/><T104/><D111/><U109/><E109/><V35/><F35/><T69/><D69/><U63/><E63/><V71/><F71/><T92/><D104/><U77/><E38/><V122/><N who="2" m="31264" /><V84/><F84/><T119/><D119/><U129/><E45/><V126/><F126/><N who="1" m="48745" /><E129/><V108/><F108/><T98/><D61/><U79/><E95/><V68/><F68/><T62/><D62/><U105/><E105/><V37/><REACH who="2" step="1"/><F102/><REACH who="2" step="2"/><T132/><D132/><U100/><E100/><V83/><F83/><AGARI ba="3,4" hai="52,54,55,76,77,79,83,85" m="48745,25705,31008,30752" machi="83" ten="40,12000,1" yaku="18,1,52,2,54,1" doraHai="107" who="1" fromWho="2" sc="360,0,350,166,300,-126,0,0" /><INIT seed="1,4,0,1,4,35" ten="360,516,174,0" oya="1" hai0="79,126,104,48,117,96,121,45,67,103,91,72,134" hai1="129,56,53,127,97,78,65,109,100,52,80,107,82" hai2="43,59,114,108,54,37,33,95,92,58,87,68,111" hai3="" shuffle="mt19937ar,D76A694C,4FC71E36,AB90DC30,4B47C2D7,5D6A5390,8663B848,561DEEA0,99E6BBEA"/><U115/><E115/><V125/><F33/><T44/><N who="0" m="31008" /><T101/><D126/><U135/><E127/><V88/><F125/><T128/><D128/><U118/><E129/><V85/><F68/><T105/><D134/><U64/><E135/><V57/><F114/><T73/><D67/><U110/><E118/><V40/><F54/><T132/><D132/><U41/><E41/><V55/><F55/><T90/><D48/><U2/><E2/><V133/><F133/><T51/><D51/><U71/><E71/><V36/><F59/><T112/><D112/><U76/><E97/><V1/><REACH who="2" step="1"/><F88/><REACH who="2" step="2"/><T49/><D49/><U123/><N who="1" m="31520" /><U3/><E56/><V98/><F98/><T106/><D96/><U122/><N who="1" m="31264" /><U70/><E70/><V38/><F38/><T75/><D117/><U130/><E130/><V86/><F86/><T99/><D99/><U119/><E119/><V61/><F61/><T131/><D131/><U89/><E89/><N who="0" m="33801" /><D79/><U69/><E65/><V84/><F84/><T46/><AGARI ba="4,1" hai="44,45,46,72,73,75,101,103,104,105,106" m="33801,31008" machi="46" ten="50,6000,1" yaku="29,2,28,2,52,1" doraHai="35" who="0" fromWho="0" sc="360,78,516,-44,164,-24,0,0" /><INIT seed="2,0,0,5,4,72" ten="438,472,140,0" oya="2" hai0="94,108,55,109,76,130,85,101,111,117,103,79,68" hai1="33,97,32,100,52,59,80,114,67,63,106,48,57" hai2="99,71,81,0,110,82,38,91,56,87,37,112,127" hai3="" shuffle="mt19937ar,476F05D8,F4B50826,E00089E1,375D6CF4,698D78E3,09EC921F,22B29B68,325F2F50"/><V58/><F0/><T3/><D3/><U40/><E114/><V77/><F112/><T46/><D68/><U131/><E131/><V90/><F71/><T60/><D117/><U133/><E133/><V126/><F110/><T104/><D104/><U65/><E65/><V98/><REACH who="2" step="1"/><F87/><REACH who="2" step="2"/><T36/><D85/><U41/><E32/><V73/><F73/><T92/><D111/><U83/><E33/><V43/><F43/><T95/><D109/><U118/><E118/><V122/><N who="2" m="31264" /><V119/><F119/><T44/><D108/><U47/><REACH who="1" step="1"/><E40/><REACH who="1" step="2"/><V129/><F129/><T53/><D130/><U134/><E134/><V42/><F42/><T88/><D36/><AGARI ba="0,2" hai="36,41,47,48,52,57,59,63,67,80,83,97,100,106" machi="36" ten="30,8000,1" yaku="1,1,7,1,54,1,53,2" doraHai="72" doraHaiUra="54" who="1" fromWho="0" sc="438,-80,462,100,130,0,0,0" /><INIT seed="4,0,0,5,2,101" ten="358,562,130,0" oya="0" hai0="57,82,127,37,67,114,53,2,77,104,62,3,130" hai1="74,40,39,46,117,113,49,79,95,76,99,98,83" hai2="33,89,0,45,103,85,70,100,58,84,110,72,109" hai3="" shuffle="mt19937ar,18C91EC8,1FEC3A4E,65D60B71,BEC659BD,74F85AA9,BB29DFB1,B446496D,0785ADE5"/><T43/><D114/><U96/><E117/><V131/><F33/><T102/><D130/><U32/><E32/><V78/><F0/><T44/><D127/><U116/><E116/><V135/><F70/><T51/><D102/><U134/><E134/><V61/><F45/><T65/><D65/><U73/><E113/><V118/><F58/><T41/><D41/><U50/><E95/><V69/><F61/><T86/><REACH who="0" step="1"/><D104/><REACH who="0" step="2"/><U125/><E125/><V123/><N who="2" m="31520" /><V128/><F118/><T80/><D80/><AGARI ba="0,1" hai="39,40,46,49,50,73,74,76,79,80,83,96,98,99" machi="80" ten="40,1300,0" yaku="9,1" doraHai="101" who="1" fromWho="0" sc="348,-13,562,23,130,0,0,0" /><INIT seed="5,0,0,2,4,116" ten="335,585,130,0" oya="1" hai0="32,82,53,103,111,88,128,37,98,110,117,2,70" hai1="112,65,52,67,129,106,134,66,92,76,63,43,118" hai2="126,114,132,130,104,120,135,42,75,101,100,38,45" hai3="" shuffle="mt19937ar,78D7A8E1,9465AEBF,1101ADD9,8C75F0B6,18D6F069,E5F544D3,C67F87E5,F763824F"/><U119/><E106/><V46/><N who="2" m="30752" /><V64/><F75/><T102/><D117/><N who="1" m="44555" /><E76/><V78/><F78/><T36/><D70/><U115/><E92/><V0/><F0/><T79/><D2/><U123/><N who="1" m="31520" /><U62/><E134/><N who="2" m="51243" /><F126/><T86/><D32/><U77/><E77/><V127/><F127/><T1/><D1/><U57/><E129/><V94/><F104/><T54/><D128/><U99/><E99/><V34/><F130/><T97/><D79/><U107/><E107/><V80/><F80/><T73/><D82/><U95/><E95/><V3/><F3/><T85/><REACH who="0" step="1"/><D73/><REACH who="0" step="2"/><U44/><E63/><V125/><F125/><T33/><D33/><U133/><E133/><V87/><F34/><T71/><D71/><U90/><E90/><AGARI ba="0,1" hai="36,37,53,54,85,86,88,90,97,98,102,103,110,111" machi="90" ten="25,6400,0" yaku="1,1,22,2,54,1,53,0" doraHai="116" doraHaiUra="109" who="0" fromWho="1" sc="325,74,585,-64,130,0,0,0" /><INIT seed="6,0,0,5,2,59" ten="399,521,130,0" oya="2" hai0="50,73,3,109,81,129,53,85,121,87,39,93,57" hai1="126,63,84,69,48,76,123,66,44,122,41,33,96" hai2="62,80,132,51,65,120,127,83,114,89,49,115,38" hai3="" shuffle="mt19937ar,AC719000,599DFB85,498067E8,E1DAED8B,486737F4,B21D4639,EBDFADAB,32275F91"/><V55/><N who="2" m="30752" /><V79/><F38/><T1/><N who="0" m="31008" /><T64/><D109/><U104/><N who="1" m="31264" /><U88/><N who="1" m="31520" /><U68/><E33/><V100/><F100/><T75/><D39/><U36/><E126/><V125/><F132/><T61/><D129/><U95/><E36/><V131/><F89/><T111/><D111/><U67/><E104/><V133/><F133/><T128/><D128/><U112/><E112/><N who="2" m="43051" /><F131/><T102/><D75/><U0/><E0/><V77/><F83/><T43/><D73/><U47/><E47/><V98/><F98/><T86/><D43/><U99/><E76/><N who="2" m="29259" /><F80/><T108/><D108/><U134/><E134/><V94/><F94/><T106/><D106/><U52/><E41/><V74/><F74/><T70/><D3/><U40/><E40/><V91/><F91/><T92/><D1/><U130/><E130/><V113/><N who="2" m="43059" /><V124/><DORA hai="54" /><F55/><T103/><REACH who="0" step="1"/><D81/><REACH who="0" step="2"/><U2/><E2/><V58/><AGARI ba="0,1" hai="49,51,58,62,65,124,125,127" m="29259,43059,30752" machi="58" ten="50,8000,1" yaku="18,1,15,1,52,3" doraHai="59,54" who="2" fromWho="2" sc="389,-40,521,-40,130,90,0,0" /><INIT seed="6,1,0,4,0,91" ten="349,481,220,0" oya="2" hai0="83,35,84,79,50,103,3,118,95,69,32,93,126" hai1="127,105,119,107,37,47,102,114,57,74,101,86,66" hai2="1,76,39,96,38,90,134,77,49,131,117,104,34" hai3="" shuffle="mt19937ar,6CD508E4,EC9ECE9C,67B8E7A0,C7C67EC7,E1E6E9AC,B5365ABE,407D6695,6C6D3F85"/><V78/><F34/><T130/><D69/><U80/><E74/><V88/><F1/><T81/><D3/><U55/><E114/><V132/><F117/><T41/><D118/><U33/><E33/><V40/><F104/><T129/><D103/><U73/><E73/><V60/><F131/><N who="0" m="50186" /><D81/><U87/><E119/><V115/><F115/><T125/><D50/><U123/><N who="1" m="31520" /><U128/><E128/><V98/><F60/><T59/><D41/><U89/><E102/><V135/><F49/><T52/><D35/><U106/><E101/><V133/><N who="2" m="34304" /><DORA hai="65" /><V36/><REACH who="2" step="1"/><F40/><REACH who="2" step="2"/><T0/><D0/><U53/><E106/><V56/><F56/><T67/><D32/><U70/><E107/><V48/><F48/><T61/><D67/><U109/><E105/><V54/><F54/><T99/><D99/><AGARI ba="1,1" hai="36,38,39,76,77,78,88,90,96,98,99" m="34304" machi="99" ten="80,24000,3" yaku="1,1,29,2,28,2,20,1,54,1,53,3" doraHai="91,65" doraHaiUra="63,68" who="2" fromWho="0" sc="349,-242,481,0,210,252,0,0" /><INIT seed="6,2,0,5,4,36" ten="107,481,462,0" oya="2" hai0="82,117,67,46,34,1,58,89,103,72,111,116,128" hai1="3,110,57,106,56,133,53,132,52,38,2,131,39" hai2="83,130,135,91,33,44,65,79,49,54,43,48,64" hai3="" shuffle="mt19937ar,1CFA2924,ACEE7EF9,8D81662F,BAE4DAE0,31011022,CA5BD7B9,1DB4D5F6,3A3C0452"/><V60/><F130/><T97/><D46/><U42/><E42/><V120/><N who="2" m="30752" /><V119/><F135/><N who="1" m="51785" /><E106/><V95/><F33/><T115/><D58/><N who="1" m="22635" /><E131/><V51/><F119/><T94/><D67/><U101/><E101/><V81/><F60/><T127/><D116/><U100/><E100/><V40/><F79/><T102/><D115/><U78/><E78/><V108/><F108/><T86/><D111/><U96/><E96/><V123/><N who="2" m="31520" /><V126/><F126/><T88/><D127/><U92/><E92/><V105/><F105/><T104/><D34/><U87/><E87/><V112/><F112/><T93/><D1/><N who="1" m="11" /><E110/><V85/><F43/><T41/><D128/><U80/><E80/><N who="2" m="30795" /><F51/><T99/><D41/><U63/><E63/><V109/><F109/><T35/><D35/><U69/><E69/><V71/><F71/><T50/><D117/><U55/><AGARI ba="2,0" hai="38,39,52,53,55" m="11,22635,51785" machi="55" ten="40,6000,1" yaku="28,2,20,1,54,1" doraHai="36" who="1" fromWho="1" sc="107,-22,481,64,462,-42,0,0" owari="85,-51,545,49,420,2,0,0" /></mjloggm>