<mjloggm ver="2.3"><GO type="225"/><UN n0="%E5%B1%B1%E5%B9%B8%E5%95%86%E5%BA%97" n1="%E7%8C%AA%E6%9C%A8%E5%A4%A7%E5%AB%8C%E3%81%84%EF%BC%81" n2="%E6%B7%B1%E5%A4%9C%E3%81%AE%E5%AE%B4" n3="%E3%81%93%E3%82%93%E3%81%AB%E3%81%A1%E3%81%AF%E6%97%A5%E6%9B%9C%E6%97%A5" dan="17,17,16,16" rate="2146,2097,2038,2024" sx="M,F,M,M"/><TAIKYOKU oya="0"/><INIT seed="0,0,0,2,3,41" ten="250,250,250,250" oya="0" hai0="52,7,70,110,106,77,89,116,55,111,0,22,107" hai1="122,40,86,72,105,45,1,3,56,118,74,127,33" hai2="36,31,65,97,123,117,132,27,135,6,78,83,102" hai3="37,18,95,100,115,16,23,90,11,35,131,46,10" shuffle="mt19937ar,65C38A89,1B7E9149,ECFCD3BE,74814ECB,04FB52CF,D128019D,2BFC64C1,18E4AF94"/><T59/><D70/><U94/><E118/><V67/><F123/><W47/><G35/><T2/><D77/><U17/><E122/><V19/><F6/><W26/><G115/><T13/><D116/><U20/><E105/><N who="0" m="39945" /><D89/><U44/><E33/><V124/><F117/><W75/><G75/><T109/><D55/><U108/><E56/><V69/><F69/><W64/><G64/><T125/><D125/><U4/><E127/><V88/><F124/><W87/><G37/><T53/><D53/><U80/><E94/><N who="2" m="56519" /><F19/><W113/><G113/><T24/><D13/><U119/><E119/><V81/><F102/><W51/><G100/><T49/><D7/><U62/><E4/><V34/><F36/><W93/><G93/><T92/><D92/><U32/><E74/><N who="2" m="43223" /><F83/><W98/><G98/><T73/><D73/><U68/><E72/><V126/><F126/><W66/><G66/><T71/><D71/><U54/><E68/><V112/><F112/><W58/><G18/><AGARI ba="0,0" hai="0,2,18,22,24,49,52,59,109,110,111" m="39945" machi="18" ten="40,7700,0" yaku="14,1,10,1,54,1" doraHai="41" who="0" fromWho="3" sc="250,77,250,0,250,0,250,-77" /><INIT seed="0,1,0,4,1,34" ten="327,250,250,173" oya="0" hai0="42,38,115,47,57,90,61,2,62,4,91,105,27" hai1="19,31,55,107,30,99,40,81,29,135,71,78,104" hai2="28,118,101,121,10,69,92,5,80,88,126,95,50" hai3="75,12,32,106,44,33,22,48,59,43,79,108,125" shuffle="mt19937ar,417DD927,8D4808A7,0ADBE7BA,8E07085A,8D28B518,2102890D,C61FC225,E07A02F5"/><T65/><D115/><U94/><E71/><V83/><F121/><W70/><G106/><T96/><D27/><U56/><E40/><V68/><F118/><W13/><G70/><T85/><D62/><U98/><E19/><V77/><F126/><W66/><G125/><T8/><REACH who="0" step="1"/><D85/><REACH who="0" step="2"/><U26/><E26/><V89/><F68/><W45/><G75/><T87/><D87/><U25/><E25/><V0/><F69/><W134/><G134/><T17/><D17/><U49/><E135/><V9/><F28/><W132/><G132/><T64/><D64/><U41/><E31/><V63/><F63/><W67/><G67/><T76/><D76/><U130/><E78/><V112/><F112/><W124/><G79/><T24/><D24/><U14/><E30/><V86/><F77/><W73/><G73/><T120/><D120/><U93/><E29/><V122/><F122/><W51/><G124/><T1/><D1/><U53/><E107/><V54/><F86/><W20/><G66/><T116/><D116/><U100/><E104/><V11/><F0/><W6/><G33/><T82/><D82/><U46/><E81/><V21/><F83/><W72/><G72/><T37/><D37/><U111/><E14/><V35/><F80/><W3/><G32/><T15/><D15/><U7/><E49/><V110/><F35/><W52/><G3/><T74/><D74/><U131/><E7/><V84/><F84/><W23/><G6/><T114/><D114/><U123/><E123/><V133/><F5/><W18/><G18/><T60/><D60/><U119/><E119/><RYUUKYOKU ba="1,1" sc="317,30,250,-10,250,-10,173,-10" hai0="2,4,8,38,42,47,57,61,65,90,91,96,105" /><INIT seed="0,2,1,2,3,37" ten="347,240,240,163" oya="0" hai0="100,1,13,81,85,129,20,3,62,88,17,45,73" hai1="113,30,70,99,130,93,55,111,26,63,38,133,118" hai2="33,87,41,74,90,84,56,32,6,15,49,97,135" hai3="121,127,131,52,80,115,21,94,122,11,77,103,105" shuffle="mt19937ar,B0CEC456,90CEC592,38392210,18CFDF1A,02926FD7,6270B93A,37007B34,D7FADCFF"/><T27/><D129/><U78/><E118/><V79/><F97/><N who="3" m="59831" /><G105/><T47/><D100/><U10/><E130/><V61/><F135/><W53/><G115/><T116/><D116/><U31/><E133/><V108/><F108/><W76/><G131/><T102/><D102/><U43/><E78/><N who="3" m="30314" /><G80/><T51/><D73/><U9/><E111/><V16/><F74/><W68/><G68/><T69/><D45/><U60/><E70/><V19/><F33/><W82/><G82/><T4/><D4/><U125/><E125/><V128/><F32/><W114/><G114/><T34/><D34/><U101/><E113/><V24/><F79/><W83/><G83/><T86/><D86/><U107/><E107/><V39/><F39/><W104/><G104/><T18/><D62/><U8/><E63/><V48/><F128/><W123/><G127/><T54/><D69/><U22/><E60/><V75/><F75/><W46/><G11/><AGARI ba="2,1" hai="1,3,11,13,17,18,20,27,47,51,54,81,85,88" machi="11" ten="30,11600,0" yaku="7,1,25,2,54,1" doraHai="37" who="0" fromWho="3" sc="347,132,240,0,240,0,163,-122" /><INIT seed="0,3,0,4,0,31" ten="479,240,240,41" oya="0" hai0="29,130,119,25,61,134,9,116,98,128,20,84,81" hai1="107,72,88,117,101,5,89,3,74,70,113,60,49" hai2="102,63,54,93,44,85,11,58,110,135,18,57,2" hai3="82,106,111,10,100,46,30,104,125,115,51,91,103" shuffle="mt19937ar,DAEFFDC5,F7AAABC5,4C8EC104,BD6B50E2,8295E279,6D6AE49C,B43F8846,C69E84C3"/><T129/><D98/><U28/><E117/><V42/><F135/><W35/><G115/><T22/><D134/><U59/><E5/><V26/><F110/><W90/><G111/><T37/><D37/><U62/><E3/><V132/><F132/><W45/><G10/><T118/><D9/><U34/><E49/><V121/><F121/><W15/><G15/><T127/><D61/><U19/><E19/><V73/><F73/><W41/><G125/><T86/><D127/><U120/><E120/><V92/><F2/><W78/><G46/><T71/><D71/><U65/><E113/><V1/><F1/><W56/><G56/><T16/><D81/><U122/><E122/><V4/><F4/><W112/><G112/><T131/><N who="0" m="33280" /><DORA hai="67" /><T43/><D43/><U108/><E108/><V109/><F109/><W17/><G17/><T80/><D80/><U24/><E74/><V114/><F114/><W75/><G103/><T124/><D124/><U23/><E72/><V50/><F58/><W47/><G47/><T87/><D87/><U133/><E133/><V27/><F102/><W68/><G68/><T32/><D22/><U95/><E23/><V69/><F69/><W105/><REACH who="3" step="1"/><G100/><REACH who="3" step="2"/><T6/><D6/><U39/><E101/><V12/><F26/><AGARI ba="3,1" hai="26,30,35,41,45,51,75,78,82,90,91,104,105,106" machi="26" ten="40,8000,1" yaku="1,1,2,1,52,1,53,1" doraHai="31,67" doraHaiUra="38,55" who="3" fromWho="2" sc="479,0,240,0,240,-89,31,99" /><AGARI ba="3,0" hai="16,20,25,26,29,32,84,86,116,118,119" m="33280" machi="26" ten="80,12000,1" yaku="19,1,52,1,54,1" doraHai="31,67" who="0" fromWho="2" sc="479,120,240,0,151,-120,130,0" /><INIT seed="0,4,0,5,0,27" ten="599,240,31,130" oya="0" hai0="41,61,91,31,73,124,62,56,46,113,107,132,133" hai1="94,64,109,81,36,19,71,84,82,106,115,93,63" hai2="116,128,75,110,89,135,20,47,12,7,1,105,108" hai3="87,29,0,37,25,40,104,123,58,34,32,70,65" shuffle="mt19937ar,699549FF,8D190679,21D35047,9522412D,953B4DC2,53D81AF1,62439D1C,A8A4396A"/><T24/><D107/><U120/><E120/><V121/><F89/><W69/><G0/><T55/><D73/><U66/><E106/><V49/><F20/><W38/><G123/><T11/><D113/><U83/><E115/><V99/><F12/><W100/><G87/><T79/><D79/><U43/><E109/><V111/><F49/><W42/><G58/><T74/><D74/><U92/><E66/><V118/><F47/><W4/><G4/><T23/><D11/><U80/><E43/><V5/><F7/><W33/><G42/><T78/><D78/><U13/><E36/><N who="3" m="13930" /><G40/><T88/><D124/><U102/><E102/><N who="2" m="62687" /><F75/><W51/><G51/><N who="0" m="27087" /><D62/><U114/><E114/><V59/><F59/><W119/><G119/><N who="2" m="45609" /><F121/><W45/><G45/><T21/><D21/><U101/><E63/><V117/><N who="2" m="45617" /><V72/><DORA hai="130" /><F72/><W54/><G54/><T112/><D112/><U44/><E44/><V10/><F128/><W85/><G70/><T28/><D23/><U53/><E71/><V95/><F95/><W39/><G39/><T3/><D3/><U77/><E93/><V35/><F35/><W96/><G85/><T52/><D24/><U129/><E129/><V2/><F2/><W16/><G16/><T26/><D26/><U30/><E77/><V22/><F22/><W6/><G6/><T134/><D55/><U8/><E53/><V14/><F14/><W76/><G76/><T17/><D17/><U68/><E13/><V98/><F98/><W57/><G57/><T86/><D91/><U90/><E90/><V67/><F67/><W127/><G127/><RYUUKYOKU ba="4,0" sc="599,10,240,-30,31,10,130,10" hai0="28,31,52,56,61,86,88,132,133,134" hai2="1,5,10,108,110,111,135" hai3="25,29,32,33,34,65,69,96,100,104" /><INIT seed="0,5,0,2,2,59" ten="609,210,41,140" oya="0" hai0="104,99,62,42,29,71,83,63,43,75,57,128,77" hai1="129,32,11,21,67,65,24,86,55,96,61,19,18" hai2="93,94,88,103,126,82,58,72,0,37,130,74,69" hai3="112,22,120,106,52,10,125,27,7,122,45,79,110" shuffle="mt19937ar,57DE977F,370C2342,F5D44C8A,7AAC6EFA,83CF3FDA,E00BB544,450B0D09,8F62D1ED"/><T70/><D128/><U47/><E129/><V41/><F0/><W8/><G106/><T39/><D29/><U114/><E114/><V53/><F69/><W84/><G112/><T133/><D133/><U40/><E32/><V13/><F130/><W51/><G110/><T34/><D34/><U132/><E132/><V117/><F117/><W97/><G97/><T38/><D99/><U15/><E86/><V118/><F118/><W4/><G125/><T91/><D91/><U68/><E96/><V127/><F41/><N who="0" m="15370" /><D83/><U85/><E85/><N who="2" m="50231" /><F37/><N who="0" m="13834" /><D77/><U12/><E68/><N who="0" m="26153" /><D104/><U23/><E23/><V26/><F26/><W20/><G84/><T36/><D36/><U119/><E24/><V113/><F13/><N who="3" m="5255" /><G27/><T109/><D109/><U105/><E105/><V78/><F113/><W95/><G79/><T35/><D35/><U123/><E15/><V66/><F66/><W44/><G20/><T3/><D3/><U102/><E21/><V90/><F103/><W131/><G22/><T1/><D1/><U107/><E102/><V108/><F108/><W2/><G95/><N who="2" m="36361" /><F90/><W60/><G2/><T17/><D75/><U30/><E107/><V134/><F134/><W54/><G131/><T50/><D17/><U25/><E25/><V81/><F74/><W73/><G73/><T14/><D14/><U115/><E12/><V28/><F28/><W76/><G76/><T5/><D5/><U56/><E30/><V92/><N who="2" m="36369" /><V48/><AGARI ba="5,0" hai="48,53,58,72,78,81,126,127" m="36369,50231" machi="48" ten="40,2700,0" yaku="4,1,54,1" doraHai="59" who="2" fromWho="2" sc="609,-18,210,-12,41,42,140,-12" /><INIT seed="1,0,0,5,3,118" ten="591,198,83,128" oya="1" hai0="108,49,3,8,26,17,97,125,15,52,129,81,80" hai1="71,25,53,72,135,9,31,28,47,66,131,111,10" hai2="46,12,16,70,92,103,110,124,128,104,123,65,105" hai3="127,134,96,18,0,130,76,22,114,4,61,36,79" shuffle="mt19937ar,F0897EA3,36D7BB8F,20337D07,B960574F,0AE3A46A,FCA42877,797182C9,AF2B918B"/><U89/><E72/><V113/><F113/><W122/><G36/><T11/><D108/><U112/><E112/><V51/><F110/><W99/><G114/><T121/><D121/><U7/><E111/><V119/><F119/><W13/><G130/><T126/><D129/><U29/><E131/><V69/><F128/><W91/><G134/><T41/><D41/><U37/><E135/><V6/><F6/><W109/><G109/><T75/><D97/><U40/><E89/><V115/><F115/><W90/><G61/><T38/><D38/><U73/><E73/><V24/><F124/><N who="0" m="47722" /><D75/><U62/><E25/><V87/><F24/><W98/><G127/><T45/><D26/><U42/><E42/><V102/><F123/><W30/><G122/><T78/><D78/><N who="3" m="29737" /><G0/><T101/><D101/><N who="2" m="38410" /><F104/><W20/><G4/><AGARI ba="0,0" hai="3,4,8,11,15,17,45,49,52,80,81" m="47722" machi="4" ten="30,2000,0" yaku="18,1,54,1" doraHai="118" who="0" fromWho="3" sc="591,20,198,0,83,0,128,-20" /><INIT seed="2,0,0,3,1,8" ten="611,198,83,108" oya="2" hai0="58,57,98,115,59,18,100,52,130,74,76,134,67" hai1="50,113,87,33,36,63,7,42,32,80,26,132,135" hai2="45,12,122,92,120,61,35,11,68,22,107,94,47" hai3="25,84,81,5,19,51,14,88,116,17,30,82,66" shuffle="mt19937ar,A0E4FCF4,92F7CB4E,C46A4301,BB8D13D1,6DC2260B,9B09D3F0,D90C0F56,5FA3CB02"/><V70/><F35/><W131/><G116/><T109/><D115/><U133/><E113/><V10/><F22/><N who="3" m="15671" /><G66/><T104/><D109/><U29/><E36/><V15/><F61/><W4/><G131/><T91/><D130/><U72/><E72/><V103/><F103/><W31/><G31/><T38/><D38/><U108/><E108/><V111/><F111/><W13/><G51/><T34/><D34/><N who="1" m="20791" /><E7/><N who="3" m="2634" /><G82/><T0/><D0/><U124/><E63/><V3/><REACH who="2" step="1"/><F107/><REACH who="2" step="2"/><W102/><G102/><T86/><D67/><U99/><E135/><V129/><F129/><W110/><G110/><T71/><D134/><U90/><E133/><V64/><F64/><W95/><G81/><T126/><D104/><U83/><E132/><V55/><F55/><W119/><G119/><T118/><D100/><U20/><E83/><V117/><F117/><W114/><G114/><T43/><D118/><U6/><E80/><V128/><F128/><W53/><G53/><T125/><D52/><U96/><E33/><V123/><F123/><W40/><G40/><T93/><D93/><U77/><E32/><V106/><F106/><W101/><G101/><T121/><D121/><U105/><E42/><V97/><F97/><W2/><G2/><AGARI ba="0,1" hai="2,3,10,11,12,15,45,47,68,70,92,94,120,122" machi="2" ten="25,12000,1" yaku="1,1,22,2,52,2,53,0" doraHai="8" doraHaiUra="54" who="2" fromWho="3" sc="611,0,198,0,73,130,108,-120" owari="611,61,198,-15,203,-5,-12,-41" /></mjloggm>