<mjloggm ver="2.3"><GO type="225"/><UN n0="%E9%9B%81%E7%BA%8F" n1="%E3%82%88%E3%81%A3%E3%81%A1" n2="%E3%83%80%E3%83%A0%E3%83%9E%E3%83%8B%E3%82%A2" n3="%E3%82%B9%E3%83%91%E3%83%BC%E3%82%AF%E3%82%B9" dan="16,16,16,16" rate="2043,2069,2110,2074" sx="M,M,M,F"/><TAIKYOKU oya="0"/><INIT seed="0,0,0,0,4,50" ten="250,250,250,250" oya="0" hai0="98,70,22,101,71,88,118,54,99,120,65,6,87" hai1="104,128,76,4,62,55,94,109,45,95,69,40,31" hai2="90,119,92,24,41,74,14,7,113,80,133,61,11" hai3="124,18,85,116,16,82,63,75,102,81,89,103,9" shuffle="mt19937ar,810576BA,FB03E7E4,5D5BAFF1,34B922F2,86D309ED,4A3C7B2E,71446F70,EF1292EC"/><T131/><D118/><U60/><E104/><V110/><F113/><W25/><G116/><T10/><D120/><U78/><E128/><V67/><F119/><W73/><G124/><T64/><D131/><U123/><E123/><V127/><F133/><W51/><G63/><T125/><D125/><U122/><E122/><V111/><F127/><W52/><G73/><T3/><D71/><U44/><E4/><V126/><F41/><W135/><G135/><T129/><D129/><U96/><E31/><V28/><F126/><W93/><G75/><T77/><D77/><U59/><E109/><V35/><F80/><N who="3" m="30827" /><G25/><T108/><D108/><U130/><E130/><V29/><F29/><W53/><G53/><T105/><D99/><U57/><E69/><V100/><F74/><W13/><G18/><T42/><D42/><U115/><E115/><V58/><REACH who="2" step="1"/><F100/><REACH who="2" step="2"/><W12/><G12/><T23/><D101/><U5/><E40/><V27/><F27/><W21/><G9/><T114/><D10/><U26/><E26/><V49/><F49/><W91/><G91/><T79/><D88/><U97/><E5/><V47/><F47/><AGARI ba="0,1" hai="13,16,21,47,51,52,85,89,93,102,103" m="30827" machi="47" ten="30,7700,0" yaku="8,1,52,1,54,2" doraHai="50" who="3" fromWho="2" sc="250,0,250,0,240,-77,250,87" /><INIT seed="1,0,0,5,3,43" ten="250,250,163,337" oya="1" hai0="0,3,72,106,65,90,29,44,116,93,60,6,61" hai1="120,134,85,113,53,33,19,121,105,27,69,100,4" hai2="110,48,123,49,41,58,15,94,127,99,76,130,23" hai3="86,31,87,67,46,71,83,70,88,55,22,115,79" shuffle="mt19937ar,C4D52D20,400FCF0B,385E8335,71540156,F6C09D46,7DE03D7E,B9C5B7B8,732756A2"/><U1/><E69/><V117/><F123/><W9/><G115/><T74/><D106/><U101/><E113/><V68/><F68/><W35/><G35/><T36/><D116/><U11/><E134/><V25/><F117/><W129/><G129/><T132/><D132/><U59/><E85/><V47/><F110/><W56/><G67/><T10/><D29/><U104/><E101/><V50/><F130/><W81/><G9/><T26/><D26/><U66/><E66/><V119/><F119/><W39/><G39/><T109/><D0/><U107/><E100/><V82/><F15/><W8/><G8/><T103/><D103/><U95/><E95/><V96/><F127/><W17/><G31/><T42/><D109/><U16/><E33/><V51/><F58/><W102/><G102/><T63/><REACH who="0" step="1"/><D65/><REACH who="0" step="2"/><U13/><E27/><V7/><F7/><W89/><G79/><T125/><D125/><U2/><E2/><V84/><REACH who="2" step="1"/><F94/><REACH who="2" step="2"/><W75/><G81/><T78/><D78/><U122/><REACH who="1" step="1"/><E1/><REACH who="1" step="2"/><V24/><F24/><W12/><G83/><T133/><D133/><U97/><E97/><AGARI ba="0,3" hai="3,6,10,36,42,44,60,61,63,72,74,90,93,97" machi="97" ten="40,2600,0" yaku="1,1,52,1,53,0" doraHai="43" doraHaiUra="98" who="0" fromWho="1" sc="240,56,240,-26,153,0,337,0" /><INIT seed="2,0,0,5,4,37" ten="296,214,153,337" oya="2" hai0="25,55,110,89,38,75,68,14,93,98,127,103,128" hai1="67,33,54,53,64,78,3,94,66,27,85,12,4" hai2="19,135,56,72,105,32,58,30,11,70,18,122,51" hai3="101,45,106,112,95,21,7,10,92,82,61,134,83" shuffle="mt19937ar,455CBE7B,EA404F71,C9CEDE4C,EF6D7886,37864B7F,DF0F9B69,BC2A6ED3,204D1FAC"/><V84/><F105/><W77/><G112/><T29/><D110/><U86/><E3/><V109/><F70/><W34/><G34/><T102/><D127/><U24/><E33/><V16/><F72/><W26/><G134/><T97/><D128/><U114/><E114/><V108/><F122/><W116/><G116/><T9/><D75/><U22/><E78/><V79/><F135/><W117/><G117/><T13/><D68/><U120/><E120/><V44/><F30/><W8/><G8/><T20/><D38/><U52/><E94/><V73/><F73/><W119/><G119/><T133/><D133/><U107/><E107/><V113/><F32/><W63/><G106/><T46/><D98/><U49/><E49/><V0/><F113/><W118/><G118/><T48/><REACH who="0" step="1"/><D14/><REACH who="0" step="2"/><U100/><E100/><V17/><F0/><W96/><G101/><T88/><D88/><U132/><E132/><V76/><F84/><N who="1" m="32361" /><E22/><V43/><N who="2" m="4608" /><DORA hai="115" /><V28/><F11/><AGARI ba="0,1" hai="4,11,12,24,27,52,53,54,64,66,67" m="32361" machi="11" ten="40,2600,0" yaku="8,1,54,1" doraHai="37,115" who="1" fromWho="2" sc="286,0,214,36,153,-26,337,0" /><INIT seed="3,0,0,1,1,60" ten="286,250,127,337" oya="3" hai0="90,55,118,47,3,106,20,24,80,9,70,81,99" hai1="28,40,77,107,16,63,14,76,109,84,30,127,132" hai2="134,86,38,133,124,71,116,91,56,110,39,117,18" hai3="78,122,48,12,65,129,21,66,93,0,108,46,10" shuffle="mt19937ar,4ABA0E34,EF140C3D,7AA660AA,7A106C3B,92CDF5EC,F2E6826B,14641F94,8F4AC38B"/><W130/><G122/><T58/><D70/><U74/><E107/><V126/><F18/><W135/><G135/><N who="2" m="51721" /><F91/><W33/><G33/><T128/><D128/><N who="3" m="49257" /><G0/><T26/><D118/><N who="2" m="45674" /><F86/><W50/><G108/><T102/><D47/><U13/><E109/><V36/><F71/><W123/><G123/><T87/><D81/><U112/><E74/><V8/><F8/><W44/><G78/><T113/><D113/><U23/><E112/><V98/><F98/><W115/><G21/><T34/><D34/><U67/><E40/><V100/><F100/><W42/><G115/><T95/><D106/><U17/><E132/><V19/><F19/><N who="3" m="8599" /><G93/><T41/><D41/><AGARI ba="0,0" hai="41,42,44,46,48,50,65,66" m="8599,49257" machi="41" ten="30,5800,0" yaku="19,1,52,2" doraHai="60" who="3" fromWho="0" sc="286,-58,250,0,127,0,337,58" owari="228,-12,250,0,127,-27,395,39" /></mjloggm>