<mjloggm ver="2.3"><GO type="225"/><UN n0="%E3%81%BF%E3%81%A3%E3%81%A4%E3%81%83%EF%BD%9E" n1="%E3%83%81%E3%83%A3%E3%82%AA%E3%83%AA" n2="%E9%9B%AA%E5%9B%BD%E8%82%B2%E3%81%A1" n3="%EF%BC%88%EF%BC%8A%EF%BC%9E%EF%BC%9C%EF%BC%89" dan="17,17,17,17" rate="2166,2121,2116,2198" sx="F,M,M,F"/><TAIKYOKU oya="0"/><INIT seed="0,0,0,2,4,16" ten="250,250,250,250" oya="0" hai0="67,58,55,90,84,49,69,109,71,7,130,113,8" hai1="32,3,22,119,80,81,91,75,30,108,114,18,61" hai2="76,46,23,53,31,13,5,128,135,11,99,133,38" hai3="101,97,126,28,95,15,45,116,73,57,29,96,39" shuffle="mt19937ar,6CC1C788,F8B3B512,00578501,2319C521,F62A018A,46C07589,D9FB1097,2F93A134"/><T88/><D113/><U66/><E119/><V68/><F68/><W37/><G73/><T86/><D130/><U0/><E114/><V1/><F128/><W118/><G126/><T134/><D134/><N who="2" m="51210" /><F76/><W12/><G57/><T92/><D67/><U42/><E42/><N who="2" m="22871" /><F53/><W60/><G45/><T17/><D17/><U26/><E108/><V77/><F77/><W33/><G95/><T21/><D109/><U2/><E75/><V10/><F99/><W70/><G60/><T6/><D6/><U124/><E124/><V104/><F104/><W102/><REACH who="3" step="1"/><G33/><REACH who="3" step="2"/><T100/><D71/><AGARI ba="0,1" hai="12,15,28,29,37,39,70,71,96,97,101,102,116,118" machi="71" ten="25,6400,0" yaku="1,1,2,1,22,2,53,0" doraHai="16" doraHaiUra="41" who="3" fromWho="0" sc="250,-64,250,0,250,0,240,74" /><INIT seed="1,0,0,0,5,130" ten="186,250,250,314" oya="1" hai0="66,0,15,37,2,18,22,72,122,133,98,46,29" hai1="70,77,83,12,32,65,50,45,4,96,71,16,69" hai2="101,106,7,107,113,112,6,125,126,120,111,11,109" hai3="84,61,105,36,134,81,114,57,56,30,90,89,128" shuffle="mt19937ar,B43563DD,925DF5C3,748274AF,7D43854D,5A3EDBB0,3307446A,99937F6D,15B2A96F"/><U87/><E32/><V40/><F40/><W94/><G105/><N who="2" m="39945" /><F101/><W135/><G36/><T78/><D66/><U129/><E96/><V132/><F120/><W10/><G128/><T43/><D122/><U95/><E95/><V116/><F11/><W27/><G114/><N who="2" m="44137" /><F116/><W58/><G61/><T62/><D62/><U68/><E129/><V104/><F104/><W86/><REACH who="3" step="1"/><G10/><REACH who="3" step="2"/><T75/><D98/><U53/><E4/><N who="2" m="1579" /><F132/><W63/><G63/><T5/><D133/><U99/><E65/><V17/><F17/><W131/><G131/><T74/><D18/><U110/><E71/><V35/><F35/><AGARI ba="0,1" hai="27,30,35,56,57,58,81,84,86,89,90,94,134,135" machi="35" ten="40,5200,0" yaku="1,1,52,2,53,0" doraHai="130" doraHaiUra="38" who="3" fromWho="2" sc="186,0,250,0,250,-52,304,62" /><INIT seed="2,0,0,3,4,53" ten="186,250,198,366" oya="2" hai0="34,3,119,44,128,50,73,86,2,51,63,23,76" hai1="42,92,81,94,77,69,16,11,0,19,74,96,97" hai2="40,88,106,64,10,127,43,113,70,85,57,89,107" hai3="75,126,27,55,90,61,5,25,134,41,20,117,62" shuffle="mt19937ar,EA42957C,55B82B02,0090E6D5,43091C8E,BAC1480B,E96BA04C,6F537247,33727AC5"/><V39/><F113/><W110/><G75/><T26/><D34/><U49/><E69/><V13/><F127/><W84/><G41/><T67/><D73/><U109/><E109/><V79/><F70/><W105/><G105/><T37/><D37/><U58/><E0/><V95/><F79/><W9/><G110/><T7/><D119/><U135/><E135/><V68/><F68/><W100/><G100/><T56/><D128/><U93/><E42/><V15/><F106/><W38/><G38/><T65/><D50/><U36/><E36/><V1/><F1/><W82/><G134/><T98/><D65/><U32/><E32/><V22/><F107/><W59/><G117/><T125/><D98/><U118/><E118/><V123/><F123/><W33/><G33/><T46/><D46/><U112/><E112/><V52/><F64/><W47/><G47/><T132/><D7/><U31/><E31/><V122/><F122/><W121/><G126/><T18/><D125/><U30/><E30/><V66/><F66/><W101/><G101/><T35/><D35/><U29/><E29/><V111/><F111/><W130/><G130/><T91/><D76/><U115/><E115/><V48/><F89/><W114/><G114/><T17/><D17/><U108/><E108/><V83/><F83/><W120/><G120/><T4/><D4/><U99/><REACH who="1" step="1"/><E11/><REACH who="1" step="2"/><V78/><F39/><W102/><G9/><T8/><D8/><U45/><E45/><V60/><F10/><W14/><G121/><T104/><D132/><U116/><E116/><V124/><F124/><W71/><G71/><RYUUKYOKU ba="0,1" sc="186,-10,240,30,198,-10,366,-10" hai1="16,19,49,58,74,77,81,92,93,94,96,97,99" /><INIT seed="3,1,1,4,0,127" ten="176,270,188,356" oya="3" hai0="38,62,98,59,77,49,89,135,9,107,95,84,34" hai1="100,15,1,73,70,130,54,30,108,57,74,25,47" hai2="65,56,94,88,104,87,101,71,6,105,17,126,111" hai3="48,40,81,117,58,39,112,92,78,133,8,14,13" shuffle="mt19937ar,269B9C9F,E5B1A9EF,1527D301,AC49364B,BDE1999B,42636BC4,57C793F2,4B218589"/><W79/><G39/><T11/><D38/><U106/><E1/><V21/><F126/><W125/><G117/><T72/><D34/><U51/><E70/><V97/><F111/><W43/><G125/><T22/><D135/><U12/><E108/><V45/><F6/><W83/><G133/><T116/><D116/><U35/><E47/><V113/><F113/><W67/><G92/><T123/><D123/><U55/><E55/><V114/><F114/><W10/><G67/><T16/><D49/><U63/><E63/><V66/><F71/><W41/><G112/><T52/><D72/><U23/><E35/><V76/><F76/><N who="3" m="29227" /><G58/><T32/><D32/><U31/><E74/><V42/><F56/><W46/><G13/><N who="0" m="9487" /><D107/><U19/><E73/><V64/><F105/><W85/><G8/><N who="0" m="3147" /><D77/><U121/><E106/><V109/><F109/><W119/><G119/><T131/><D131/><U134/><E130/><V4/><F4/><N who="3" m="3399" /><G85/><AGARI ba="1,1" hai="52,59,62,84,85,89,95,98" m="3147,9487" machi="85" ten="30,3900,0" yaku="8,1,54,2" doraHai="127" who="0" fromWho="3" sc="176,52,270,0,188,0,356,-42" owari="228,-12,270,2,188,-21,314,31" /></mjloggm>