<mjloggm ver="2.3"><GO type="225"/><UN n0="%E9%95%B7%E5%B2%A1%E5%A4%A7%E6%98%8E%E7%A5%9E" n1="%23%37%34%E5%A4%A7%E6%B2%BB%E9%83%8E" n2="%E3%82%88%E3%81%A3%E3%81%A1" n3="%E8%B6%85%E3%83%92%E3%83%A2%E3%83%AA%E3%83%AD" dan="16,16,16,17" rate="2052,2065,2063,2095" sx="F,M,M,F"/><TAIKYOKU oya="0"/><INIT seed="0,0,0,3,3,15" ten="250,250,250,250" oya="0" hai0="32,73,21,130,126,47,17,5,131,27,114,95,48" hai1="2,14,115,38,94,111,86,103,56,51,132,40,18" hai2="96,124,70,24,133,134,125,121,92,101,44,75,8" hai3="55,80,89,59,106,87,108,119,9,34,0,102,22" shuffle="mt19937ar,5AE666FC,3B3E621B,76B571C4,A8C55126,DC85E9B5,2883F43F,AC01447B,6D71A051"/><T98/><D73/><U135/><E2/><V1/><F75/><W12/><G34/><T23/><D114/><U11/><E115/><V31/><F70/><W62/><G119/><T45/><D5/><U129/><E38/><V64/><F64/><W60/><G108/><T72/><D72/><U35/><E35/><V110/><F44/><W104/><G102/><T4/><D4/><U43/><E111/><V30/><F121/><W66/><G22/><T42/><D126/><N who="2" m="48746" /><F110/><W67/><G0/><T58/><D32/><U120/><E120/><V109/><F109/><W82/><G82/><T52/><D21/><U116/><E116/><V97/><F97/><W100/><G100/><T122/><D122/><U26/><E129/><N who="0" m="49161" /><D42/><U90/><E26/><V112/><F112/><W39/><G39/><T61/><D48/><U13/><E103/><AGARI ba="0,0" hai="17,23,27,45,47,52,58,61,95,98,103" m="49161" machi="103" ten="30,5800,0" yaku="19,1,52,1,54,1" doraHai="15" who="0" fromWho="1" sc="250,58,250,-58,250,0,250,0" /><INIT seed="0,1,0,1,2,123" ten="308,192,250,250" oya="0" hai0="18,45,102,40,5,4,89,132,24,35,129,22,66" hai1="121,126,75,105,41,23,63,38,21,61,7,111,30" hai2="58,32,79,67,8,125,69,101,10,36,88,43,34" hai3="114,73,119,57,42,46,50,130,133,56,2,109,37" shuffle="mt19937ar,78DDA9F8,07A3D127,B14EEB61,B541C35A,CB66C2B0,F023A925,D079221D,2862AB56"/><T120/><D120/><U128/><E7/><V104/><F69/><W91/><G73/><T72/><D72/><U53/><E105/><V33/><F79/><W39/><G2/><T54/><D66/><U71/><E75/><V60/><F125/><W25/><G114/><T80/><D102/><U16/><E126/><V68/><F68/><W95/><G119/><T48/><D129/><U127/><E127/><V1/><F101/><W76/><G76/><T47/><D35/><U87/><E121/><V70/><F104/><W86/><G130/><T116/><D116/><U108/><E128/><V55/><F1/><W83/><G133/><T49/><D132/><U99/><E99/><V0/><F0/><W134/><G134/><T122/><D122/><U15/><E71/><V85/><F43/><W20/><G83/><T3/><D3/><U103/><E103/><V135/><F36/><W74/><G74/><T13/><D24/><N who="1" m="16671" /><E53/><V77/><F77/><W17/><G109/><N who="1" m="42058" /><E87/><AGARI ba="1,0" hai="4,5,13,18,22,40,45,47,48,49,54,80,87,89" machi="87" ten="40,2000,0" yaku="8,1" doraHai="123" who="0" fromWho="1" sc="308,23,192,-23,250,0,250,0" /><INIT seed="0,2,0,4,1,23" ten="331,169,250,250" oya="0" hai0="135,16,89,92,63,64,7,75,110,3,91,0,8" hai1="62,21,72,101,20,105,54,32,117,37,109,15,88" hai2="43,78,125,35,59,99,1,56,65,113,27,116,114" hai3="25,50,96,41,112,108,129,104,60,55,86,130,115" shuffle="mt19937ar,5C3E6668,69ACEC0F,2D5A34EF,5EFB5FB6,585DD75C,0BAF2765,8CED35DD,984CF82B"/><T70/><D75/><U58/><E117/><V133/><F1/><W69/><G108/><T51/><D110/><U45/><E32/><V33/><F116/><W111/><G111/><T71/><D135/><U30/><E72/><V87/><F133/><W85/><G41/><T124/><D124/><U95/><E109/><V79/><F125/><W44/><G112/><T4/><D71/><U57/><E105/><V52/><F43/><W38/><G38/><T97/><D51/><N who="1" m="29039" /><E37/><V53/><F65/><W42/><G115/><T132/><D132/><U5/><E101/><V118/><F118/><W121/><G121/><T34/><D34/><U14/><E5/><V127/><F127/><W68/><G68/><T131/><D131/><U84/><E58/><V103/><F87/><W120/><G120/><T61/><D61/><U6/><E6/><V24/><F99/><W26/><G96/><T82/><D7/><U2/><E2/><V76/><F76/><W9/><G104/><T47/><D47/><U100/><E100/><AGARI ba="2,0" hai="24,27,33,35,52,53,56,59,78,79,100,103,113,114" machi="100" ten="25,8000,1" yaku="22,2,52,2,54,1" doraHai="23" who="2" fromWho="1" sc="331,0,169,-86,250,86,250,0" /><INIT seed="1,0,0,0,0,115" ten="331,83,336,250" oya="1" hai0="127,8,102,100,86,132,92,6,121,15,34,69,24" hai1="97,85,96,71,113,9,76,95,10,38,101,20,50" hai2="56,64,54,21,81,66,33,4,70,67,114,116,58" hai3="62,131,36,31,35,5,98,57,55,3,135,72,106" shuffle="mt19937ar,BCB0372D,6F2C2148,1007CBDF,1198B3C3,8E124663,5744D0F7,3E0DED1E,625577D6"/><U65/><E113/><V126/><F33/><W73/><G36/><T18/><D69/><U130/><E38/><V63/><F114/><W129/><G135/><T11/><D132/><U128/><E71/><V68/><F4/><W53/><G5/><T122/><D127/><U75/><E65/><V7/><F7/><W120/><G3/><T30/><D86/><U111/><E50/><V44/><F81/><W40/><G40/><T112/><D112/><U47/><E47/><V118/><F21/><W12/><G12/><T13/><REACH who="0" step="1"/><D92/><REACH who="0" step="2"/><U60/><E75/><V52/><F126/><W46/><G73/><T87/><D87/><U0/><E0/><V61/><F44/><W78/><G72/><T19/><D19/><U43/><E85/><V119/><AGARI ba="0,1" hai="52,54,56,58,61,63,64,66,67,68,70,116,118,119" machi="119" ten="40,16000,3" yaku="0,1,9,1,34,3,52,3,54,1" doraHai="115" who="2" fromWho="2" sc="321,-40,83,-80,336,170,250,-40" /><INIT seed="2,0,0,3,0,110" ten="281,3,506,210" oya="2" hai0="53,114,132,36,45,23,16,10,129,58,43,71,89" hai1="14,87,64,11,7,9,115,127,26,109,124,83,25" hai2="13,32,113,52,33,75,66,62,24,118,77,117,134" hai3="2,49,126,0,88,17,78,21,131,74,63,99,31" shuffle="mt19937ar,E28410A3,37FE48F6,1552DDE9,AA8157EB,1F33E3A5,7B38DCED,8D008CDA,91E2BB5A"/><V46/><F13/><W98/><G126/><N who="1" m="48170" /><E64/><V122/><F122/><W104/><G131/><T103/><D71/><U48/><E48/><V22/><F77/><W8/><G78/><T67/><D129/><U30/><E87/><V39/><F75/><W125/><G74/><T60/><D67/><U101/><E83/><V80/><F80/><W59/><G125/><T93/><D103/><U61/><E101/><V20/><F134/><W38/><G38/><T19/><D132/><U121/><E61/><V4/><F4/><W116/><G116/><T105/><D105/><U84/><E84/><V42/><F22/><W5/><G31/><T135/><D135/><U95/><E95/><V123/><F33/><W119/><G119/><T50/><D36/><U108/><E121/><V102/><F32/><W54/><G104/><T85/><D60/><U55/><E55/><V106/><F123/><W44/><G0/><T41/><D43/><U76/><E76/><V82/><F118/><W96/><G88/><T111/><D41/><U1/><E115/><V29/><F82/><W92/><G92/><T97/><D114/><U51/><E51/><V79/><F117/><W128/><G128/><T57/><D85/><U120/><E120/><V72/><F79/><W112/><G112/><T6/><D89/><U40/><E40/><V100/><F72/><W130/><G130/><T81/><D93/><U27/><E30/><V91/><F113/><W34/><G63/><T47/><D81/><U94/><E94/><V37/><F106/><W56/><G96/><T69/><D97/><U12/><E1/><RYUUKYOKU ba="0,0" sc="281,-10,3,30,506,-10,210,-10" hai1="7,9,11,12,14,25,26,27,108,109" /><INIT seed="3,1,0,4,5,78" ten="271,33,496,200" oya="3" hai0="115,83,42,94,29,122,7,133,110,61,128,10,102" hai1="119,71,80,37,15,79,17,41,24,103,70,121,95" hai2="75,91,26,5,25,127,118,11,107,58,16,50,21" hai3="73,67,1,28,74,30,131,59,45,49,100,109,14" shuffle="mt19937ar,445C0CDC,F551BA66,4B39185B,4EF373C3,36C24784,E2C93023,AA45C37C,FB6492B5"/><W44/><G1/><T27/><D122/><U97/><E121/><V89/><F107/><W117/><G117/><T77/><D42/><U87/><E119/><V88/><F118/><W123/><G123/><T101/><D128/><U38/><E24/><V113/><F75/><W93/><G131/><T9/><D110/><U62/><E41/><V33/><F113/><W39/><G109/><T47/><D47/><U76/><E62/><V36/><F36/><W69/><G69/><T132/><D61/><U60/><E71/><V84/><F127/><W81/><G39/><T6/><D115/><U92/><E70/><V129/><F129/><W68/><G68/><T51/><D51/><U99/><E60/><V40/><F26/><W124/><G124/><T3/><D94/><U8/><REACH who="1" step="1"/><E76/><REACH who="1" step="2"/><V126/><F126/><W112/><G67/><T66/><D66/><U23/><E23/><V53/><F33/><W72/><G112/><T90/><D77/><U116/><E116/><V114/><F40/><W111/><G111/><T64/><D64/><U135/><E135/><V22/><F22/><W52/><G30/><T98/><D133/><U48/><E48/><V0/><F114/><W20/><G28/><T12/><D132/><U134/><E134/><V106/><F106/><W96/><G20/><T19/><D29/><U35/><E35/><V104/><F104/><W108/><G108/><T86/><D27/><U31/><E31/><V55/><F55/><W82/><G14/><T63/><D63/><U34/><E34/><V57/><F57/><W105/><G105/><N who="0" m="63671" /><D12/><U65/><E65/><RYUUKYOKU ba="1,1" sc="271,-30,23,10,496,10,200,10" hai1="8,15,17,37,38,79,80,87,92,95,97,99,103" hai2="0,5,11,16,21,25,50,53,58,84,88,89,91" hai3="44,45,49,52,59,72,73,74,81,82,93,96,100" /><INIT seed="3,2,1,0,0,4" ten="241,33,506,210" oya="3" hai0="131,54,39,94,13,25,133,77,102,126,95,50,120" hai1="56,92,122,107,100,135,9,16,117,115,23,24,43" hai2="31,87,98,62,121,85,101,64,82,127,1,11,84" hai3="32,12,61,110,44,52,71,41,70,125,18,116,130" shuffle="mt19937ar,F569F56F,F175EEE9,B8323643,0A263C4F,23515DC3,1BF2A50E,0DB3A0C2,863DDFC4"/><W40/><G116/><T10/><D120/><U34/><E122/><V55/><F121/><W19/><G32/><T123/><D123/><U59/><E117/><V109/><F109/><W5/><G110/><T104/><D39/><U3/><E107/><V67/><F31/><W69/><G130/><T103/><D131/><U76/><E115/><V105/><F127/><W112/><G112/><T28/><D126/><U49/><E135/><V8/><F1/><W66/><G125/><T81/><D133/><U17/><E76/><V119/><F119/><W128/><G128/><T46/><D104/><U47/><E34/><V29/><F29/><W60/><G5/><N who="0" m="3279" /><D81/><U118/><E118/><V37/><F37/><W48/><G19/><T35/><D35/><U89/><E100/><N who="0" m="38441" /><D77/><U45/><E45/><V6/><F6/><W7/><G7/><T86/><D86/><U30/><E3/><V72/><F72/><W38/><G66/><T132/><D132/><U0/><E0/><V108/><F82/><W20/><REACH who="3" step="1"/><G41/><REACH who="3" step="2"/><T27/><D28/><U99/><REACH who="1" step="1"/><E17/><REACH who="1" step="2"/><V68/><F108/><W21/><G21/><T26/><AGARI ba="2,3" hai="25,26,27,46,50,54,94,95" m="38441,3279" machi="26" ten="30,2000,0" yaku="8,1,52,1" doraHai="4" who="0" fromWho="0" sc="241,56,23,-7,506,-7,200,-12" owari="297,5,16,-38,499,49,188,-16" /></mjloggm>