<mjloggm ver="2.3"><GO type="185"/><UN n0="%E3%81%B0%E3%81%8F%E3%81%92%E3%81%A3%E3%81%8D" n1="%EF%BC%BC%28%EF%BC%BE%6F%EF%BC%BE%29%EF%BC%8F%E2%98%85" n2="%E7%B1%B3%E5%85%89%E5%80%B6%E6%A5%BD%E9%83%A8" n3="" dan="16,17,16,0" rate="2193,2164,2176,1500" sx="M,M,F,C"/><TAIKYOKU oya="0"/><INIT seed="0,0,0,1,0,34" ten="350,350,350,0" oya="0" hai0="36,91,113,64,135,74,59,108,81,90,119,65,45" hai1="66,105,115,124,80,39,127,93,86,102,128,37,132" hai2="133,51,97,76,120,43,61,35,89,107,67,72,85" hai3="" shuffle="mt19937ar,A8976A18,5FA8FEC1,B24C967C,10CDA1A0,E34E9D2C,D22F4E03,C60215FD,FBF64818"/><T56/><D119/><U126/><E115/><V53/><N who="2" m="30752" /><V101/><F35/><T70/><D113/><U82/><E128/><V99/><F43/><T84/><D74/><U40/><E132/><V68/><F133/><T33/><D135/><U134/><E134/><V57/><F97/><T94/><D33/><U100/><E66/><N who="0" m="25705" /><D70/><U77/><E40/><V60/><F76/><T109/><D36/><U88/><E39/><V48/><F72/><T98/><D45/><U87/><E37/><V79/><F79/><T47/><D47/><U62/><E62/><V71/><F68/><T75/><D75/><U96/><E102/><V131/><F131/><T110/><AGARI ba="0,0" hai="56,59,81,84,90,91,94,98,108,109,110" m="25705" machi="110" ten="40,2600,0" yaku="14,1,10,1" doraHai="34" who="0" fromWho="0" sc="350,26,350,-13,350,-13,0,0" /><INIT seed="0,1,0,4,4,57" ten="376,337,337,0" oya="0" hai0="132,119,108,83,60,92,48,44,55,86,110,128,1" hai1="46,97,41,93,101,122,68,61,100,102,117,94,54" hai2="38,106,72,96,116,79,56,36,98,107,133,39,51" hai3="" shuffle="mt19937ar,A2C3C633,BBEB6B3B,051EFDDB,E3C86E82,B412F15F,E49EF30F,488C7E2B,DFB21FC9"/><T45/><D1/><U73/><N who="1" m="31264" /><U115/><E117/><V71/><F71/><T120/><N who="0" m="30752" /><T114/><D119/><U111/><E115/><V130/><F116/><T127/><D114/><U77/><E111/><N who="0" m="42537" /><D128/><U105/><E73/><V67/><F133/><T64/><D132/><U109/><E77/><V32/><F32/><T90/><D127/><U74/><E74/><V37/><F130/><T135/><D135/><U131/><E109/><V3/><F3/><T34/><D34/><U118/><E131/><V40/><F79/><T2/><D2/><U113/><E118/><V62/><F72/><T59/><D83/><U70/><E113/><V33/><F33/><T76/><D76/><U104/><E104/><V78/><F78/><T80/><D80/><U47/><E105/><V112/><F112/><T35/><D35/><U66/><E94/><V95/><F98/><T123/><N who="0" m="31520" /><T121/><N who="0" m="31008" /><T52/><D55/><U91/><E54/><V103/><N who="2" m="9216" /><DORA hai="89" /><V126/><REACH who="2" step="1"/><F126/><REACH who="2" step="2"/><T65/><D65/><U0/><E0/><V42/><F42/><T50/><D50/><U124/><E124/><V129/><F129/><T49/><D49/><U84/><E41/><V69/><F69/><AGARI ba="1,1" hai="44,45,48,52,59,60,64,69,86,90,92" m="31008,31520,42537,30752" machi="69" ten="30,24000,3" yaku="14,1,10,1,52,5,54,1" doraHai="57,89" who="0" fromWho="2" sc="376,252,337,0,327,-242,0,0" /><INIT seed="0,2,0,3,5,35" ten="628,337,85,0" oya="0" hai0="134,131,86,45,46,62,57,53,105,50,2,123,96" hai1="67,81,93,97,127,98,34,0,114,83,40,69,78" hai2="79,49,102,103,117,112,39,101,65,122,128,100,75" hai3="" shuffle="mt19937ar,ACAF668A,D1AC3B80,388DB683,21D5FEFD,584B29F2,9FD4D9E3,02A47A25,996AFBC3"/><T52/><N who="0" m="31520" /><T90/><D2/><U1/><E34/><V74/><N who="2" m="31264" /><V104/><F39/><T70/><D70/><U126/><E114/><V116/><F65/><T58/><D131/><U72/><E40/><V113/><F49/><T37/><D37/><U55/><E83/><V115/><F128/><T87/><D86/><U85/><E72/><N who="2" m="27691" /><F79/><T129/><D129/><U119/><E119/><N who="2" m="45643" /><F103/><T48/><D62/><U95/><E55/><V108/><F108/><T32/><D32/><U106/><E67/><V54/><F54/><T38/><D38/><U61/><E61/><V73/><N who="2" m="27699" /><V64/><DORA hai="51" /><F64/><T120/><N who="0" m="30752" /><T121/><N who="0" m="31008" /><T124/><D87/><U109/><E85/><V82/><F82/><T84/><D84/><U68/><E81/><V42/><F42/><T66/><D66/><U60/><E60/><V89/><F104/><T94/><D105/><U41/><E106/><V33/><F33/><T44/><D44/><U43/><E78/><V118/><N who="2" m="45651" /><V56/><DORA hai="133" /><F56/><T125/><D46/><U135/><E109/><V3/><F3/><T59/><D45/><U111/><E111/><V47/><F47/><T88/><D59/><U77/><E77/><V80/><F80/><RYUUKYOKU ba="2,0" sc="628,-20,337,10,85,10,0,0" hai1="0,1,41,43,68,69,93,95,97,98,126,127,135" hai2="89,100,101,102,112,113,115" /><INIT seed="1,3,0,5,5,32" ten="608,347,95,0" oya="1" hai0="101,106,73,52,67,37,44,99,85,107,130,115,61" hai1="0,36,68,77,111,60,92,129,35,59,65,54,33" hai2="42,119,45,114,81,43,127,123,121,72,79,80,56" hai3="" shuffle="mt19937ar,A8418CA4,9A761AF6,B5B53D54,9C926D5B,08DD45B2,83C17403,166D1EB7,AB33A868"/><U102/><E36/><V103/><N who="2" m="31008" /><V122/><N who="2" m="31264" /><V86/><N who="2" m="31520" /><V2/><F2/><T120/><D73/><U70/><E0/><V39/><F119/><T57/><N who="0" m="30752" /><T62/><D115/><U97/><E129/><V75/><F114/><T98/><D130/><U76/><E111/><V49/><F127/><T108/><D108/><U134/><E134/><V53/><F103/><T48/><D37/><U89/><E70/><V82/><F43/><T128/><D128/><U110/><E110/><V69/><F75/><T133/><D133/><U41/><E41/><V58/><F69/><T118/><D118/><U95/><E35/><V91/><F81/><T1/><D1/><U63/><E33/><V116/><F116/><T83/><D62/><U104/><E104/><V88/><REACH who="2" step="1"/><F56/><REACH who="2" step="2"/><T94/><D83/><U135/><E135/><V117/><F117/><T64/><D101/><U112/><E112/><V47/><F47/><T93/><D44/><U55/><E102/><V131/><F131/><T3/><D3/><U105/><E68/><V132/><F132/><T38/><D57/><U109/><E59/><V113/><F113/><T87/><D106/><U126/><E105/><V34/><F34/><T71/><D107/><RYUUKYOKU ba="3,1" sc="608,-10,347,-10,85,20,0,0" hai2="39,42,45,49,53,58,72,79,80,82,86,88,91" /><INIT seed="2,4,1,0,5,55" ten="598,337,105,0" oya="2" hai0="110,70,46,68,36,47,85,104,66,56,95,86,92" hai1="41,82,64,57,40,105,129,118,62,52,69,123,127" hai2="107,124,77,93,126,75,134,73,97,71,99,1,43" hai3="" shuffle="mt19937ar,FB8CA195,E4C1FEF2,A861044D,DD801B7B,2FCF7444,F0EA2B60,7339C74F,CC863074"/><V87/><F1/><T113/><D113/><U33/><N who="1" m="31520" /><U59/><E33/><V80/><F71/><T83/><D104/><U112/><E105/><V128/><F43/><T102/><D56/><U34/><E34/><V115/><F115/><T103/><D66/><U58/><E112/><V91/><F134/><T119/><D119/><U90/><E118/><V76/><F128/><T98/><D98/><N who="2" m="37386" /><F107/><T122/><N who="0" m="31264" /><T48/><D48/><U53/><E129/><V117/><F117/><T60/><D60/><U72/><E127/><N who="2" m="48683" /><F77/><T65/><D68/><U3/><E3/><V54/><F54/><T61/><D70/><U94/><E41/><V38/><F38/><T51/><D36/><U121/><N who="1" m="31008" /><U84/><REACH who="1" step="1"/><E40/><REACH who="1" step="2"/><V63/><F63/><T132/><D61/><U96/><E96/><AGARI ba="4,2" hai="73,75,76,80,87,91,93,96" m="48683,37386" machi="96" ten="30,5800,0" yaku="18,1,34,2" doraHai="55" who="2" fromWho="1" sc="598,0,327,-66,105,86,0,0" /><INIT seed="2,5,0,1,0,133" ten="598,261,191,0" oya="2" hai0="76,65,55,95,57,54,121,98,58,106,51,129,48" hai1="64,83,90,66,80,113,77,110,108,63,61,45,88" hai2="91,56,87,69,47,94,126,34,100,50,114,97,122" hai3="" shuffle="mt19937ar,2DFCB5B9,BA048446,896C7E2F,C285A897,BD3E8710,3B7F3E51,DB8308C8,A4FF157E"/><V0/><N who="2" m="31264" /><V99/><F34/><T85/><N who="0" m="31008" /><T75/><D106/><U32/><E113/><V43/><F69/><T52/><D129/><U72/><E32/><V38/><F0/><T35/><D35/><U73/><E45/><V117/><F114/><T2/><D2/><U119/><REACH who="1" step="1"/><E77/><REACH who="1" step="2"/><V131/><F131/><T60/><D76/><U104/><E104/><V93/><F117/><AGARI ba="5,1" hai="61,63,64,66,72,73,80,83,88,90,108,110,117,119" machi="117" ten="25,6400,0" yaku="1,1,22,2,54,1,53,0" doraHai="133" doraHaiUra="101" who="1" fromWho="2" sc="598,0,251,84,191,-74,0,0" /><INIT seed="4,0,0,0,1,72" ten="598,335,117,0" oya="0" hai0="65,57,92,44,123,71,91,43,104,119,53,108,103" hai1="59,79,130,56,1,46,52,68,64,37,95,83,48" hai2="105,115,114,102,41,74,58,117,3,81,128,40,94" hai3="" shuffle="mt19937ar,BB989C64,0D4AA31F,0813217E,F1DCD9B6,F71998A8,191AF5AA,1427D284,3551F4CF"/><T96/><N who="0" m="31520" /><T77/><D108/><U66/><E1/><V54/><F3/><T88/><D119/><U126/><E126/><V51/><F105/><T121/><N who="0" m="31008" /><T120/><N who="0" m="30752" /><T106/><D65/><U97/><E130/><V101/><F128/><T32/><D71/><U63/><E66/><V34/><F34/><T78/><D32/><U111/><E111/><V133/><F117/><T116/><D116/><U135/><E37/><V76/><F133/><T0/><D0/><U35/><E135/><V110/><F110/><T75/><D75/><U129/><E129/><V100/><REACH who="2" step="1"/><F94/><REACH who="2" step="2"/><T36/><D106/><U127/><E35/><V89/><F89/><T99/><REACH who="0" step="1"/><D91/><REACH who="0" step="2"/><U122/><N who="1" m="31264" /><U118/><E118/><V73/><F73/><T82/><D82/><U45/><E127/><V55/><F55/><T60/><AGARI ba="0,2" hai="36,43,44,53,57,60,77,78,88,92,96,99,103,104" m="30752,31008,31520" machi="60" ten="20,16000,3" yaku="1,1,0,1,7,1,52,5,54,1,53,1" doraHai="72" doraHaiUra="39" who="0" fromWho="0" sc="588,180,335,-80,107,-80,0,0" /><INIT seed="4,1,0,4,5,78" ten="768,255,27,0" oya="0" hai0="94,131,33,3,129,64,62,55,34,116,48,36,92" hai1="109,87,52,72,68,122,89,46,47,134,79,124,2" hai2="70,40,99,112,86,132,53,73,123,65,111,93,57" hai3="" shuffle="mt19937ar,EF35BF60,E7D74EA5,55B9C6B6,D726C3E9,62D480C7,5E5CA66A,2318755B,AEA52F61"/><T114/><D3/><U0/><N who="1" m="31264" /><U100/><E68/><V126/><N who="2" m="31520" /><V42/><F73/><T91/><D116/><U39/><E109/><V88/><F111/><T71/><D36/><U125/><E100/><V56/><F132/><T84/><D94/><U49/><E134/><V61/><F126/><N who="1" m="48745" /><E79/><V130/><F130/><T51/><D114/><U106/><E72/><V104/><F112/><T81/><D92/><U117/><E106/><V66/><F66/><T74/><D74/><U98/><E98/><V76/><F70/><T75/><D75/><U119/><E47/><V83/><F104/><T103/><D103/><U59/><E39/><V105/><REACH who="2" step="1"/><F105/><REACH who="2" step="2"/><T95/><D95/><U115/><E115/><V37/><F37/><T133/><D133/><U60/><E2/><V135/><F135/><T41/><D131/><U43/><E0/><V128/><F128/><T38/><D129/><U107/><E107/><V102/><F102/><T110/><D110/><U58/><E119/><V113/><F113/><T77/><D38/><U44/><E117/><V96/><F96/><T120/><N who="0" m="30752" /><T50/><D41/><U101/><E101/><V67/><F67/><T80/><D55/><U32/><E43/><V35/><F35/><RYUUKYOKU ba="1,1" sc="768,10,255,-20,17,10,0,0" hai0="33,34,48,50,51,62,64,71,77,80,81,84,91" hai2="40,42,53,56,57,61,65,76,83,86,88,93,99" /><INIT seed="4,2,1,0,1,95" ten="778,235,27,0" oya="0" hai0="83,76,114,0,47,94,46,128,48,130,52,84,106" hai1="77,39,116,78,118,60,80,1,91,67,112,131,58" hai2="113,38,133,82,109,129,108,59,121,44,53,71,126" hai3="" shuffle="mt19937ar,91D74739,8D2276B5,DD38C4AB,CD213F07,7002D22E,CFB88C70,1B8D539A,7D11ACF7"/><T125/><D0/><U81/><E1/><V99/><F82/><T92/><D106/><U57/><E39/><V61/><F99/><T62/><D125/><U42/><E131/><N who="0" m="50217" /><D114/><U117/><E42/><V35/><F53/><T36/><D62/><U49/><E112/><V70/><F59/><T101/><D101/><U63/><E49/><V122/><F44/><T66/><D66/><U74/><E91/><V119/><F61/><T111/><D111/><U134/><E134/><V100/><F100/><T93/><D36/><U124/><E124/><V50/><F50/><T104/><D104/><U45/><E45/><AGARI ba="2,1" hai="45,46,47,48,52,76,83,84,92,93,94" m="50217" machi="45" ten="30,2900,0" yaku="19,1,54,1" doraHai="95" who="0" fromWho="1" sc="778,43,235,-33,27,0,0,0" /><INIT seed="4,3,0,3,1,110" ten="821,202,27,0" oya="0" hai0="47,91,2,79,116,135,0,44,72,84,114,73,86" hai1="104,124,34,58,112,67,105,101,36,87,119,78,70" hai2="133,129,117,108,111,1,115,130,3,60,64,80,102" hai3="" shuffle="mt19937ar,EFDC4496,A71734E0,EA89DD0A,6E241CED,91E166DE,3C9D989E,4F417092,7D82C06E"/><T54/><D116/><U59/><E34/><V37/><F80/><T48/><D135/><U134/><E36/><V40/><F102/><T122/><N who="0" m="31264" /><T125/><D125/><U90/><E119/><V53/><F53/><T132/><D132/><U68/><E134/><V100/><F100/><T66/><D66/><U107/><E124/><V83/><F83/><T43/><D114/><U35/><E35/><V121/><F40/><T96/><D96/><U55/><E78/><V33/><F60/><T99/><D99/><U81/><E101/><V50/><F64/><T52/><D48/><U45/><E45/><V69/><F50/><T49/><D49/><U93/><E81/><V89/><F89/><T62/><D62/><U82/><E112/><V38/><F38/><T56/><D56/><U85/><E67/><V109/><F1/><T74/><D74/><U46/><E46/><V39/><F39/><T61/><D61/><U127/><E127/><V41/><F109/><T71/><D43/><U94/><E59/><V63/><F41/><T51/><D51/><U75/><E75/><V65/><F111/><T92/><D79/><U42/><E42/><V128/><F65/><T120/><N who="0" m="30752" /><T106/><D91/><U77/><E58/><RYUUKYOKU ba="3,0" sc="821,0,202,0,27,0,0,0" /><INIT seed="5,4,0,0,2,92" ten="821,202,27,0" oya="1" hai0="35,116,133,81,113,82,99,39,64,51,65,42,59" hai1="45,100,98,75,62,86,127,104,76,118,57,114,96" hai2="129,55,131,68,89,66,41,125,123,101,53,119,91" hai3="" shuffle="mt19937ar,E3248B3E,EC31FF16,267638EB,4DDD0870,9C4844A0,8368E987,2257141F,8092EE21"/><U126/><E118/><V3/><N who="2" m="31520" /><V73/><F3/><T110/><D35/><U121/><N who="1" m="31008" /><U67/><E114/><V80/><F119/><T34/><D116/><U46/><E75/><V78/><F41/><T95/><D34/><U108/><E108/><V111/><F111/><T85/><D110/><U87/><E98/><V84/><F101/><T56/><D39/><U48/><E46/><V134/><F91/><T49/><D133/><U38/><E38/><V115/><F115/><T88/><D113/><U105/><E105/><V63/><F134/><T130/><D130/><N who="2" m="49674" /><F125/><N who="1" m="47625" /><E76/><V71/><F68/><T52/><D81/><AGARI ba="4,0" hai="53,55,63,66,71,73,78,80,81,84,89" m="49674,31520" machi="81" ten="30,2000,0" yaku="19,1,52,1" doraHai="92" who="2" fromWho="0" sc="821,-28,202,0,27,28,0,0" /><INIT seed="6,0,0,1,1,54" ten="793,202,55,0" oya="2" hai0="3,32,0,124,131,129,45,93,51,84,81,48,88" hai1="60,119,127,87,126,97,72,83,95,100,62,61,38" hai2="96,33,91,108,42,37,106,115,114,79,128,107,57" hai3="" shuffle="mt19937ar,3057E0B5,11D500D3,1D4FAB54,D49D0DDF,C5D9AB42,51CACC23,766B8FC3,15CCBFEB"/><V70/><F70/><T47/><D32/><U50/><E38/><V94/><F33/><T69/><D69/><U41/><E72/><V71/><F71/><T111/><D111/><U1/><E1/><V77/><F108/><T53/><D81/><U75/><E75/><V66/><F128/><N who="0" m="49226" /><D124/><N who="1" m="47659" /><E119/><V101/><F42/><AGARI ba="0,0" hai="0,3,42,45,47,48,51,53,84,88,93" m="49226" machi="42" ten="30,2000,0" yaku="19,1,54,1" doraHai="54" who="0" fromWho="2" sc="793,20,202,0,55,-20,0,0" owari="813,76,202,-20,35,-56,0,0" /></mjloggm>