<mjloggm ver="2.3"><GO type="171"/><UN n0="%E3%81%B5%E3%82%8B%E3%81%AD%E3%81%93%40%E4%BD%95%E5%88%87%E3%82%8B" n1="%E5%85%AD%E5%88%86%E5%84%80" n2="%E4%BC%BC%E9%9D%9E%53%E3%83%87%E3%82%B8%E3%82%BF%E3%83%AB" n3="%E9%95%B7%E5%B2%A1%E5%A4%A7%E6%98%8E%E7%A5%9E" dan="16,18,16,16" rate="2072,2147,2005,2056" sx="M,F,M,F"/><TAIKYOKU oya="0"/><INIT seed="0,0,0,5,3,132" ten="250,250,250,250" oya="0" hai0="72,46,96,69,127,83,26,106,49,33,134,1,95" hai1="19,25,6,37,88,80,21,28,71,4,41,78,12" hai2="24,94,81,74,77,30,27,10,125,38,99,39,50" hai3="113,11,68,55,73,22,85,35,63,89,92,29,36" shuffle="mt19937ar,BA958AF1,ED54BEF3,C1765035,1301D53B,3498B617,0A15D2A0,A6A60F77,2EE06E54"/><T115/><D115/><U102/><E71/><V7/><F7/><BYE who="2" /><W82/><G36/><T2/><D106/><UN n2="%E4%BC%BC%E9%9D%9E%53%E3%83%87%E3%82%B8%E3%82%BF%E3%83%AB" /><U64/><E64/><V135/><F135/><W86/><G113/><T8/><D69/><U109/><E109/><V15/><F50/><W51/><G73/><T84/><D72/><U40/><E88/><V110/><F110/><W76/><G35/><T43/><D134/><U108/><E108/><V97/><F97/><W53/><G11/><T123/><D123/><U56/><E56/><V44/><F44/><W0/><G0/><T116/><D116/><U67/><E67/><V124/><F15/><W87/><G68/><T128/><D128/><U105/><E102/><N who="2" m="60791" /><F10/><W114/><G114/><T45/><D45/><U104/><E104/><V65/><F65/><W62/><G86/><T60/><D8/><U131/><E105/><V118/><F118/><W70/><G70/><T23/><D33/><U20/><E131/><V16/><F16/><W3/><G3/><T111/><D111/><U107/><E107/><V130/><F130/><W9/><G9/><T100/><D60/><N who="3" m="23081" /><G51/><T120/><D120/><U54/><E37/><N who="2" m="13835" /><F30/><W14/><G14/><T90/><D2/><U13/><E13/><V58/><F58/><W17/><G17/><N who="0" m="12655" /><D1/><U18/><E28/><V93/><F93/><W32/><G32/><T103/><D103/><U129/><E129/><V98/><F98/><W34/><G34/><T79/><D100/><U121/><E121/><V48/><F48/><W66/><G66/><T101/><D101/><U112/><E112/><V31/><F31/><W91/><G29/><RYUUKYOKU ba="0,0" sc="250,15,250,-15,250,15,250,-15" hai0="43,46,49,79,83,84,90,95,96,127" hai2="24,27,74,77,81,124,125" /><INIT seed="0,1,0,0,5,97" ten="265,235,265,235" oya="0" hai0="15,24,62,49,68,29,65,0,10,39,133,58,67" hai1="78,90,121,115,83,55,85,3,9,89,38,14,82" hai2="18,86,123,108,40,118,91,23,21,37,50,5,92" hai3="103,63,22,13,76,70,113,59,106,48,95,32,77" shuffle="mt19937ar,549F720B,9402966A,BE3B2464,CFEBAC9F,DF0A9B7E,3FCB2455,51C8D8EF,A6A04976"/><T114/><D39/><U100/><E121/><V64/><F123/><W99/><G32/><T117/><D117/><U129/><E38/><V33/><F33/><W111/><G113/><T4/><D114/><U73/><E115/><V30/><F37/><W46/><G70/><T128/><D128/><U7/><E129/><V45/><F108/><W27/><G106/><T81/><D133/><U122/><E122/><V98/><F118/><W96/><G13/><T36/><D36/><U6/><E6/><V87/><F64/><N who="3" m="39039" /><G99/><T26/><D0/><U119/><E119/><V107/><F107/><W61/><G61/><T84/><D29/><U104/><E3/><V125/><F125/><W12/><G12/><T53/><REACH who="0" step="1"/><D67/><REACH who="0" step="2"/><U132/><E132/><V102/><F30/><N who="3" m="17783" /><G111/><T31/><D31/><U127/><E127/><V75/><F75/><W1/><G1/><T116/><D116/><U8/><E73/><V124/><F124/><W56/><G56/><T54/><D54/><AGARI ba="1,1" hai="46,48,54,76,77,95,96,103" m="17783,39039" machi="54" ten="30,3900,0" yaku="25,1,8,1,52,1" doraHai="97" who="3" fromWho="0" sc="255,-42,235,0,265,0,235,52" /><INIT seed="1,0,0,3,1,92" ten="213,235,265,287" oya="1" hai0="40,84,112,132,71,45,47,124,76,24,38,115,69" hai1="19,108,74,119,93,125,6,54,1,102,133,64,33" hai2="90,22,73,110,13,107,55,16,27,114,44,129,118" hai3="80,60,31,26,66,91,23,122,7,79,50,62,65" shuffle="mt19937ar,9C204F0F,1077667F,44A251DE,F57C9935,556A7032,8E3F6D34,739567F8,14BA802E"/><U46/><E119/><V32/><F73/><W70/><G122/><T78/><D24/><U67/><E74/><V63/><F118/><W130/><G130/><T82/><D124/><U113/><E113/><V35/><F129/><W120/><G120/><T87/><D132/><U34/><E133/><V83/><F114/><W75/><G7/><T61/><D61/><U116/><E116/><V104/><F110/><W99/><G50/><T98/><D98/><U68/><E125/><V52/><F35/><W103/><G91/><T10/><D10/><U97/><E108/><V2/><F2/><W17/><G17/><T36/><D82/><U123/><E123/><V5/><F107/><W11/><G11/><T37/><D37/><U72/><E72/><V127/><F104/><W25/><G23/><T29/><REACH who="0" step="1"/><D40/><REACH who="0" step="2"/><U39/><E39/><V53/><F63/><W18/><G31/><AGARI ba="0,1" hai="29,31,36,38,45,47,69,71,76,78,84,87,112,115" machi="31" ten="25,6400,0" yaku="1,1,2,1,22,2,53,0" doraHai="92" doraHaiUra="128" who="0" fromWho="3" sc="203,74,235,0,265,0,287,-64" /><INIT seed="2,0,0,1,1,77" ten="277,235,265,223" oya="2" hai0="33,135,82,127,113,112,22,50,111,87,133,128,120" hai1="108,38,6,91,43,122,26,17,116,18,97,93,129" hai2="98,49,57,131,107,2,74,85,94,67,76,14,95" hai3="48,83,81,134,27,9,19,59,132,40,53,105,45" shuffle="mt19937ar,46DFBD9A,56667BB8,B0665B50,6827F4C7,25C5765D,99547AF5,B37B3F3A,2F648752"/><V90/><F2/><W117/><G105/><T102/><D33/><U3/><E116/><V36/><F36/><W31/><G117/><T114/><D120/><U64/><E122/><V20/><F131/><W99/><G99/><T61/><D61/><U89/><E129/><V125/><F125/><W106/><G106/><T32/><D32/><U119/><E119/><V84/><F107/><W110/><G110/><T101/><D128/><U37/><E108/><V8/><F20/><N who="3" m="15847" /><G9/><T30/><D111/><U0/><E64/><V1/><F1/><W104/><G19/><T15/><D50/><U44/><E38/><V52/><F67/><W126/><G104/><T60/><D60/><U96/><E6/><N who="2" m="3351" /><F74/><W79/><G79/><N who="0" m="46559" /><D127/><U71/><E71/><V63/><F76/><W115/><G115/><T100/><D30/><U78/><E78/><V72/><F72/><W65/><G65/><T121/><D121/><U58/><E3/><V54/><F94/><W92/><G92/><T34/><D34/><U75/><E0/><V130/><F130/><W51/><G126/><T103/><D22/><U42/><E75/><V46/><AGARI ba="0,0" hai="46,49,52,54,57,63,84,85,90,95,98" m="3351" machi="46" ten="30,1500,0" yaku="8,1" doraHai="77" who="2" fromWho="2" sc="277,-5,235,-5,265,15,223,-5" /><INIT seed="2,1,0,2,0,50" ten="272,230,280,218" oya="2" hai0="109,49,96,22,83,53,120,108,36,16,43,123,61" hai1="100,79,35,42,117,93,74,105,107,10,112,20,73" hai2="33,72,30,63,81,19,23,55,129,94,44,13,57" hai3="29,82,56,91,24,115,26,7,28,3,80,38,12" shuffle="mt19937ar,2961C6BC,8E777998,CDBEBB1F,0FB36F7A,93893057,3EBF6B7A,1EFCB0BB,3792EB8B"/><V132/><F129/><W124/><G3/><T64/><D83/><N who="1" m="45551" /><E35/><V68/><F132/><W110/><G38/><T127/><D96/><N who="1" m="59407" /><E42/><V106/><F106/><N who="1" m="40457" /><E20/><V71/><F44/><W17/><G115/><T97/><D16/><U130/><E10/><V113/><F113/><W9/><G124/><T60/><D22/><U54/><E54/><V125/><F125/><W92/><G110/><N who="0" m="42603" /><D127/><U133/><E112/><V134/><F30/><W47/><G47/><N who="0" m="24039" /><D97/><U67/><E67/><V121/><F33/><W41/><G41/><T98/><D98/><U52/><E52/><V2/><F55/><W40/><G40/><T0/><D0/><U37/><E37/><V88/><F63/><N who="0" m="24138" /><D64/><U11/><E11/><V32/><F32/><W78/><G17/><T77/><D77/><U31/><E31/><V76/><F19/><W85/><G29/><T111/><N who="0" m="42611" /><T66/><DORA hai="101" /><D66/><U75/><E133/><V8/><F134/><W87/><G28/><T116/><D116/><U51/><E117/><V48/><F2/><W89/><REACH who="3" step="1"/><G56/><AGARI ba="1,0" hai="49,53,56,120,123" m="24138,24039,42611" machi="56" ten="40,8000,1" yaku="14,1,34,2,52,1" doraHai="50,101" who="0" fromWho="3" sc="272,83,230,0,280,0,218,-83" /><INIT seed="3,0,0,5,4,53" ten="355,230,280,135" oya="3" hai0="54,120,28,85,93,55,118,61,70,112,92,13,75" hai1="100,71,38,94,97,104,21,62,76,23,39,44,65" hai2="103,122,115,31,110,98,87,50,67,128,134,26,126" hai3="32,19,4,7,73,49,12,102,60,0,14,116,24" shuffle="mt19937ar,CF6732EC,D90DCDB9,C4B353E2,1D1C9EF1,711F505C,EF18F7B3,7AC4C88A,D683FE21"/><W135/><G73/><T88/><D75/><U69/><E76/><V99/><F67/><W107/><G116/><T130/><D118/><U58/><E104/><V48/><F26/><W10/><G107/><T79/><D120/><U117/><E117/><V121/><F31/><N who="3" m="19559" /><G102/><T15/><D79/><U8/><E8/><V59/><F115/><W90/><G90/><T123/><D123/><U36/><REACH who="1" step="1"/><E44/><REACH who="1" step="2"/><V17/><F121/><W33/><G49/><T127/><D112/><U37/><N who="1" m="9728" /><DORA hai="47" /><U80/><E80/><V66/><F50/><W43/><G43/><T83/><D83/><U35/><E35/><V111/><F48/><W91/><G60/><T20/><D61/><U109/><E109/><V63/><F111/><W30/><G91/><T101/><D88/><U95/><E95/><V3/><F110/><W68/><G68/><AGARI ba="0,1" hai="21,23,58,62,65,68,69,71,94,97,100" m="9728" machi="68" ten="70,4500,0" yaku="1,1,52,1,53,0" doraHai="53,47" doraHaiUra="106,40" who="1" fromWho="3" sc="355,0,220,55,280,0,135,-45" /><INIT seed="4,0,0,1,5,115" ten="355,275,280,90" oya="0" hai0="9,35,96,117,33,101,129,108,38,2,119,99,13" hai1="6,74,17,18,122,12,106,127,59,11,110,113,56" hai2="57,46,65,133,116,84,85,103,26,131,53,92,114" hai3="67,50,5,1,135,77,102,130,100,47,28,125,118" shuffle="mt19937ar,1A85100E,1206FEF2,35C0D929,C56C48AA,5715E97C,0C146E44,E02EA5C6,0EB70067"/><T75/><D2/><U109/><E74/><V91/><F114/><W45/><G1/><T78/><D38/><U79/><E106/><V98/><F131/><W42/><G130/><T112/><D129/><U128/><E113/><V121/><F121/><W14/><G28/><T31/><D112/><U27/><E128/><V60/><F133/><W82/><G135/><T48/><D108/><U25/><E79/><V134/><F134/><W80/><G67/><T43/><D75/><U30/><E59/><V89/><F116/><W62/><G125/><T55/><D78/><U104/><E104/><V69/><F46/><W93/><G62/><T88/><D43/><U19/><E56/><V76/><F26/><N who="1" m="9737" /><E122/><V107/><F76/><W70/><G70/><T49/><D31/><U87/><E87/><V4/><F4/><W15/><G77/><T105/><D88/><U66/><E66/><V120/><F120/><W63/><G63/><T71/><D71/><U32/><E127/><V8/><F85/><W21/><G42/><T0/><D0/><U61/><E61/><V111/><F89/><W41/><G41/><T36/><D36/><U124/><E124/><V54/><F69/><W24/><G47/><T86/><D86/><U51/><E51/><V94/><F107/><W37/><G45/><T123/><D123/><U10/><E10/><V73/><F8/><W64/><G50/><T68/><D68/><U97/><E97/><V23/><F73/><W72/><G72/><T3/><D99/><U40/><E40/><V29/><F111/><N who="1" m="42505" /><E30/><V16/><F29/><N who="3" m="17551" /><G37/><T58/><D48/><RYUUKYOKU ba="0,0" sc="355,-15,275,15,280,15,90,-15" hai1="6,11,12,17,18,19,32" hai2="16,23,53,54,57,60,65,84,91,92,94,98,103" /><INIT seed="5,1,0,2,5,41" ten="340,290,295,75" oya="1" hai0="120,68,2,43,52,27,6,1,0,14,99,89,38" hai1="96,22,63,30,74,109,100,56,40,121,60,105,83" hai2="62,79,127,92,42,133,59,115,7,90,21,8,82" hai3="104,98,51,3,112,61,80,64,45,114,47,70,15" shuffle="mt19937ar,B56A8DC6,F92FAAFC,F2B2CC75,F9220B51,EB0A15EA,CC180FE4,AB5AA9CE,0BCA8E7B"/><U29/><E121/><V32/><F32/><W44/><G3/><T73/><D73/><U81/><E109/><V46/><F133/><W39/><G39/><T103/><D68/><U20/><E40/><V101/><F127/><W126/><G126/><T119/><D89/><U110/><E110/><V17/><F101/><N who="3" m="62519" /><G80/><T75/><D75/><U25/><E74/><V34/><F34/><W31/><G31/><T49/><D119/><U129/><E129/><V88/><F115/><N who="3" m="44075" /><G15/><T97/><D27/><U102/><E25/><V106/><F106/><W69/><G69/><T128/><D128/><U12/><E12/><N who="2" m="5151" /><F82/><W91/><G91/><T66/><D43/><AGARI ba="1,0" hai="43,44,45,47,51,61,64,70" m="44075,62519" machi="43" ten="30,7700,0" yaku="15,1,52,3" doraHai="41" who="3" fromWho="0" sc="340,-80,290,0,295,0,75,80" /><INIT seed="6,0,0,2,4,43" ten="260,290,295,155" oya="2" hai0="82,127,133,57,97,134,33,18,87,105,114,86,122" hai1="65,46,75,109,8,45,77,48,68,132,17,36,21" hai2="55,112,104,69,62,30,100,34,111,7,125,24,103" hai3="84,49,37,40,4,92,23,110,20,59,31,108,61" shuffle="mt19937ar,73212A9C,9BA1CC42,DEA275F7,CD1991FA,63F3A0FE,03B385A9,480BED1E,EB009E6E"/><V44/><F112/><W107/><G107/><T1/><D33/><U39/><E109/><V78/><F125/><W58/><G37/><T119/><D1/><U79/><E8/><V80/><F111/><W28/><G4/><T35/><D35/><U128/><E128/><V3/><F104/><W5/><G5/><T120/><D57/><U60/><E132/><N who="0" m="50793" /><D18/><U126/><E126/><V73/><F69/><W64/><G110/><T9/><D9/><U66/><E66/><V32/><F32/><W63/><G108/><T52/><D52/><U11/><E11/><V95/><F7/><W12/><G84/><N who="0" m="32299" /><D127/><U98/><E39/><V124/><F3/><W54/><G92/><T96/><D114/><U135/><E135/><V10/><F10/><W13/><G40/><T56/><D56/><U76/><E36/><V0/><F0/><W16/><REACH who="3" step="1"/><G63/><REACH who="3" step="2"/><T71/><D105/><U115/><E115/><V67/><F124/><W19/><AGARI ba="0,1" hai="12,13,16,19,20,23,28,31,49,54,58,59,61,64" machi="19" ten="30,8000,1" yaku="1,1,2,1,0,1,9,1,8,1,53,0" doraHai="43" doraHaiUra="41" who="3" fromWho="3" sc="260,-20,290,-20,295,-40,145,90" /><INIT seed="7,0,0,2,4,113" ten="240,270,255,235" oya="3" hai0="115,54,21,93,84,106,86,69,13,123,110,20,36" hai1="107,132,43,133,14,89,102,114,104,48,112,125,61" hai2="128,72,38,65,118,91,9,120,30,99,130,2,95" hai3="76,68,0,8,116,24,56,67,4,33,47,29,63" shuffle="mt19937ar,F8C1A67D,BE615AAA,91288D2B,85A7257A,28C64122,3DE3B36D,604C0383,018FE417"/><W31/><G76/><T50/><D106/><N who="1" m="40491" /><E102/><V44/><F65/><W55/><G31/><T92/><D69/><U28/><E28/><V22/><F118/><W52/><G47/><T121/><D36/><U124/><E89/><V85/><F72/><W71/><G55/><T88/><D110/><U127/><E61/><V119/><F119/><W3/><G71/><T34/><D34/><U94/><E94/><V23/><F120/><W5/><G116/><T17/><D115/><N who="1" m="44075" /><E14/><V111/><F111/><W122/><G122/><T79/><D21/><U60/><E60/><V59/><F30/><W19/><G19/><T51/><D51/><U66/><E66/><V41/><F23/><W135/><G135/><N who="1" m="51786" /><E48/><V81/><F22/><W83/><G83/><T134/><D134/><U131/><E43/><V53/><F2/><W105/><G105/><T70/><D70/><U40/><E40/><V26/><F26/><W87/><G87/><T97/><D84/><U11/><E131/><V108/><F108/><W78/><G78/><T46/><D79/><U103/><E103/><AGARI ba="0,0" hai="13,17,20,46,50,54,86,88,92,93,97,103,121,123" machi="103" ten="30,1000,0" yaku="7,1" doraHai="113" who="0" fromWho="1" sc="240,10,270,-10,255,0,235,0" /><INIT seed="8,0,0,2,4,9" ten="250,260,255,235" oya="0" hai0="91,89,87,12,2,121,31,3,29,106,132,50,49" hai1="125,112,109,48,81,129,128,27,45,76,100,20,99" hai2="28,79,111,115,73,90,43,82,54,8,92,127,68" hai3="46,116,44,108,124,18,58,75,55,21,114,38,71" shuffle="mt19937ar,FC7B6841,6F1D740A,D2CF547F,DAB538BA,81BA6F2D,8BE23068,9DF27542,9E15B758"/><T102/><D121/><U57/><E125/><V105/><F111/><W40/><G75/><T7/><D132/><U80/><E57/><V19/><F115/><W126/><G114/><T51/><D106/><U97/><E109/><V35/><F105/><W32/><G32/><T62/><D102/><U53/><E81/><V98/><F68/><W13/><G108/><T78/><D2/><U135/><E135/><V118/><F127/><N who="3" m="48683" /><G71/><T134/><D3/><U56/><E45/><V26/><F43/><W5/><G116/><T101/><D101/><U117/><E117/><V130/><F130/><W65/><G46/><T113/><D113/><U17/><E112/><V59/><F118/><W120/><G120/><T34/><D134/><U104/><REACH who="1" step="1"/><E99/><REACH who="1" step="2"/><V24/><F59/><W25/><G65/><T52/><D62/><U15/><E15/><V22/><F54/><W36/><G36/><T110/><D52/><U86/><AGARI ba="0,1" hai="17,20,27,48,53,56,76,80,86,97,100,104,128,129" machi="86" ten="30,2000,0" yaku="1,1,0,1,53,0" doraHai="9" doraHaiUra="123" who="1" fromWho="1" sc="250,-10,250,30,255,-5,235,-5" /><INIT seed="9,0,0,0,1,130" ten="240,280,250,230" oya="1" hai0="9,54,121,11,71,62,120,117,17,127,23,85,27" hai1="96,1,125,51,76,112,8,99,52,115,111,24,105" hai2="81,108,87,72,97,133,18,25,91,13,93,69,15" hai3="33,132,42,48,89,20,75,16,32,90,58,109,28" shuffle="mt19937ar,24CA8C8C,2DAF76F5,D39D1CBF,9F11D047,5D3919BA,0FEC7658,EE29ABF5,BD258F57"/><U122/><E122/><N who="0" m="47209" /><D127/><U65/><E125/><V46/><F108/><W129/><G75/><T45/><D117/><U114/><E111/><V41/><F69/><W86/><G109/><T29/><D85/><U78/><E65/><V19/><F72/><W119/><G129/><T110/><D110/><U131/><E131/><V60/><F60/><W101/><G119/><T0/><D0/><U134/><E24/><V34/><F34/><W30/><G101/><T128/><D128/><U94/><E105/><V124/><F124/><W77/><G33/><N who="0" m="20671" /><D45/><U2/><E2/><V116/><F116/><W102/><G102/><T64/><D54/><U31/><E1/><V35/><F35/><W107/><G107/><T57/><D71/><U7/><E52/><V70/><F70/><W14/><G32/><T73/><D73/><U100/><E100/><V61/><F61/><W84/><G77/><T5/><D5/><U74/><E78/><V106/><F106/><W123/><G123/><T55/><D64/><U10/><E7/><V3/><F3/><W36/><G36/><T6/><D6/><U43/><E114/><V21/><F87/><W53/><G42/><T103/><D103/><U26/><E74/><V68/><F68/><W88/><G86/><T47/><D47/><U50/><E43/><V118/><F118/><W37/><G37/><T63/><D63/><U82/><E115/><V98/><F98/><W56/><G84/><T59/><D59/><U39/><E112/><V67/><F67/><W79/><G58/><T92/><D92/><U22/><E94/><V49/><F93/><RYUUKYOKU ba="0,0" sc="240,30,280,-10,250,-10,230,-10" hai0="9,11,17,23,55,57,62" /><INIT seed="10,1,0,1,3,94" ten="270,270,240,220" oya="2" hai0="6,43,132,3,46,35,56,121,27,91,73,38,83" hai1="9,50,109,2,86,106,29,10,81,37,66,117,75" hai2="85,103,41,98,70,21,130,127,20,133,34,12,1" hai3="134,101,13,77,23,16,119,108,45,124,114,8,49" shuffle="mt19937ar,FD966A1D,B0E0AE0D,B294682C,828CCA94,1888A364,07D57DD1,F69CDB18,5DB554C0"/><V118/><F34/><W40/><G114/><T58/><D121/><U53/><E106/><V11/><F1/><W62/><G108/><T89/><D132/><U18/><E37/><V135/><F70/><W61/><G134/><N who="2" m="51209" /><F118/><W15/><G124/><T7/><D27/><U122/><E109/><V88/><F127/><W97/><G77/><T76/><D35/><U95/><E117/><V100/><F41/><W0/><G0/><T36/><D7/><U54/><E2/><V4/><F130/><W33/><G33/><T131/><D38/><U125/><E125/><V102/><F98/><W120/><G120/><T115/><D115/><U17/><E122/><V128/><F128/><W99/><G119/><T90/><REACH who="0" step="1"/><D131/><REACH who="0" step="2"/><U32/><E32/><V55/><F55/><W59/><G101/><T116/><D116/><U26/><E54/><V72/><F72/><W71/><G71/><T105/><D105/><U96/><E53/><V48/><F48/><W65/><G62/><T19/><D19/><AGARI ba="1,1" hai="8,13,15,16,19,23,40,45,49,59,61,65,97,99" machi="19" ten="30,7700,0" yaku="7,1,8,1,52,2" doraHai="94" who="3" fromWho="0" sc="260,-80,270,0,240,0,220,90" owari="180,-32,270,7,240,-16,310,41" /></mjloggm>