<mjloggm ver="2.3"><GO type="225"/><UN n0="%EF%BC%A6%EF%BC%B8%E9%9B%80%E5%A3%AB" n1="%4E%6F%2E%32" n2="%E3%83%9B%E3%83%A2%E3%83%8F%E3%83%A0" n3="%E6%9C%A7%E5%A4%8F%E6%9C%88" dan="16,16,16,17" rate="2037,2078,2079,2141" sx="M,M,M,M"/><TAIKYOKU oya="0"/><INIT seed="0,0,0,1,0,18" ten="250,250,250,250" oya="0" hai0="134,108,72,85,5,63,84,102,75,131,70,80,127" hai1="135,110,120,77,11,21,64,93,98,42,56,47,79" hai2="50,59,49,99,40,9,22,13,52,118,51,89,4" hai3="116,10,35,44,20,23,31,126,17,133,67,83,111" shuffle="mt19937ar,8FF7D13D,553B1804,D0B6A2C0,2DB3F654,D3F45587,0F63ACF0,42C345CD,E5C97A34"/><T54/><D5/><U29/><E120/><V24/><F118/><W86/><G116/><T78/><D70/><U104/><E110/><V68/><F68/><W76/><G111/><T43/><D43/><U73/><E104/><V105/><F40/><W121/><G121/><T122/><D122/><U115/><E135/><V101/><REACH who="2" step="1"/><F89/><REACH who="2" step="2"/><W30/><G133/><T36/><D134/><U107/><E115/><V106/><F106/><W15/><G126/><T48/><D127/><U119/><E107/><V114/><F114/><W8/><G35/><T33/><D33/><U46/><E119/><V27/><F27/><N who="3" m="16743" /><G67/><T19/><D108/><U41/><E73/><V123/><F123/><W117/><G117/><T53/><D75/><U39/><E42/><V28/><AGARI ba="0,1" hai="4,9,13,22,24,28,49,50,51,52,59,99,101,105" machi="28" ten="20,8000,1" yaku="1,1,0,1,7,1,52,1,54,1,53,0" doraHai="18" doraHaiUra="124" who="2" fromWho="2" sc="250,-40,250,-20,240,90,250,-20" /><INIT seed="1,0,0,5,3,17" ten="210,230,330,230" oya="1" hai0="113,22,3,126,64,90,58,80,129,87,135,107,21" hai1="96,86,109,53,69,20,76,122,31,67,30,104,84" hai2="1,127,115,118,119,7,41,13,11,125,55,44,120" hai3="95,5,71,133,116,33,15,78,0,49,75,52,16" shuffle="mt19937ar,50CC90B7,FB21140B,6059AD4A,D974EAE1,CF8EBE78,833F2710,D307D2B9,B5F91A21"/><U18/><E122/><V23/><F120/><W74/><G33/><T124/><D3/><U10/><E109/><V51/><F115/><W83/><G71/><T100/><D113/><U92/><E104/><V40/><F1/><W39/><G39/><T134/><D100/><N who="1" m="60423" /><E69/><V68/><F68/><W4/><G133/><N who="0" m="50699" /><D107/><U88/><E67/><V50/><F23/><N who="0" m="8714" /><D129/><U130/><E130/><V66/><F66/><W103/><G75/><T27/><D27/><N who="1" m="14743" /><E10/><V102/><F102/><W47/><G0/><T99/><D99/><U14/><E14/><V132/><F132/><W106/><G106/><T37/><D37/><U56/><E76/><V2/><F2/><W6/><G116/><T35/><D35/><U34/><E84/><V82/><F118/><W59/><G103/><T81/><D80/><N who="1" m="49223" /><E34/><V72/><F119/><W24/><G24/><T89/><D89/><U73/><E73/><V105/><F105/><W25/><G25/><T8/><D8/><U65/><E65/><V48/><F82/><W128/><G128/><T63/><AGARI ba="0,0" hai="58,63,64,81,87,90,124,126" m="8714,50699" machi="63" ten="40,8000,1" yaku="20,1,52,3" doraHai="17" who="0" fromWho="0" sc="210,80,230,-40,330,-20,230,-20" /><INIT seed="2,0,0,3,1,115" ten="290,190,310,210" oya="2" hai0="19,56,118,6,90,73,0,77,40,100,84,49,80" hai1="16,50,108,59,113,9,71,98,81,53,82,14,95" hai2="86,97,43,126,44,104,42,107,117,67,29,129,57" hai3="39,68,45,51,22,10,91,64,135,46,105,37,69" shuffle="mt19937ar,C9DAD98D,ED84D403,3ED0679A,991D3B2B,FE301324,1505910B,E6C5F703,5AB52AFF"/><V106/><F117/><W62/><G105/><T5/><D0/><U101/><E108/><V24/><F129/><W124/><G10/><T133/><D133/><U74/><E113/><V120/><F120/><W41/><G135/><T58/><D100/><U76/><E71/><N who="3" m="27210" /><G91/><T70/><D70/><U18/><REACH who="1" step="1"/><E82/><REACH who="1" step="2"/><V34/><F107/><W99/><G124/><T31/><D80/><U123/><E123/><V112/><F106/><W131/><G131/><T23/><D118/><U75/><E75/><V121/><F104/><W128/><G128/><T119/><D73/><U13/><E13/><V130/><F126/><W21/><G99/><T88/><D119/><U79/><E79/><V60/><F97/><W65/><G22/><T87/><D23/><U114/><E114/><V66/><F130/><W15/><G15/><T89/><D77/><U127/><E127/><V8/><F112/><W48/><G21/><T63/><D84/><U25/><E25/><V54/><F86/><W12/><G12/><T47/><D87/><U20/><E20/><V4/><F121/><W125/><G125/><T36/><D31/><U109/><E109/><V85/><F85/><W52/><G62/><T32/><D32/><U122/><E122/><V38/><F43/><W72/><G72/><T96/><D96/><U11/><E11/><V83/><F83/><W102/><G102/><T92/><D92/><U17/><AGARI ba="0,1" hai="9,14,16,17,18,50,53,59,74,76,81,95,98,101" machi="17" ten="20,5200,0" yaku="1,1,0,1,7,1,54,1,53,0" doraHai="115" doraHaiUra="26" who="1" fromWho="1" sc="290,-13,180,62,310,-26,210,-13" /><INIT seed="3,0,0,3,3,44" ten="277,242,284,197" oya="3" hai0="43,119,49,34,94,74,100,27,96,20,73,13,92" hai1="29,68,113,132,64,101,65,110,39,31,135,55,14" hai2="3,109,89,77,42,121,17,61,104,126,62,86,69" hai3="60,30,80,118,41,51,53,79,84,131,11,134,52" shuffle="mt19937ar,995AB157,3421CA94,5B1EA373,F54317A3,E84FD64E,65D06CF2,868EF93E,DC528AA6"/><W8/><G118/><T102/><D34/><U54/><E113/><V40/><F104/><W95/><G134/><N who="1" m="51242" /><E110/><V21/><F3/><W123/><G123/><T22/><D119/><U75/><E101/><V66/><F126/><W72/><G131/><T97/><D13/><U81/><E39/><V18/><F109/><W116/><G116/><T0/><D0/><U71/><E14/><V103/><F103/><W35/><G35/><T38/><D38/><U36/><E36/><V2/><F2/><W9/><G30/><N who="1" m="11274" /><E81/><V70/><F121/><W125/><G125/><T45/><D22/><U57/><E75/><V37/><F77/><W111/><G111/><T98/><D98/><U105/><E105/><V56/><F37/><W47/><REACH who="3" step="1"/><G60/><REACH who="3" step="2"/><T4/><D4/><U91/><E91/><AGARI ba="0,1" hai="8,9,11,41,47,51,52,53,72,79,80,84,91,95" machi="91" ten="40,12000,1" yaku="1,1,2,1,52,1,54,1,53,0" doraHai="44" doraHaiUra="115" who="3" fromWho="1" sc="277,0,242,-120,284,0,187,130" owari="277,-7,122,-28,284,3,317,32" /></mjloggm>