<mjloggm ver="2.3"><GO type="225"/><UN n0="%52%65%64%4D%61%67%69%63" n1="%E5%85%AD%E5%88%86%E5%84%80" n2="%E7%8C%AA%E6%9C%A8%E5%A4%A7%E5%AB%8C%E3%81%84%EF%BC%81" n3="%E8%B6%85%E3%83%92%E3%83%A2%E3%83%AA%E3%83%AD" dan="16,18,17,17" rate="2031,2148,2097,2063" sx="M,F,F,F"/><TAIKYOKU oya="0"/><INIT seed="0,0,0,3,5,32" ten="250,250,250,250" oya="0" hai0="2,115,51,128,74,52,99,30,125,107,7,116,103" hai1="104,69,83,119,117,49,110,33,121,100,89,73,46" hai2="4,35,23,11,85,82,44,1,8,37,36,66,76" hai3="78,88,54,15,40,59,130,5,134,12,113,28,6" shuffle="mt19937ar,A14CF813,66F29928,BC037434,E39F3FA3,5E15AAFD,7845AD51,4AD8F1C4,16ED5875"/><T55/><D116/><U114/><E33/><V21/><F35/><W98/><G113/><T41/><D115/><U79/><E69/><V45/><F66/><W133/><G78/><T13/><D74/><U80/><E114/><V93/><F93/><N who="3" m="56615" /><G40/><T135/><D135/><N who="3" m="51721" /><G28/><T31/><D128/><U27/><E121/><V87/><F4/><N who="3" m="1643" /><G130/><T71/><D30/><U43/><E79/><V120/><F76/><W111/><G111/><T19/><D41/><U34/><E110/><V124/><F82/><W84/><G84/><T18/><D31/><U0/><E83/><V62/><F120/><W101/><G101/><T56/><D71/><U57/><E80/><V68/><F68/><W95/><G95/><T67/><D67/><U97/><E100/><V61/><REACH who="2" step="1"/><F124/><REACH who="2" step="2"/><W50/><AGARI ba="0,1" hai="12,15,50,54,59" m="1643,51721,56615" machi="50" ten="30,2000,0" yaku="20,1,54,1" doraHai="32" who="3" fromWho="3" sc="250,-10,250,-5,240,-5,250,30" /><INIT seed="1,0,0,4,2,19" ten="240,245,235,280" oya="1" hai0="26,50,34,91,129,120,82,12,86,15,92,48,25" hai1="80,30,67,101,90,37,8,3,132,36,128,118,11" hai2="7,123,108,6,52,16,54,113,53,68,65,45,62" hai3="49,40,93,63,21,43,64,98,9,58,131,75,18" shuffle="mt19937ar,7779DA37,AF1525E9,37A5E560,201D22D1,D805FA9F,B52352C3,CE126C52,147F127D"/><U109/><E118/><V114/><F123/><W47/><G75/><T96/><D129/><U73/><E128/><V23/><F45/><W102/><G131/><T121/><D34/><U10/><E3/><V77/><F77/><W104/><G104/><T83/><D96/><U110/><E101/><V27/><REACH who="2" step="1"/><F108/><REACH who="2" step="2"/><W111/><G111/><T66/><D121/><U41/><E110/><V56/><F56/><W1/><G40/><T24/><D120/><U134/><E109/><V87/><F87/><W2/><REACH who="3" step="1"/><G9/><REACH who="3" step="2"/><T5/><D86/><N who="1" m="50503" /><E10/><V112/><AGARI ba="0,2" hai="6,7,16,23,27,52,53,54,62,65,68,112,113,114" machi="112" ten="40,12000,2" yaku="1,1,0,1,11,1,52,1,54,2,53,1" doraHai="19" doraHaiUra="17" who="2" fromWho="2" sc="240,-30,245,-60,225,140,270,-30" /><INIT seed="2,0,0,2,4,59" ten="210,185,365,240" oya="2" hai0="79,1,91,121,69,77,28,117,30,31,33,44,52" hai1="84,125,130,22,107,97,40,14,129,47,32,18,80" hai2="93,4,66,132,41,118,45,21,103,67,58,0,65" hai3="78,27,99,36,35,19,113,42,24,15,51,26,8" shuffle="mt19937ar,16BB4DDD,8E04AE49,C328C284,54A5890D,C5269490,5002AA1C,8FA9A471,EEFFA740"/><V11/><F118/><W54/><G113/><T7/><D121/><U25/><E125/><V56/><F132/><W49/><G36/><T9/><D69/><U48/><E107/><V124/><F124/><W131/><G131/><T37/><D117/><U17/><E97/><V6/><F6/><W104/><G78/><T38/><D33/><U39/><E39/><V76/><F21/><W120/><G120/><T108/><D108/><U85/><E18/><V82/><F93/><W70/><G70/><T23/><D38/><U12/><E85/><V128/><F103/><W88/><G42/><T112/><D112/><U16/><E32/><V71/><F71/><W75/><G75/><T92/><D23/><U102/><E102/><V63/><F58/><W68/><G68/><T127/><D127/><U34/><E17/><V46/><F128/><N who="1" m="49257" /><E34/><V114/><F114/><W96/><G35/><T115/><D115/><U98/><E98/><N who="3" m="37418" /><G104/><T105/><D105/><U110/><E110/><V133/><F133/><W109/><G109/><T119/><D119/><U73/><E73/><V55/><REACH who="2" step="1"/><F41/><REACH who="2" step="2"/><W90/><G54/><T72/><D52/><U74/><E74/><AGARI ba="0,1" hai="0,4,11,45,46,55,56,63,65,66,67,74,76,82" machi="74" ten="40,7700,0" yaku="1,1,2,1,52,1,53,0" doraHai="59" doraHaiUra="13" who="2" fromWho="1" sc="210,0,185,-77,355,87,240,0" /><INIT seed="2,1,0,3,0,105" ten="210,108,442,240" oya="2" hai0="11,100,73,61,59,87,92,112,41,79,28,88,124" hai1="77,107,6,51,3,74,104,82,130,34,122,24,18" hai2="52,55,80,111,90,53,22,123,135,47,13,85,19" hai3="110,98,37,7,15,40,108,114,72,96,131,2,57" shuffle="mt19937ar,A5CA3052,D2E00E41,E70FBA30,38753E3B,9F8B8C9B,CE9B16AE,695B82B5,4A3E1FD0"/><V102/><F123/><W56/><G2/><T120/><D112/><U21/><E122/><V54/><F135/><W33/><G33/><T43/><D120/><U64/><E130/><V35/><F35/><W29/><G29/><T76/><D124/><U10/><E64/><V32/><F32/><W4/><G131/><T26/><D11/><U97/><E97/><V39/><F111/><W45/><G114/><T125/><D125/><U46/><REACH who="1" step="1"/><E34/><REACH who="1" step="2"/><V121/><F121/><W68/><G96/><T67/><D100/><U36/><E36/><V70/><F102/><W8/><G98/><T65/><D65/><U109/><E109/><V14/><F39/><W101/><G37/><T86/><D67/><U83/><E83/><V16/><F70/><W99/><G68/><T78/><D87/><U23/><E23/><N who="2" m="11671" /><F53/><AGARI ba="1,1" hai="3,6,10,18,21,24,46,51,53,74,77,82,104,107" machi="53" ten="30,3900,0" yaku="1,1,7,1,52,1,53,0" doraHai="105" doraHaiUra="119" who="1" fromWho="2" sc="210,0,98,52,442,-42,240,0" /><INIT seed="3,0,0,4,3,42" ten="210,150,400,240" oya="3" hai0="47,95,118,55,8,22,93,20,116,69,130,15,123" hai1="92,132,64,12,7,83,101,80,68,91,105,41,131" hai2="82,51,57,126,63,10,128,112,86,44,59,127,107" hai3="1,48,25,19,78,117,6,62,65,84,17,102,39" shuffle="mt19937ar,5D76BC9A,BC81C191,E7E55573,B3C65590,6FADD210,42B0BE45,67CD4E3F,08022FBF"/><W26/><G39/><T133/><D123/><U45/><E132/><V121/><F112/><W96/><G117/><T81/><D133/><U87/><E131/><V103/><F128/><W110/><G110/><T129/><D130/><U50/><E105/><V111/><F111/><W37/><G37/><T56/><D129/><U94/><E68/><V125/><F121/><W124/><G6/><T113/><D69/><U30/><E64/><N who="2" m="39023" /><F59/><W38/><G38/><T115/><D118/><U27/><E101/><V73/><F10/><W71/><G1/><T33/><D33/><U104/><E104/><V54/><F73/><W23/><G124/><T5/><D116/><U100/><E100/><V74/><F74/><W120/><G120/><T97/><D81/><U135/><E135/><V90/><F103/><W67/><G67/><T43/><D113/><U21/><REACH who="1" step="1"/><E83/><REACH who="1" step="2"/><V9/><F107/><N who="3" m="63943" /><G65/><T46/><D115/><U88/><E88/><N who="2" m="51287" /><F9/><AGARI ba="0,1" hai="7,9,12,21,27,30,41,45,50,80,87,91,92,94" machi="9" ten="40,5200,0" yaku="1,1,8,1,52,1,53,0" doraHai="42" doraHaiUra="119" who="1" fromWho="2" sc="210,0,140,62,400,-52,240,0" owari="210,-14,202,-20,348,35,240,-1" /></mjloggm>