<mjloggm ver="2.3"><GO type="225"/><UN n0="%E3%81%BF%E3%81%A3%E3%81%A4%E3%81%83%EF%BD%9E" n1="%EF%BC%A6%EF%BC%B8%E9%9B%80%E5%A3%AB" n2="%E7%8A%AC%EF%BC%88%E3%81%84%E3%81%AC%EF%BC%89" n3="%E3%81%9A%E3%81%86" dan="17,16,16,16" rate="2181,2055,2096,2008" sx="F,M,M,M"/><TAIKYOKU oya="0"/><INIT seed="0,0,0,1,5,13" ten="250,250,250,250" oya="0" hai0="66,90,17,26,1,43,127,109,130,11,6,103,29" hai1="38,110,115,70,117,15,5,87,118,34,59,39,76" hai2="47,114,120,8,54,95,16,69,116,101,36,9,78" hai3="53,129,56,4,40,121,64,58,0,93,71,128,100" shuffle="mt19937ar,937294C9,BBD0FA0B,E439FB62,C85BA0A9,0298A6F9,E158EBFF,7A435E1B,AD826568"/><T79/><D79/><U77/><E70/><V81/><F120/><W45/><G4/><T52/><D103/><U41/><E34/><V119/><F114/><W44/><G93/><T102/><D102/><U108/><E59/><N who="3" m="22570" /><G0/><T65/><D43/><U28/><E41/><V126/><F69/><W82/><G82/><T68/><D66/><U135/><E5/><V32/><F32/><W20/><G20/><T124/><D90/><U104/><E87/><V50/><F126/><N who="0" m="48170" /><D65/><U125/><E125/><V97/><F36/><N who="1" m="13865" /><E104/><V62/><F62/><N who="3" m="40343" /><G100/><T33/><D68/><U96/><E96/><V3/><F3/><W12/><G40/><T60/><D60/><U19/><E115/><V72/><REACH who="2" step="1"/><F8/><REACH who="2" step="2"/><W106/><G121/><T42/><D1/><U123/><E123/><V122/><F122/><W31/><G128/><T85/><D130/><U63/><E63/><V75/><F75/><W10/><G10/><T37/><D11/><U2/><E2/><V99/><F99/><W111/><G129/><T112/><D112/><U30/><E108/><V91/><F91/><W57/><G111/><T131/><D109/><U35/><E110/><V107/><F107/><W46/><G106/><T80/><D131/><U83/><E35/><V73/><F73/><W84/><G84/><T92/><D85/><U27/><E77/><V133/><F133/><W25/><G53/><T67/><D52/><U23/><E135/><V48/><F48/><W89/><G89/><T51/><D37/><U61/><E61/><V134/><F134/><W88/><G88/><T132/><D33/><U22/><E76/><RYUUKYOKU ba="0,1" sc="250,-10,250,-10,240,30,250,-10" hai2="9,16,47,50,54,72,78,81,95,97,101,116,119" /><INIT seed="1,1,1,0,1,32" ten="240,240,270,240" oya="1" hai0="54,0,58,47,55,51,27,76,18,112,125,57,24" hai1="102,64,42,2,110,35,109,66,108,5,79,124,132" hai2="17,130,40,121,123,16,37,111,127,75,13,74,89" hai3="118,77,101,117,53,56,39,122,131,50,52,91,69" shuffle="mt19937ar,924ED292,67F5982D,73B4C7EA,2F9B2690,D8D454B7,782D45BB,BC58C710,B3BAA796"/><U113/><E35/><V21/><F111/><W46/><G122/><T49/><D112/><U78/><E113/><V97/><F127/><W44/><G101/><T3/><D125/><U11/><E124/><V26/><F130/><W103/><G103/><T22/><D76/><N who="1" m="29227" /><E102/><V63/><F63/><W62/><G77/><T96/><D96/><U100/><E100/><V90/><F40/><N who="3" m="22559" /><G91/><T41/><REACH who="0" step="1"/><D27/><REACH who="0" step="2"/><U61/><E132/><V106/><F121/><W28/><G131/><T68/><D68/><N who="1" m="41999" /><E42/><V9/><F123/><W72/><G72/><T15/><D15/><U10/><E66/><V87/><F97/><W126/><G126/><T133/><D133/><U129/><E11/><V31/><F75/><W20/><G69/><T116/><D116/><U8/><E8/><V105/><F74/><W92/><G117/><T19/><D19/><U29/><E129/><V82/><F17/><W65/><G118/><T83/><D83/><U59/><E29/><V43/><REACH who="2" step="1"/><F89/><REACH who="2" step="2"/><W128/><G128/><T94/><D94/><U7/><E7/><V70/><F70/><W135/><G92/><T30/><D30/><U25/><E25/><V115/><F115/><W14/><G135/><T85/><D85/><U73/><E73/><V120/><F120/><W60/><G28/><T67/><D67/><U104/><E104/><V81/><F81/><W6/><G6/><T86/><D86/><U80/><E80/><V107/><F107/><W48/><G65/><T34/><D34/><U23/><E23/><V95/><F95/><W84/><G84/><T38/><AGARI ba="1,3" hai="0,3,18,22,24,38,41,47,49,51,54,55,57,58" machi="38" ten="20,12000,2" yaku="1,1,0,1,7,1,9,1,52,2,53,0" doraHai="32" doraHaiUra="114" who="0" fromWho="0" sc="230,153,240,-61,260,-31,240,-31" /><INIT seed="2,0,0,2,4,42" ten="383,179,229,209" oya="2" hai0="11,5,24,13,85,2,102,121,27,75,15,55,73" hai1="29,28,68,3,72,105,129,16,34,4,87,106,78" hai2="98,32,113,20,110,65,88,76,96,123,126,49,125" hai3="38,112,79,19,82,31,83,45,101,35,114,133,104" shuffle="mt19937ar,41A1055F,9D575123,8651BF4E,C1A99A13,2C476193,AE91B63A,3879D702,1CD5A26F"/><V36/><F32/><W109/><G109/><T21/><D102/><U22/><E68/><V122/><F113/><W95/><G104/><T70/><D70/><U50/><E72/><V52/><F36/><W111/><G111/><T81/><D2/><U100/><E100/><V44/><F110/><W116/><G116/><T60/><D75/><U10/><E129/><V54/><F65/><W130/><G130/><T66/><D73/><U84/><E84/><V26/><F76/><W97/><G82/><T120/><D66/><U17/><E17/><N who="2" m="12559" /><F54/><W90/><G101/><T69/><D69/><U59/><E29/><V30/><F30/><W119/><G19/><N who="0" m="10495" /><D120/><N who="2" m="46122" /><F88/><W23/><G35/><T1/><D121/><U14/><E78/><V62/><F62/><W108/><G108/><T41/><D41/><U118/><E87/><V124/><AGARI ba="0,0" hai="44,49,52,96,98,124,125,126" m="46122,12559" machi="124" ten="40,7800,0" yaku="18,1,52,1,54,1" doraHai="42" who="2" fromWho="2" sc="383,-26,179,-26,229,78,209,-26" /><INIT seed="2,1,0,0,5,54" ten="357,153,307,183" oya="2" hai0="131,95,40,118,86,51,106,114,121,76,81,133,125" hai1="119,60,104,64,37,41,19,83,108,78,67,34,129" hai2="10,0,23,112,89,99,43,29,26,120,52,27,124" hai3="36,102,75,84,50,49,105,71,87,32,98,20,65" shuffle="mt19937ar,8D116506,E3699497,5BBA4EC9,1A7085AC,6CF96AA6,484797B5,9A69E3F3,993F26AD"/><V82/><F112/><W62/><G36/><T42/><D106/><U30/><E67/><V66/><F120/><W63/><G75/><T18/><D121/><U91/><E91/><V94/><F43/><W134/><G134/><T132/><D114/><U17/><E17/><V117/><F117/><W4/><G4/><T103/><D118/><U79/><E79/><V58/><F124/><W77/><G32/><T115/><D115/><U130/><E19/><V1/><F66/><W38/><G38/><T9/><D125/><U13/><E13/><V55/><F82/><W6/><G6/><T31/><D31/><U135/><E119/><V70/><F70/><W44/><G20/><T128/><D103/><U25/><E135/><N who="0" m="51785" /><D95/><U111/><E104/><V39/><F39/><W74/><G63/><T122/><D122/><U2/><E2/><V90/><F27/><W96/><G96/><T61/><D61/><U8/><E8/><V59/><F89/><W14/><G49/><T123/><D51/><U113/><E113/><V100/><F100/><W73/><G98/><T72/><D86/><U11/><E11/><V68/><F68/><W57/><G102/><T127/><D127/><U24/><E24/><V93/><F93/><W7/><G71/><T53/><D53/><N who="2" m="20554" /><F0/><W92/><G105/><T109/><D123/><U15/><E15/><V3/><F3/><W21/><G92/><T22/><D9/><U5/><E37/><V33/><F33/><W69/><G69/><T48/><D48/><U116/><E116/><V97/><F97/><W46/><G50/><T85/><D42/><RYUUKYOKU ba="1,0" sc="357,-10,153,-10,307,30,183,-10" hai2="1,10,23,26,29,58,59,90,94,99" /><INIT seed="2,2,0,1,1,19" ten="347,143,337,173" oya="2" hai0="107,87,9,23,112,111,33,88,42,89,31,1,49" hai1="28,29,80,38,16,133,130,135,17,50,76,127,77" hai2="46,101,25,131,95,67,123,81,51,3,55,57,36" hai3="105,44,115,71,122,124,92,5,93,75,56,63,108" shuffle="mt19937ar,851CA3A9,49E2F2E2,FBA918B0,B83AF8A2,C95A76F6,58027A44,FF2F34B9,82C36E6E"/><V132/><F123/><W54/><G122/><T90/><D107/><U14/><E38/><V61/><F3/><W12/><G105/><T15/><D33/><U22/><E127/><V58/><F132/><N who="1" m="50761" /><E130/><V120/><F120/><W60/><G124/><T125/><D1/><U8/><E50/><V128/><F36/><W83/><G108/><T34/><D111/><U103/><E103/><V73/><F73/><W59/><G71/><T2/><D34/><U85/><E76/><V27/><F81/><W78/><G44/><N who="0" m="25751" /><D2/><U99/><E99/><N who="2" m="59647" /><F46/><W35/><G35/><T21/><D31/><U104/><E104/><V98/><F98/><W39/><G39/><T62/><D112/><U74/><E74/><V41/><F41/><W0/><G0/><T66/><D87/><U96/><E96/><V100/><F100/><W69/><G69/><T84/><D84/><U7/><E7/><V82/><F82/><W102/><G102/><T72/><D72/><U10/><E10/><V129/><AGARI ba="2,0" hai="25,27,51,55,57,58,61,67,128,129,131" m="59647" machi="129" ten="30,1500,0" yaku="19,1" doraHai="19" who="2" fromWho="2" sc="347,-7,143,-7,337,21,173,-7" /><INIT seed="2,3,0,4,4,131" ten="340,136,358,166" oya="2" hai0="35,122,65,11,39,87,88,31,53,61,101,26,5" hai1="71,32,82,99,73,86,97,129,56,36,123,19,54" hai2="41,107,6,72,58,24,2,52,48,78,13,55,45" hai3="59,37,33,57,63,109,125,90,85,100,115,76,46" shuffle="mt19937ar,DDCD4DC8,8FEF2A06,6BBA3720,90F58229,C02E3EEC,C1DA9B43,4BECB558,7D61BCC2"/><V60/><F107/><W3/><G33/><T111/><D39/><U38/><E71/><V134/><F2/><W130/><G3/><T91/><D122/><U1/><E129/><V110/><F110/><W69/><G69/><T77/><D111/><U50/><E32/><V81/><F24/><W22/><G109/><T75/><D75/><U28/><E28/><V92/><F92/><W113/><G100/><T93/><D53/><U106/><E73/><V67/><REACH who="2" step="1"/><F134/><REACH who="2" step="2"/><W40/><G113/><T23/><D35/><U127/><E1/><V124/><F124/><W108/><G125/><T84/><D101/><U132/><E127/><V121/><F121/><W10/><G115/><T21/><D77/><U118/><E106/><V43/><F43/><W18/><G76/><T135/><D135/><U47/><E123/><V20/><F20/><W80/><G22/><T4/><D23/><U16/><E132/><V34/><F34/><W7/><G108/><T98/><D11/><AGARI ba="3,1" hai="6,11,13,41,45,48,52,55,58,60,67,72,78,81" machi="11" ten="40,3900,0" yaku="1,1,54,1,53,0" doraHai="131" doraHaiUra="112" who="2" fromWho="0" sc="340,-48,136,0,348,58,166,0" /><INIT seed="2,4,0,0,1,82" ten="292,136,406,166" oya="2" hai0="3,125,99,41,73,122,91,131,11,25,14,20,4" hai1="132,51,76,39,92,115,111,70,135,34,105,46,103" hai2="29,96,53,49,71,112,126,78,81,0,95,8,67" hai3="93,57,45,89,87,106,107,58,33,68,62,26,27" shuffle="mt19937ar,8500FDFD,BA55CF41,F3EC7161,7025A074,9585CCB5,A7467452,894D2B5E,07313033"/><V114/><F29/><W43/><G68/><T6/><D73/><U90/><E115/><V37/><F37/><W79/><G79/><T64/><D122/><U31/><E39/><V42/><F42/><W16/><G58/><T2/><D41/><U130/><E70/><V30/><F30/><W50/><G33/><T32/><D64/><U60/><E60/><V24/><F24/><W109/><G109/><T56/><D56/><U100/><E111/><V77/><F77/><W65/><REACH who="3" step="1"/><G27/><REACH who="3" step="2"/><T102/><D32/><U104/><E76/><V113/><F71/><W98/><G98/><T116/><D99/><U5/><E34/><V80/><F78/><W121/><G121/><T10/><D25/><U72/><E132/><V22/><F96/><W7/><G7/><T108/><D6/><U19/><E135/><V118/><F112/><W35/><G35/><T86/><D4/><U1/><E5/><V18/><F113/><W101/><G101/><T128/><D102/><U59/><E100/><V38/><F114/><W69/><G69/><T61/><D108/><U117/><E103/><V123/><F123/><W40/><G40/><T12/><D3/><U28/><E1/><V52/><F0/><W17/><G17/><T110/><D2/><U44/><E31/><V54/><F18/><W15/><G15/><T63/><D110/><U66/><E28/><V83/><F38/><W55/><G55/><T129/><D14/><U119/><E19/><V47/><F54/><W75/><G75/><T23/><D12/><U127/><E59/><V21/><F53/><W94/><G94/><RYUUKYOKU ba="4,1" sc="292,-10,136,-10,406,-10,156,30" hai3="16,26,43,45,50,57,62,65,87,89,93,106,107" /><INIT seed="3,5,1,4,1,50" ten="282,126,396,186" oya="3" hai0="2,53,96,41,13,94,128,32,44,117,85,133,99" hai1="92,105,110,14,134,130,3,119,11,49,125,1,132" hai2="86,22,77,52,75,9,123,63,88,21,4,24,19" hai3="18,107,118,100,87,34,131,65,90,108,69,25,68" shuffle="mt19937ar,43776290,FE32849C,D517312D,D2D74C51,9AC04B7F,A06A1B80,191D2565,A1EC3B24"/><W37/><G118/><T106/><D2/><N who="1" m="523" /><E49/><V127/><F127/><W56/><G37/><T10/><D32/><U93/><E105/><V61/><F123/><W33/><G131/><T71/><D128/><U73/><E130/><V129/><F129/><W109/><G100/><T111/><D71/><U48/><E48/><V66/><F66/><W47/><G107/><T55/><D106/><U39/><E39/><V8/><F77/><W121/><G121/><T74/><D74/><U102/><E73/><V20/><F75/><W95/><G47/><T101/><D117/><U58/><E58/><N who="2" m="35015" /><F63/><N who="3" m="38119" /><G68/><T16/><D99/><U79/><E93/><N who="2" m="54423" /><F4/><W60/><G60/><T42/><D44/><U17/><E79/><V35/><F35/><W28/><G34/><T57/><D57/><U91/><E91/><V122/><F122/><W124/><G90/><T0/><D0/><U51/><E119/><V12/><F22/><W80/><G33/><T82/><D42/><U29/><E51/><V81/><F81/><W27/><G80/><T26/><D41/><U116/><E116/><V45/><F45/><W15/><G69/><T7/><D82/><U30/><E92/><V126/><F126/><W76/><G95/><T72/><D94/><U114/><E102/><V120/><F120/><W64/><G76/><T84/><D101/><U6/><E125/><V38/><F38/><W43/><G124/><T135/><D72/><U70/><E70/><V103/><F103/><W36/><G36/><T31/><D7/><U46/><E46/><V97/><F97/><W113/><G64/><T5/><D96/><RYUUKYOKU ba="5,1" sc="282,-10,126,-10,396,30,186,-10" hai2="8,9,12,19,20,21,24" owari="272,2,116,-28,436,43,176,-17" /></mjloggm>