<mjloggm ver="2.3"><GO type="225"/><UN n0="%E9%9B%AA%E5%9B%BD%E8%82%B2%E3%81%A1" n1="%61%6E%62%79%33" n2="%E6%A1%9C%E8%8A%B1%E9%96%83%E3%80%85" n3="%E3%81%B5%E3%82%8B%E3%81%AD%E3%81%93%40%E4%BD%95%E5%88%87%E3%82%8B" dan="17,16,16,16" rate="2086,2095,2061,2071" sx="M,M,M,M"/><TAIKYOKU oya="0"/><INIT seed="0,0,0,3,2,2" ten="250,250,250,250" oya="0" hai0="100,135,96,21,60,83,32,93,44,42,7,116,8" hai1="65,124,121,120,114,33,63,130,131,28,37,97,122" hai2="40,56,53,108,107,55,39,17,25,54,38,91,87" hai3="49,48,106,14,94,20,104,76,26,85,86,13,46" shuffle="mt19937ar,BD4F1C9D,BD66FC13,EB0CB156,EDEE70B2,CDB62B1D,52574C71,2750A247,3E68E700"/><T134/><D116/><U11/><E97/><V119/><F119/><W117/><G117/><T43/><D32/><U112/><E37/><V41/><F107/><W36/><G36/><T82/><D21/><U9/><E124/><V111/><F25/><W128/><G128/><N who="1" m="49194" /><E28/><V81/><F17/><W62/><G62/><T113/><D113/><N who="1" m="43627" /><E33/><V84/><F56/><AGARI ba="0,0" hai="9,11,56,63,65,120,121,122" m="43627,49194" machi="56" ten="40,2600,0" yaku="19,1,11,1" doraHai="2" who="1" fromWho="2" sc="250,0,250,26,250,-26,250,0" /><INIT seed="1,0,0,2,0,57" ten="250,276,224,250" oya="1" hai0="47,103,111,26,109,1,18,104,53,46,129,35,56" hai1="13,75,16,11,105,95,73,6,82,89,24,10,37" hai2="8,106,94,78,43,52,112,116,101,134,36,33,110" hai3="2,133,90,39,117,21,113,31,88,71,135,54,118" shuffle="mt19937ar,784844AC,A4A6DA29,FFD93ACA,9D2D10CF,78134C87,8B201335,7CB8F0DF,F5D83473"/><U20/><E105/><V0/><F116/><N who="3" m="44651" /><G2/><T128/><D103/><U97/><E37/><V68/><F94/><W74/><G74/><T102/><D102/><U14/><REACH who="1" step="1"/><E82/><REACH who="1" step="2"/><V121/><F36/><W59/><G39/><T93/><D104/><U32/><E32/><V60/><F33/><W87/><G113/><T86/><D35/><U85/><E85/><V124/><F106/><W51/><G87/><T91/><D128/><U55/><E55/><V50/><F52/><W130/><G130/><T66/><D129/><U23/><E23/><V100/><F112/><W30/><G135/><T115/><D115/><U22/><E22/><V42/><F134/><W67/><G133/><T15/><D53/><U28/><AGARI ba="0,1" hai="6,10,11,13,14,16,20,24,28,73,75,89,95,97" machi="28" ten="20,7800,0" yaku="1,1,0,1,7,1,54,1,53,0" doraHai="57" doraHaiUra="83" who="1" fromWho="1" sc="250,-26,266,88,224,-26,250,-26" /><INIT seed="1,1,0,5,5,37" ten="224,354,198,224" oya="1" hai0="47,23,133,134,32,66,121,68,130,119,105,28,96" hai1="27,110,0,107,7,106,73,15,61,90,11,95,9" hai2="72,6,16,26,41,128,1,54,92,127,113,20,46" hai3="44,18,60,75,8,5,94,109,38,100,99,42,114" shuffle="mt19937ar,F881B11A,E470EE63,DDCA61F5,AC569C32,DFFA0203,C8CF14C8,4B71858B,71A6225A"/><U77/><E110/><V83/><F127/><W19/><G114/><T3/><D119/><U25/><E73/><V71/><F71/><W33/><G33/><T45/><D121/><U22/><E77/><V81/><F113/><W80/><G60/><N who="0" m="40007" /><D3/><U24/><E22/><V13/><F128/><W122/><G109/><T85/><D23/><U36/><E61/><V91/><F1/><N who="3" m="47" /><G122/><T116/><D85/><U31/><E36/><V30/><F6/><W56/><G56/><T108/><D108/><U112/><E112/><V51/><F72/><W35/><G35/><T17/><D17/><U115/><E115/><V131/><F54/><W93/><G93/><T14/><D14/><U117/><E117/><V12/><F131/><W62/><G62/><T29/><D116/><U40/><E31/><V57/><F57/><W102/><G102/><N who="0" m="62663" /><D130/><U59/><E59/><V64/><F64/><W86/><G86/><T69/><D69/><U63/><E63/><V118/><F118/><W43/><G43/><T82/><D82/><N who="2" m="31242" /><F30/><W104/><G104/><T74/><D74/><U125/><E125/><V53/><F53/><W87/><G87/><AGARI ba="1,0" hai="12,13,16,20,26,41,46,51,87,91,92" m="31242" machi="87" ten="30,3900,0" yaku="8,1,52,1,54,1" doraHai="37" who="2" fromWho="3" sc="224,0,354,0,198,42,224,-42" /><INIT seed="2,0,0,1,3,48" ten="224,354,240,182" oya="2" hai0="118,126,109,100,69,4,47,16,97,116,27,128,98" hai1="10,106,70,8,59,79,13,7,36,15,134,5,18" hai2="95,0,3,78,55,39,14,54,23,1,74,50,86" hai3="2,52,90,124,49,67,6,120,42,121,9,102,64" shuffle="mt19937ar,45B93F0B,05AAAF3C,5A6244D0,9FA7DA2F,290F5624,6E781469,6D4B4782,5D5669A6"/><V93/><F39/><W68/><G124/><T32/><D126/><U96/><E70/><V105/><F105/><W19/><G42/><T117/><D69/><U110/><E36/><V45/><F74/><W22/><G102/><T58/><D128/><U89/><E134/><V101/><F101/><W62/><G67/><T103/><D109/><U135/><E110/><V72/><F72/><W20/><G90/><T107/><D4/><U129/><E129/><V63/><F78/><W114/><G114/><T34/><D47/><U125/><E135/><V29/><F86/><W133/><G133/><T113/><D113/><U130/><E130/><V53/><F63/><W40/><G40/><T77/><D77/><U46/><E46/><V43/><REACH who="2" step="1"/><F14/><REACH who="2" step="2"/><W84/><G84/><T85/><D85/><U17/><E79/><V26/><AGARI ba="0,1" hai="0,1,3,23,26,29,43,45,50,53,54,55,93,95" machi="26" ten="40,24000,3" yaku="1,1,2,1,0,1,52,3,53,3" doraHai="48" doraHaiUra="33" who="2" fromWho="2" sc="224,-80,354,-80,230,250,182,-80" /><INIT seed="2,1,0,4,5,111" ten="144,274,480,102" oya="2" hai0="74,102,104,132,99,106,72,35,14,10,78,91,13" hai1="120,69,77,45,101,73,71,42,30,36,103,5,22" hai2="76,83,44,20,41,9,85,70,127,2,110,62,95" hai3="28,116,66,68,92,26,105,47,117,75,126,128,96" shuffle="mt19937ar,BA84CF25,F52A9021,E28069DD,A49163CA,2DC97573,890FEEAF,544BFDE1,671F0373"/><V133/><F20/><W119/><G128/><T81/><D35/><U3/><E22/><V23/><F23/><W125/><G75/><T55/><D132/><U61/><E30/><V65/><F95/><W31/><G47/><T129/><D129/><U114/><E120/><V8/><F2/><W34/><G31/><T80/><D55/><U79/><E79/><V131/><F127/><W57/><G57/><T64/><D64/><U93/><E93/><V37/><F110/><W122/><G122/><T63/><D63/><U29/><E29/><V18/><F18/><W135/><G135/><T134/><D134/><U84/><E84/><V60/><F60/><W48/><G48/><T51/><D51/><U4/><E4/><V121/><F9/><W49/><G49/><T100/><D10/><N who="1" m="2367" /><E61/><V109/><F62/><N who="3" m="40023" /><G92/><N who="0" m="56735" /><D13/><U25/><E25/><V40/><F131/><W118/><N who="3" m="29696" /><DORA hai="0" /><W112/><G112/><T19/><D14/><U32/><E114/><V1/><F133/><W124/><G96/><T89/><D19/><U15/><E15/><V82/><F121/><W52/><G52/><T54/><D54/><U21/><E32/><V88/><F44/><W107/><AGARI ba="1,0" hai="26,28,34,105,107,124,125,126" m="29696,40023" machi="107" ten="70,4700,0" yaku="18,1,23,1" doraHai="111,0" who="3" fromWho="3" sc="144,-13,274,-13,480,-24,102,50" /><INIT seed="3,0,0,2,5,41" ten="131,261,456,152" oya="3" hai0="57,73,9,134,123,111,25,66,133,52,68,60,124" hai1="80,101,135,17,33,76,107,23,78,92,15,128,35" hai2="36,129,46,81,110,8,21,97,102,65,47,125,54" hai3="12,11,82,10,103,59,3,122,113,4,130,109,115" shuffle="mt19937ar,F8D25552,A52CAA0A,EC04CCBF,145DE467,1710D264,CB211626,18DD61EF,303B858E"/><W27/><G122/><T43/><D73/><U6/><E107/><V55/><F65/><W116/><G116/><T112/><D123/><U38/><E38/><V126/><F110/><W0/><G109/><T2/><D111/><U64/><E35/><V121/><F121/><W72/><G130/><T16/><D112/><U100/><E33/><V45/><F36/><W39/><G103/><T28/><D124/><N who="2" m="47722" /><F129/><W119/><G119/><T49/><D43/><U37/><E92/><N who="2" m="58663" /><F8/><W63/><G39/><T93/><D93/><U105/><E6/><V120/><F120/><W91/><G27/><T19/><D2/><U98/><E100/><V117/><F117/><W62/><G3/><T51/><D51/><U58/><E37/><V30/><F81/><W95/><G82/><T61/><D61/><U99/><E99/><V118/><F118/><W31/><G63/><T87/><D87/><U34/><E34/><V22/><F30/><W56/><G31/><T89/><D89/><U53/><E64/><V75/><F75/><W83/><G83/><T13/><REACH who="0" step="1"/><D19/><REACH who="0" step="2"/><U77/><E128/><V5/><F5/><W70/><G72/><T50/><D50/><N who="1" m="31031" /><E80/><V69/><F69/><W40/><G40/><T14/><D14/><U48/><E48/><V32/><F32/><AGARI ba="0,1" hai="9,13,16,25,28,32,49,52,57,60,66,68,133,134" machi="32" ten="40,8000,1" yaku="1,1,54,2,53,1" doraHai="41" doraHaiUra="29" who="0" fromWho="2" sc="121,90,261,0,456,-80,152,0" owari="211,-14,261,1,376,38,152,-25" /></mjloggm>