<mjloggm ver="2.3"><GO type="225"/><UN n0="%E3%82%AF%E3%83%AB%E3%83%AB%E2%98%86" n1="%E9%9B%AA%E5%9B%BD%E8%82%B2%E3%81%A1" n2="%E3%83%9A%E3%83%AD%E3%81%A1%E3%82%83%E3%82%93" n3="%E3%81%B5%E3%82%8B%E3%81%AD%E3%81%93%40%E4%BD%95%E5%88%87%E3%82%8B" dan="16,17,16,16" rate="2057,2101,2058,2054" sx="F,M,M,M"/><TAIKYOKU oya="0"/><INIT seed="0,0,0,1,5,93" ten="250,250,250,250" oya="0" hai0="24,29,77,133,72,103,127,2,131,55,11,110,36" hai1="56,53,112,86,37,122,3,115,88,60,126,47,18" hai2="33,81,4,83,95,107,69,111,87,63,108,124,44" hai3="117,90,75,54,119,64,59,102,42,80,79,109,9" shuffle="mt19937ar,86DFC113,7F139E85,1216253B,3894481A,495C4F45,50E6EA38,D576CFF9,D9A80C27"/><T28/><D36/><U70/><E122/><V30/><F107/><W19/><G64/><T51/><D127/><U21/><E3/><V62/><F4/><W104/><G42/><T32/><D131/><U38/><E70/><V8/><F8/><W92/><G109/><T106/><D29/><U6/><E6/><V34/><F44/><W45/><G45/><T94/><D106/><U100/><E100/><V101/><F101/><W65/><G65/><T48/><D110/><U46/><E126/><V91/><F124/><W40/><G40/><T85/><D72/><U39/><E46/><V10/><F10/><W35/><G35/><T50/><D133/><U116/><E47/><V68/><F95/><W105/><G105/><T114/><D114/><N who="1" m="43563" /><E116/><V84/><F30/><W14/><G102/><T7/><D77/><U23/><E18/><V132/><REACH who="2" step="1"/><F91/><REACH who="2" step="2"/><W130/><G104/><T5/><D5/><U57/><E57/><V12/><F12/><W129/><G130/><T113/><D113/><U43/><E43/><V67/><F67/><W97/><REACH who="3" step="1"/><G129/><REACH who="3" step="2"/><T134/><D103/><U26/><E38/><V31/><F31/><W99/><G99/><T20/><D32/><U61/><E39/><V1/><F1/><W121/><G121/><T128/><D128/><U125/><E37/><V96/><F96/><W16/><G16/><T17/><D17/><U89/><E125/><V76/><F76/><W49/><AGARI ba="0,2" hai="9,14,19,49,54,59,75,79,80,90,92,97,117,119" machi="49" ten="20,8000,1" yaku="1,1,0,1,7,1,52,1,53,1" doraHai="93" doraHaiUra="13" who="3" fromWho="3" sc="250,-40,250,-20,240,-20,240,100" /><INIT seed="1,0,0,1,1,6" ten="210,230,220,340" oya="1" hai0="120,49,114,67,83,75,47,100,38,22,29,110,113" hai1="76,101,71,122,108,90,121,64,87,89,55,3,117" hai2="97,79,106,129,119,30,58,66,12,134,23,61,112" hai3="42,135,2,44,19,102,68,111,82,54,20,126,94" shuffle="mt19937ar,CA110B17,27F69AA2,00A61D87,9A17C050,88E54FF4,03BF8C63,7004E960,4BF7F5B4"/><U24/><E117/><V78/><F119/><W31/><G68/><T10/><D38/><U95/><E3/><V37/><F37/><W39/><G111/><T1/><D67/><U74/><E108/><V81/><F129/><W53/><G31/><T130/><D110/><U5/><E5/><V59/><F112/><W0/><G126/><T115/><D130/><U26/><E101/><V127/><F127/><W9/><G135/><T62/><D62/><U124/><E124/><V16/><F134/><W46/><G82/><T28/><D100/><U34/><E55/><V105/><F97/><W88/><G102/><T73/><D120/><U35/><E74/><V33/><F58/><W18/><G44/><T132/><D132/><U21/><E76/><V109/><F109/><W123/><G123/><T99/><D99/><U48/><E48/><V84/><REACH who="2" step="1"/><F78/><REACH who="2" step="2"/><W104/><G39/><T131/><D131/><U52/><E122/><V98/><F98/><W25/><G46/><T93/><D47/><U92/><E121/><V40/><F40/><W128/><G42/><T69/><D115/><U125/><E125/><V91/><F91/><W50/><G88/><T70/><D114/><U133/><E133/><V27/><AGARI ba="0,1" hai="12,16,23,27,30,33,59,61,66,79,81,84,105,106" machi="27" ten="30,4000,0" yaku="1,1,0,1,54,1,53,0" doraHai="6" doraHaiUra="7" who="2" fromWho="2" sc="210,-10,230,-20,210,50,340,-10" /><INIT seed="2,0,0,2,5,29" ten="200,210,260,330" oya="2" hai0="60,1,13,111,130,80,74,0,22,128,42,86,107" hai1="108,96,81,55,83,85,45,51,7,109,92,88,69" hai2="41,118,17,40,78,89,72,66,93,126,19,123,12" hai3="47,48,25,91,58,115,21,65,59,129,82,68,87" shuffle="mt19937ar,7AB6F3B0,9C40A850,0A2BF6E3,0963DA00,82BEE137,4CC6A845,897FE5BB,448EA72F"/><V3/><F123/><W132/><G115/><T36/><D74/><U43/><E69/><V44/><F118/><W18/><G129/><N who="0" m="49771" /><D107/><U32/><E32/><V8/><F126/><W50/><G132/><T54/><D111/><N who="1" m="42571" /><E7/><V11/><F66/><W99/><G68/><T127/><D127/><U37/><E96/><V110/><F110/><W102/><G65/><T112/><D112/><U90/><E90/><V38/><F41/><W71/><G71/><T117/><D117/><U10/><E10/><V67/><F67/><W9/><G9/><T122/><D122/><U114/><E114/><V76/><F72/><W121/><G121/><T124/><D124/><U135/><E135/><V28/><F28/><W84/><G84/><T116/><D116/><U94/><E83/><V30/><F30/><W2/><G2/><T49/><D60/><U75/><E75/><V119/><F119/><W62/><G50/><T113/><D113/><U61/><E61/><V103/><F103/><W95/><G62/><T97/><D97/><U53/><E53/><AGARI ba="0,0" hai="18,21,25,47,48,53,58,59,82,87,91,95,99,102" machi="53" ten="30,2000,0" yaku="7,1,8,1" doraHai="29" who="3" fromWho="1" sc="200,0,210,-20,260,0,330,20" /><INIT seed="3,0,0,3,5,0" ten="200,190,260,350" oya="3" hai0="19,114,18,126,132,113,124,6,2,90,129,108,111" hai1="33,10,131,45,99,42,56,26,81,27,47,76,135" hai2="69,70,12,38,63,89,35,59,107,17,8,60,3" hai3="106,121,125,84,91,46,101,130,96,4,118,74,13" shuffle="mt19937ar,39E02524,28E78D9E,87119EEC,21F63B4B,5E3B37BD,E60E3C42,1409FEC4,1012EBF0"/><W98/><G118/><T92/><D90/><U88/><E135/><V80/><F38/><W1/><G74/><T127/><D92/><N who="1" m="56711" /><E131/><V16/><F107/><W95/><G1/><T128/><D132/><U119/><E33/><V37/><F37/><W48/><G121/><T36/><D36/><U82/><E119/><V71/><F35/><W11/><G125/><T110/><D2/><U29/><E10/><V85/><F3/><W62/><G130/><N who="0" m="50283" /><D6/><U116/><E116/><V34/><F34/><W86/><G62/><T53/><D53/><AGARI ba="0,0" hai="4,11,13,46,48,53,84,86,91,95,96,98,101,106" machi="53" ten="30,2900,0" yaku="7,1,52,1" doraHai="0" who="3" fromWho="0" sc="200,-29,190,0,260,0,350,29" owari="171,-23,190,-16,260,1,379,38" /></mjloggm>