<mjloggm ver="2.3"><GO type="225"/><UN n0="%E3%83%81%E3%83%A3%E3%82%AA%E3%83%AA" n1="%E3%83%AA%E3%83%AA%E3%82%A2%E3%83%BC%E3%83%8C" n2="%E5%B1%B1%E5%B9%B8%E5%95%86%E5%BA%97" n3="%E6%B7%B1%E5%A4%9C%E3%81%AE%E5%AE%B4" dan="17,17,17,16" rate="2171,2132,2149,2046" sx="M,F,M,M"/><TAIKYOKU oya="0"/><INIT seed="0,0,0,2,0,5" ten="250,250,250,250" oya="0" hai0="128,118,135,69,119,84,61,93,63,19,48,38,68" hai1="125,14,86,104,54,27,78,49,100,82,117,113,11" hai2="12,80,130,77,70,31,20,98,42,21,4,30,132" hai3="106,1,114,52,97,89,8,45,64,133,73,41,16" shuffle="mt19937ar,97187C03,5750AF8D,464C3499,02C01D31,43B9122D,A529A7E6,B52127CE,58D07CFB"/><T111/><D38/><U74/><E117/><V112/><F70/><W57/><G114/><T18/><D48/><U26/><E125/><V91/><F112/><W127/><G73/><T67/><D135/><U92/><E113/><V23/><F132/><W131/><G133/><T46/><D46/><U17/><E104/><V122/><F122/><W35/><G35/><T83/><D93/><U3/><E3/><V22/><F42/><W71/><G127/><T34/><D34/><U102/><E74/><V87/><F130/><W33/><G33/><T90/><D128/><U129/><E129/><V32/><F32/><W51/><G131/><T88/><D111/><U15/><E15/><V123/><F123/><W47/><G47/><T110/><D110/><U39/><E39/><V37/><F37/><N who="3" m="21679" /><G1/><T25/><D90/><U43/><E43/><V79/><F98/><W28/><G28/><N who="2" m="10793" /><F4/><W134/><G134/><T95/><D95/><U126/><E126/><V99/><F99/><W72/><G72/><T58/><D69/><U121/><E92/><V75/><F75/><W29/><G29/><T66/><REACH who="0" step="1"/><D25/><REACH who="0" step="2"/><N who="1" m="9227" /><E121/><V40/><F40/><W94/><G106/><T65/><D65/><U6/><E102/><V10/><N who="2" m="5632" /><DORA hai="109" /><V81/><F81/><W60/><G97/><T13/><D13/><U50/><E100/><V36/><F36/><W116/><G94/><T103/><D103/><U120/><E120/><V101/><F101/><W76/><G71/><T108/><D108/><U105/><E105/><V24/><F24/><W85/><G64/><T55/><D55/><U9/><E54/><RYUUKYOKU ba="0,1" sc="240,10,250,10,250,10,250,-30" hai0="18,19,58,61,63,66,67,68,83,84,88,118,119" hai1="6,9,11,14,17,49,50,78,82,86" hai2="10,12,77,79,80,87,91" /><INIT seed="0,1,1,0,3,11" ten="250,260,260,220" oya="0" hai0="130,12,100,51,32,107,87,91,2,67,99,83,10" hai1="110,21,45,119,35,106,93,89,90,101,7,73,120" hai2="72,92,102,116,42,40,97,117,98,105,54,84,94" hai3="122,80,66,81,59,78,1,57,125,58,18,25,62" shuffle="mt19937ar,6C89075B,AB498218,FFD1E205,73B6CA17,6D773978,27802359,D90A2762,1373849A"/><T4/><D32/><U82/><E35/><V55/><F84/><W30/><G1/><T127/><D127/><U74/><E7/><V79/><F79/><W34/><G125/><T48/><D130/><U111/><E119/><V47/><F105/><W85/><G122/><T95/><D67/><U60/><E60/><V15/><F15/><W17/><REACH who="3" step="1"/><G80/><REACH who="3" step="2"/><T16/><REACH who="0" step="1"/><D83/><REACH who="0" step="2"/><U69/><E82/><V64/><F117/><W77/><G77/><T68/><D68/><AGARI ba="1,3" hai="17,18,25,30,34,57,58,59,62,66,68,78,81,85" machi="68" ten="40,1300,0" yaku="1,1,53,0" doraHai="11" doraHaiUra="36" who="3" fromWho="0" sc="240,-16,260,0,260,0,210,46" /><INIT seed="1,0,0,4,3,24" ten="224,260,260,256" oya="1" hai0="19,70,93,13,14,40,10,23,32,126,35,48,124" hai1="43,132,120,128,111,27,22,81,34,62,66,46,77" hai2="2,1,106,55,113,134,36,89,16,30,60,96,11" hai3="131,114,101,73,94,115,95,59,121,100,21,117,54" shuffle="mt19937ar,003E1121,B755F4A1,A6940F01,EDC97066,D17A5156,48B8C8E2,CA0CCF12,92201E07"/><U107/><E120/><V135/><F36/><W108/><G73/><T116/><D70/><U6/><E107/><V18/><F113/><W5/><G121/><T72/><D72/><U28/><E132/><N who="2" m="50731" /><F30/><W37/><G37/><T84/><D116/><U68/><E128/><V118/><F118/><W15/><G117/><T64/><D64/><U97/><E97/><V76/><F76/><W52/><G131/><T8/><D40/><U3/><E111/><V87/><F96/><W31/><G108/><T4/><D48/><U0/><E6/><V38/><F38/><W25/><G115/><T104/><D104/><U88/><E34/><N who="0" m="12841" /><D93/><N who="3" m="35337" /><G114/><T58/><D58/><U83/><E77/><V63/><F106/><W122/><G122/><T91/><D91/><U90/><E90/><V86/><F89/><W99/><G99/><T39/><D84/><N who="2" m="32298" /><F55/><N who="3" m="21035" /><G59/><T42/><D42/><U109/><E109/><V78/><F11/><AGARI ba="0,0" hai="5,11,15,21,25,31,100,101" m="21035,35337" machi="11" ten="30,3900,0" yaku="8,1,52,1,54,1" doraHai="24" who="3" fromWho="2" sc="224,0,260,0,260,-39,256,39" /><INIT seed="2,0,0,2,0,102" ten="224,260,221,295" oya="2" hai0="94,55,81,24,56,39,52,51,15,125,30,68,12" hai1="37,133,34,57,11,29,104,77,44,62,127,60,70" hai2="121,114,71,42,4,74,79,9,110,90,36,76,16" hai3="65,135,82,17,111,31,87,96,10,117,40,108,118" shuffle="mt19937ar,459515C8,A442BC21,9E64906B,30698D8C,C54F3CAA,8B0EB1A8,AF426394,A56874E6"/><V115/><F121/><W19/><G135/><T92/><D68/><U7/><E133/><V122/><F71/><W46/><G65/><T69/><D69/><U107/><E77/><V120/><F90/><N who="3" m="51575" /><G31/><T3/><D3/><N who="1" m="511" /><E62/><V63/><F63/><W130/><G96/><T95/><D39/><U32/><E57/><V113/><F110/><N who="3" m="42027" /><G10/><T13/><D125/><U28/><E28/><V91/><F91/><W131/><G19/><T80/><REACH who="0" step="1"/><D55/><REACH who="0" step="2"/><U33/><E127/><V43/><F42/><W129/><G40/><T88/><D88/><U50/><E37/><V61/><F79/><W106/><G131/><T93/><N who="0" m="23552" /><DORA hai="67" /><T123/><D123/><U86/><E70/><V6/><F43/><W1/><G130/><T126/><D126/><U14/><E107/><V124/><F36/><W66/><G106/><T48/><D48/><U75/><E50/><V84/><F124/><W73/><G129/><T2/><D2/><U58/><E104/><V98/><F61/><W64/><G1/><T100/><D100/><U85/><E60/><V72/><F122/><W41/><G41/><T20/><AGARI ba="0,1" hai="12,13,15,20,24,30,51,52,56,80,81" m="23552" machi="20" ten="50,8000,1" yaku="1,1,0,1,8,1,54,1,53,0" doraHai="102,67" doraHaiUra="109,128" who="0" fromWho="0" sc="214,90,260,-20,221,-40,295,-20" /><INIT seed="3,0,0,4,5,84" ten="304,240,181,275" oya="3" hai0="68,52,26,124,134,94,110,60,109,78,17,81,122" hai1="51,86,59,121,1,67,118,82,11,115,126,58,35" hai2="22,15,33,41,91,70,54,5,95,63,96,14,6" hai3="24,64,69,99,85,77,20,90,103,125,83,12,131" shuffle="mt19937ar,1BAA8BB5,0351C27E,ED0AB170,D7EDD81F,056CD3B2,7CB495E8,1A93DFF7,B185DC43"/><W79/><G69/><T106/><D106/><U34/><E115/><V56/><F33/><W18/><G131/><T50/><D134/><U42/><E121/><V107/><F107/><W116/><G116/><T40/><D124/><U62/><E126/><V132/><F132/><W113/><G125/><T61/><D122/><U73/><E73/><V74/><F74/><W21/><G64/><T101/><D40/><U93/><E93/><V105/><F105/><W7/><G113/><T0/><D0/><U9/><E118/><V30/><F41/><W23/><G7/><T88/><D101/><U55/><E42/><V29/><F70/><W3/><G3/><T120/><D120/><U97/><E97/><V38/><F38/><W37/><G37/><T128/><D128/><U104/><E104/><V71/><F71/><W129/><G129/><T112/><D112/><U44/><E44/><V89/><F89/><W80/><G80/><T75/><D17/><U135/><E135/><V8/><REACH who="2" step="1"/><F22/><REACH who="2" step="2"/><N who="3" m="8811" /><G24/><T119/><D26/><U49/><E35/><V72/><F72/><W127/><G127/><T13/><D119/><U117/><E34/><V133/><F133/><W39/><G39/><T100/><D68/><U87/><E117/><V4/><F4/><W111/><G111/><N who="0" m="42507" /><D100/><U2/><E2/><V10/><AGARI ba="0,1" hai="5,6,8,10,14,15,29,30,54,56,63,91,95,96" machi="10" ten="30,12000,2" yaku="1,1,0,1,9,1,8,1,52,1,53,2" doraHai="84" doraHaiUra="25" who="2" fromWho="2" sc="304,-30,240,-30,171,130,275,-60" owari="274,2,210,-19,301,30,215,-13" /></mjloggm>