<mjloggm ver="2.3"><GO type="225"/><UN n0="%EF%BC%88%EF%BC%8A%EF%BC%9E%EF%BC%9C%EF%BC%89" n1="%E3%82%B9%E3%83%91%E3%83%BC%E3%82%AF%E3%82%B9" n2="%E3%83%80%E3%83%A0%E3%83%9E%E3%83%8B%E3%82%A2" n3="%61%6E%62%79%33" dan="17,16,16,16" rate="2175,2082,2110,2087" sx="F,F,M,M"/><TAIKYOKU oya="0"/><INIT seed="0,0,0,0,2,124" ten="250,250,250,250" oya="0" hai0="55,2,14,57,86,69,64,37,92,6,65,109,13" hai1="40,127,94,129,128,121,42,103,43,132,5,17,83" hai2="84,91,19,1,126,41,117,77,114,130,93,23,98" hai3="97,49,82,104,108,100,7,54,10,34,50,96,36" shuffle="mt19937ar,E36534E6,008616EC,463FBB4D,86716CD9,E5AB362B,24AFB826,5F6E54E7,79678570"/><T131/><D37/><U111/><E121/><V67/><F1/><W30/><G36/><T48/><D2/><U16/><E127/><V11/><F114/><W60/><G108/><T28/><D109/><U99/><E111/><V101/><F126/><W9/><G96/><T88/><D28/><U52/><E5/><V45/><F67/><W59/><G82/><T68/><D14/><U76/><E132/><V74/><F11/><W102/><G102/><T3/><D3/><U112/><E112/><V0/><F0/><W18/><G7/><T73/><D73/><U110/><E52/><V35/><F35/><W51/><REACH who="3" step="1"/><G18/><REACH who="3" step="2"/><T120/><D6/><U123/><E110/><V134/><F134/><W53/><G53/><T44/><D65/><U116/><E123/><V21/><F19/><W79/><G79/><T29/><D120/><U62/><E116/><V27/><F77/><W118/><G118/><T85/><D64/><U71/><E71/><V15/><F117/><W47/><G47/><T90/><D44/><U8/><E62/><V78/><F45/><W31/><G31/><T25/><D68/><U58/><E58/><V22/><F78/><W107/><G107/><T20/><D69/><U26/><E26/><AGARI ba="0,1" hai="9,10,26,30,34,49,50,51,54,59,60,97,100,104" machi="26" ten="40,1300,0" yaku="1,1,53,0" doraHai="124" doraHaiUra="105" who="3" fromWho="1" sc="250,0,250,-13,250,0,240,23" /><INIT seed="1,0,0,1,4,123" ten="250,237,250,263" oya="1" hai0="89,96,80,57,11,135,121,62,95,40,37,88,77" hai1="114,25,56,65,10,92,71,44,47,109,127,18,9" hai2="101,0,108,81,128,14,105,66,132,15,32,64,51" hai3="28,50,76,8,68,23,87,54,43,55,60,133,73" shuffle="mt19937ar,6C2C9F9A,31DF0D7E,7934B00C,8EB6C4F2,5EF37199,59BEC992,96C7D3AC,6ECDEEDE"/><U110/><E114/><V41/><F0/><W29/><G73/><T48/><D37/><U72/><E72/><V82/><F32/><W3/><G133/><T49/><D121/><U17/><E71/><V129/><F132/><W12/><G3/><T125/><D135/><U67/><E92/><V20/><F105/><W91/><G76/><T117/><D117/><U120/><E120/><V102/><F51/><W33/><G33/><T35/><D35/><U75/><E75/><V113/><F20/><W112/><G112/><T36/><D125/><U26/><REACH who="1" step="1"/><E56/><REACH who="1" step="2"/><V100/><F113/><W134/><G68/><T97/><D57/><U5/><E5/><V27/><F129/><W69/><G69/><T61/><D95/><U70/><E70/><V79/><F128/><W21/><G134/><T130/><D130/><U119/><E119/><V6/><F6/><W107/><G107/><T45/><D80/><U31/><E31/><V103/><F82/><W24/><G28/><T78/><D45/><U98/><E98/><V42/><F81/><W52/><G29/><T2/><D97/><U30/><E30/><V7/><F7/><W63/><G87/><T1/><D96/><U74/><E74/><V38/><F79/><W53/><G63/><T104/><D104/><U90/><E90/><V58/><F100/><W46/><G91/><T111/><D77/><U83/><E83/><V34/><F101/><W86/><G86/><T94/><D78/><U122/><E122/><V19/><F102/><W106/><G60/><T118/><D89/><U4/><E4/><V131/><F103/><RYUUKYOKU ba="0,1" sc="250,-10,227,30,250,-10,263,-10" hai1="9,10,17,18,25,26,44,47,65,67,109,110,127" /><INIT seed="1,1,1,0,5,96" ten="240,257,240,253" oya="1" hai0="56,9,6,10,26,101,132,60,81,131,92,118,33" hai1="57,62,35,83,113,42,133,64,90,30,105,38,129" hai2="84,49,89,47,20,43,66,108,91,119,22,107,40" hai3="11,76,80,21,61,34,46,27,110,135,99,94,126" shuffle="mt19937ar,E47DE82E,7251D35C,A0DD197F,CCE2F51A,550B7EF0,2EEFCB21,7245B481,E1CAE076"/><U79/><E113/><V121/><F107/><W72/><G110/><T58/><D118/><U28/><E105/><V67/><F121/><W111/><G111/><T85/><D131/><U128/><E133/><V78/><F108/><W112/><G135/><T0/><D132/><U87/><E79/><V2/><F2/><W17/><G126/><T98/><D10/><U103/><E103/><V5/><F5/><W125/><G125/><T124/><D124/><U29/><REACH who="1" step="1"/><E35/><REACH who="1" step="2"/><V39/><F78/><W114/><G34/><T116/><D116/><U24/><E24/><V93/><F91/><W106/><G106/><T65/><D33/><U25/><E25/><V48/><F119/><W102/><G112/><T82/><D26/><U7/><E7/><V53/><F39/><W97/><G114/><T100/><D100/><U70/><E70/><V134/><F134/><W123/><G102/><T8/><D85/><U15/><E15/><V95/><F84/><W55/><G76/><T45/><D6/><U37/><E37/><V44/><F89/><W73/><G27/><T41/><D0/><U120/><E120/><V1/><F1/><W31/><G123/><T68/><D68/><U71/><E71/><V63/><F63/><W4/><G61/><T104/><D104/><U130/><E130/><V19/><F19/><W127/><G17/><T16/><D16/><U117/><E117/><V3/><F3/><W75/><G4/><T88/><D101/><U109/><E109/><V51/><F49/><W86/><G127/><T115/><D60/><U50/><E50/><V13/><F13/><RYUUKYOKU ba="1,2" sc="240,-15,247,15,240,15,253,-15" hai1="28,29,30,38,42,57,62,64,83,87,90,128,129" hai2="20,22,40,43,44,47,48,51,53,66,67,93,95" /><INIT seed="1,2,2,3,5,120" ten="225,262,255,238" oya="1" hai0="123,64,135,16,58,76,23,84,20,33,108,125,29" hai1="71,13,90,57,2,39,19,129,79,67,127,43,117" hai2="32,37,88,116,115,0,11,8,1,60,31,114,107" hai3="124,83,17,45,52,66,78,74,46,131,34,100,18" shuffle="mt19937ar,FB40365F,69C57835,35001B26,7F1B997F,84DC3CB9,C7C742F8,A2C75D64,1502CE12"/><U56/><E2/><N who="2" m="1131" /><F37/><W50/><G34/><T7/><D7/><U63/><E117/><V113/><F107/><W93/><G66/><T104/><D104/><U82/><E127/><V92/><F60/><W54/><G124/><T25/><D123/><U59/><E129/><V15/><F116/><W77/><G131/><T103/><D103/><U44/><E90/><V9/><F31/><W98/><G78/><T61/><D125/><U24/><E24/><V80/><F80/><W126/><G126/><T22/><D135/><U55/><E71/><V72/><F72/><W62/><G62/><T41/><D41/><U12/><E67/><V68/><F68/><W14/><G14/><T97/><D97/><U36/><E36/><V48/><F48/><AGARI ba="2,2" hai="17,18,45,46,48,50,52,54,74,77,83,93,98,100" machi="48" ten="40,2600,0" yaku="9,1,54,1" doraHai="120" who="3" fromWho="2" sc="225,0,262,0,255,-32,238,52" /><INIT seed="2,0,0,2,1,97" ten="225,262,223,290" oya="2" hai0="94,16,119,57,109,76,46,113,3,110,78,18,87" hai1="11,134,122,118,83,47,129,34,62,67,74,88,82" hai2="85,8,92,72,81,135,99,127,98,114,79,36,128" hai3="130,30,125,43,6,2,12,106,33,117,41,89,91" shuffle="mt19937ar,F590999A,F888C6A4,45B63F7D,D52AC38C,4A3A7B9F,545E0319,B923A99F,1E49645A"/><V108/><F36/><W42/><G2/><T19/><D3/><U26/><E118/><V102/><F8/><N who="3" m="4119" /><G106/><T32/><D32/><U55/><E122/><V49/><F49/><W9/><G33/><T59/><D113/><U7/><E129/><V71/><F71/><W65/><G9/><T24/><D24/><U58/><E74/><V10/><F10/><W121/><G121/><T101/><D46/><U37/><E134/><V31/><F31/><W96/><G30/><T14/><D14/><U28/><E37/><V4/><F4/><W126/><G65/><T86/><D119/><U13/><E67/><V61/><F61/><W104/><G117/><T35/><D35/><U29/><E29/><V44/><F44/><W112/><G130/><T50/><D50/><U124/><E124/><N who="3" m="47722" /><G112/><T107/><D107/><U69/><E69/><V53/><F127/><W131/><G131/><T64/><D64/><U111/><E47/><V66/><F66/><W120/><G120/><T63/><D19/><U0/><E111/><V93/><F53/><W105/><G105/><T133/><D133/><U123/><E123/><V132/><F128/><W48/><G48/><T95/><D63/><U15/><E0/><V40/><F40/><W68/><G68/><T77/><D77/><U103/><E34/><V116/><F114/><W115/><G115/><T21/><D21/><U60/><E60/><V52/><F52/><W39/><G39/><T100/><AGARI ba="0,0" hai="16,18,57,59,76,78,86,87,94,95,100,101,109,110" machi="100" ten="25,12000,2" yaku="0,1,22,2,52,2,54,1" doraHai="97" who="0" fromWho="0" sc="225,120,262,-30,223,-60,290,-30" /><INIT seed="3,0,0,0,5,26" ten="345,232,163,260" oya="3" hai0="57,4,5,132,6,53,74,10,130,90,59,102,83" hai1="125,119,32,21,105,16,54,91,43,75,14,110,7" hai2="28,78,94,17,117,88,44,47,69,112,9,38,80" hai3="87,134,39,81,25,109,2,97,36,11,51,79,85" shuffle="mt19937ar,E0508BE4,F4C8839D,701C86CD,62005FE0,55383C89,F163670E,2E098940,A1FD6E5A"/><W77/><G134/><T55/><D102/><U56/><E105/><V89/><F69/><W114/><G114/><T93/><D132/><U3/><E75/><V99/><F117/><W15/><G2/><T58/><D130/><U70/><E70/><V128/><F112/><W48/><G109/><T30/><D30/><U116/><E110/><V12/><F128/><W13/><G97/><T101/><D10/><N who="1" m="2431" /><E43/><V63/><F38/><W67/><G67/><T107/><D107/><U66/><E66/><V23/><F63/><W27/><G81/><T72/><D72/><U106/><E106/><V135/><F135/><W71/><G71/><T46/><D46/><U49/><E125/><V111/><F111/><W65/><G65/><T121/><D121/><U37/><E37/><V29/><F9/><AGARI ba="0,0" hai="9,11,13,15,25,27,36,39,48,51,77,79,85,87" machi="9" ten="25,2400,0" yaku="22,2" doraHai="26" who="3" fromWho="2" sc="345,0,232,0,163,-24,260,24" /><INIT seed="3,1,0,4,2,20" ten="345,232,139,284" oya="3" hai0="36,63,96,32,124,2,50,24,123,80,109,18,39" hai1="12,27,45,42,67,98,87,95,121,41,125,126,86" hai2="19,15,54,61,133,25,114,35,79,72,34,5,28" hai3="113,119,11,26,105,116,101,77,53,82,57,106,17" shuffle="mt19937ar,BAAD73AB,E2AAA023,D79E84AB,7AFDA7B9,516D8026,1160B7F3,D2D98222,2595D0A9"/><W110/><G113/><T69/><D2/><U8/><E121/><V44/><F79/><W99/><G105/><T1/><D1/><U97/><E67/><V56/><F72/><W0/><G110/><T135/><D123/><U40/><E45/><V104/><F104/><W31/><G17/><T91/><D109/><U62/><E62/><V120/><F114/><W107/><G107/><T75/><D135/><U117/><E117/><V112/><F120/><W83/><G11/><T37/><D50/><U29/><E125/><V66/><F112/><W65/><G65/><N who="0" m="41151" /><D18/><U43/><E126/><V55/><F133/><W59/><G0/><T118/><D91/><U16/><N who="1" m="10240" /><DORA hai="38" /><U78/><E78/><V68/><F5/><W23/><G82/><T30/><D96/><N who="1" m="36971" /><E95/><V90/><F90/><W129/><G129/><T92/><D92/><U89/><E89/><V81/><F81/><W33/><G33/><T21/><D124/><U58/><E58/><V48/><F35/><W47/><G47/><T46/><D80/><U103/><E103/><V13/><REACH who="2" step="1"/><F19/><REACH who="2" step="2"/><W52/><G83/><T64/><D37/><U93/><E93/><V9/><F9/><W7/><G77/><T100/><D32/><U73/><E73/><V94/><F94/><W14/><G7/><T130/><D75/><U49/><E49/><AGARI ba="1,1" hai="13,15,25,28,34,44,48,49,54,55,56,61,66,68" machi="49" ten="30,3900,0" yaku="1,1,7,1,52,1,53,0" doraHai="20,38" doraHaiUra="102,128" who="2" fromWho="1" sc="345,0,232,-42,129,52,284,0" owari="345,35,190,-16,181,-22,284,3" /></mjloggm>