<mjloggm ver="2.3"><GO type="185"/><UN n0="%E4%B8%89%E7%94%B0%E6%9D%91%E8%8C%9C" n1="%E3%81%B5%E3%81%8F%EF%BC%A3%EF%BD%88%EF%BD%81%EF%BD%8E%E2%99%AA" n2="%E3%80%93%E3%81%84%E3%81%A1%E3%81%AF%E3%82%89%E3%80%93" n3="" dan="17,17,18,0" rate="2190,2145,2243,1500" sx="F,F,M,C"/><TAIKYOKU oya="0"/><INIT seed="0,0,0,3,0,99" ten="350,350,350,0" oya="0" hai0="33,3,62,1,104,56,112,126,72,127,94,103,46" hai1="131,134,66,101,58,130,135,91,114,100,69,83,119" hai2="36,124,88,132,110,40,123,80,59,93,90,44,2" hai3="" shuffle="mt19937ar,4866AD6C,E05D2139,E617A27F,13EF9C51,9A9C1BD6,7AE194B0,CDA4EF9A,726B8521"/><T115/><D33/><U65/><E69/><V47/><N who="2" m="31520" /><V92/><F110/><T67/><D72/><U34/><E34/><V98/><F124/><N who="0" m="47658" /><D94/><U57/><E119/><V113/><F132/><T50/><D103/><U54/><E54/><V55/><F47/><T109/><D109/><U95/><E83/><V61/><F113/><N who="0" m="43594" /><D104/><U45/><E114/><V48/><F2/><T51/><D51/><U42/><E95/><V35/><F35/><T75/><D75/><U128/><E128/><V37/><REACH who="2" step="1"/><F80/><REACH who="2" step="2"/><T76/><D76/><U85/><E131/><V63/><F63/><T108/><D108/><U70/><E130/><V102/><F102/><T121/><N who="0" m="31008" /><T96/><D96/><AGARI ba="0,1" hai="36,37,40,44,48,55,59,61,88,90,92,93,96,98" m="31520" machi="96" ten="30,8000,1" yaku="1,1,7,1,9,1,52,1,54,1,53,0" doraHai="99" doraHaiUra="122" who="2" fromWho="0" sc="350,-80,350,0,340,90,0,0" /><INIT seed="1,0,0,2,5,56" ten="270,350,430,0" oya="1" hai0="131,77,65,99,73,48,81,41,1,79,98,107,3" hai1="40,97,127,38,34,75,42,46,104,33,100,62,70" hai2="121,83,64,126,53,92,118,82,2,60,88,63,43" hai3="" shuffle="mt19937ar,6D9F7944,A62AF69D,7EEEF45D,62CA4C01,DC296981,7FB286D5,2AB01A0B,FD0C4620"/><U129/><E127/><V51/><N who="2" m="31008" /><V113/><F126/><T95/><D131/><U57/><E129/><V125/><F125/><T72/><D107/><U110/><E110/><V39/><F118/><T93/><D65/><U101/><E42/><V71/><F2/><T135/><D135/><U132/><E132/><V105/><F105/><T128/><D128/><U111/><E111/><V69/><F113/><T134/><D134/><U133/><E133/><V59/><F39/><T66/><D66/><U78/><E101/><V45/><REACH who="2" step="1"/><F69/><REACH who="2" step="2"/><T87/><D1/><U58/><E33/><V84/><AGARI ba="0,1" hai="43,45,51,53,59,60,63,64,71,82,83,84,88,92" m="31008" machi="84" ten="20,12000,3" yaku="1,1,2,1,0,1,7,1,52,3,54,1,53,1" doraHai="56" doraHaiUra="44" who="2" fromWho="2" sc="270,-40,350,-80,420,130,0,0" /><INIT seed="2,0,0,5,0,135" ten="230,270,550,0" oya="2" hai0="67,78,113,42,92,48,66,103,100,74,36,55,40" hai1="80,115,44,3,86,34,116,131,1,129,126,127,76" hai2="98,69,58,82,54,128,51,85,123,125,72,117,75" hai3="" shuffle="mt19937ar,898FC766,FC168004,8317E63F,EB192053,DCDDBFC7,4FE8280E,0961F7E0,F7510679"/><V68/><N who="2" m="31520" /><V124/><F117/><T107/><D107/><U99/><E116/><V91/><F128/><N who="1" m="49225" /><E34/><V122/><N who="2" m="31264" /><V79/><F98/><T120/><N who="0" m="30752" /><T132/><D113/><U118/><E118/><V106/><F106/><T130/><D132/><U37/><E115/><V97/><F97/><T88/><D78/><U53/><E99/><V63/><F75/><T77/><D77/><U104/><E104/><V87/><F72/><T110/><D74/><U108/><E108/><V70/><REACH who="2" step="1"/><F63/><REACH who="2" step="2"/><T84/><D110/><U64/><E1/><V101/><F101/><T2/><D103/><U105/><E3/><V90/><F90/><T94/><D88/><U93/><E105/><V65/><F65/><T102/><D66/><U52/><E64/><V119/><F119/><T50/><D67/><U95/><E93/><AGARI ba="0,1" hai="51,54,58,68,69,70,79,82,85,87,91,93,124,125" m="31264,31520" machi="93" ten="40,18000,2" yaku="1,1,52,4,53,2" doraHai="135" doraHaiUra="83" who="2" fromWho="1" sc="230,0,270,-180,540,190,0,0" /><INIT seed="2,1,0,3,3,41" ten="230,90,730,0" oya="2" hai0="112,75,114,120,78,79,44,46,103,82,131,35,85" hai1="88,130,51,58,50,60,111,38,66,109,94,36,127" hai2="49,107,42,48,56,32,95,34,91,123,47,90,96" hai3="" shuffle="mt19937ar,ECFA82F9,1FBB6D6A,405B427B,041DDD27,6139E597,5393A08E,E6076749,913E8EDB"/><V115/><N who="2" m="31520" /><V73/><F115/><N who="0" m="44074" /><D131/><U39/><E130/><V117/><F117/><T64/><N who="0" m="30752" /><T125/><D125/><U119/><E119/><V118/><F118/><T126/><D126/><U80/><E80/><V83/><F107/><T104/><D78/><U124/><E127/><V57/><F73/><T98/><D64/><U55/><E124/><V37/><F37/><T133/><D133/><U116/><E116/><V113/><F113/><T43/><D43/><U33/><E33/><V105/><F105/><T110/><D110/><U108/><REACH who="1" step="1"/><E66/><REACH who="1" step="2"/><V89/><F32/><T77/><D35/><U84/><AGARI ba="1,1" hai="36,38,39,50,51,55,58,60,84,88,94,108,109,111" machi="84" ten="40,12000,3" yaku="1,1,2,1,0,1,14,1,54,1,53,3" doraHai="41" doraHaiUra="69" who="1" fromWho="1" sc="230,-41,80,132,730,-81,0,0" /><INIT seed="4,0,0,1,2,80" ten="189,212,649,0" oya="0" hai0="96,82,61,79,124,127,118,92,55,114,122,68,52" hai1="38,65,95,128,97,125,135,49,59,86,69,51,89" hai2="112,46,90,75,56,100,99,98,71,50,33,115,35" hai3="" shuffle="mt19937ar,576FE485,51DD34E7,B7B7C1C0,85815462,DB5DF801,C2F97C75,39E5EE78,A5F488C1"/><T58/><N who="0" m="31264" /><T45/><D118/><U60/><E38/><V84/><F71/><T64/><D114/><N who="2" m="43562" /><F56/><T108/><D108/><U43/><E135/><V87/><F75/><T85/><D45/><U44/><E125/><N who="0" m="48201" /><D68/><U74/><E74/><V131/><F131/><T88/><AGARI ba="0,0" hai="52,55,58,61,64,79,82,85,88,92,96" m="48201,31264" machi="88" ten="30,8000,1" yaku="18,1,52,2,54,2" doraHai="80" who="0" fromWho="0" sc="189,80,212,-40,649,-40,0,0" /><INIT seed="4,1,0,0,0,50" ten="269,172,609,0" oya="0" hai0="64,86,2,113,123,103,0,126,61,99,102,74,3" hai1="95,34,96,66,97,107,110,47,32,124,63,54,132" hai2="60,125,112,121,122,48,59,90,79,108,41,80,57" hai3="" shuffle="mt19937ar,CC6E6BC8,289F8B61,BC24FE91,0112E893,63875D9D,C366FA23,0D13F6B7,B4FE24CD"/><T78/><N who="0" m="31520" /><T85/><D113/><U1/><E1/><V75/><N who="2" m="31008" /><V87/><N who="2" m="31264" /><V100/><F108/><T37/><D37/><U53/><E110/><V51/><F125/><T76/><D126/><U93/><E124/><V35/><F35/><T55/><D55/><U88/><E107/><V111/><F111/><T67/><D74/><U49/><E132/><V71/><F71/><T42/><D42/><U117/><E117/><V82/><F112/><T68/><D67/><U89/><E54/><V33/><F33/><T38/><D38/><U129/><E129/><V77/><F59/><AGARI ba="1,0" hai="32,34,47,49,53,59,63,66,88,89,93,95,96,97" machi="59" ten="30,7700,0" yaku="7,1,9,1,52,1,54,1" doraHai="50" who="1" fromWho="2" sc="269,0,172,79,609,-79,0,0" /><INIT seed="5,0,0,3,4,69" ten="269,251,530,0" oya="1" hai0="92,90,111,59,122,2,81,33,48,132,72,86,38" hai1="77,120,52,35,80,103,64,43,44,75,128,130,61" hai2="83,119,71,100,66,1,110,89,57,76,70,41,54" hai3="" shuffle="mt19937ar,7DAF05D4,44D8C7FA,1C811F2C,0ADF6014,9129CD64,48B795FB,B6BEAD7C,CFB8168A"/><U67/><N who="1" m="30752" /><U62/><E35/><V109/><F1/><T124/><N who="0" m="31264" /><T106/><D2/><U96/><E52/><V88/><F119/><T97/><D33/><U107/><E62/><V3/><F3/><T39/><D132/><U117/><E117/><V129/><F100/><T40/><D111/><U85/><E64/><V121/><N who="2" m="31008" /><V118/><F41/><T105/><D124/><U135/><E135/><V37/><F66/><T84/><D84/><U46/><E46/><V63/><F129/><T98/><D98/><U123/><N who="1" m="31520" /><U55/><E55/><V58/><F54/><T108/><D72/><U95/><E85/><V45/><F45/><T73/><D73/><U79/><E79/><V133/><F76/><T101/><D108/><U115/><E115/><V99/><F133/><T42/><D42/><U49/><REACH who="1" step="1"/><E107/><REACH who="1" step="2"/><V125/><F118/><T91/><D106/><U87/><E87/><V65/><F65/><T51/><D105/><U134/><E134/><V131/><F63/><T74/><D74/><U34/><E34/><V82/><F110/><T53/><D53/><U93/><E93/><V94/><F94/><T32/><D92/><U113/><E113/><V126/><F109/><T116/><D32/><RYUUKYOKU ba="0,1" sc="269,-10,241,20,530,-10,0,0" hai1="43,44,49,61,67,75,77,80,95,96,103,128,130" /><INIT seed="5,1,1,0,0,75" ten="259,261,520,0" oya="1" hai0="90,92,72,131,133,110,125,134,76,124,107,63,135" hai1="102,97,47,101,57,103,62,68,86,132,120,88,119" hai2="70,60,43,99,64,44,38,74,32,105,3,37,0" hai3="" shuffle="mt19937ar,D3104813,A92CC511,4308419D,A2B3BADF,3DCDAFD6,A73A1C0B,84233671,E414D2DA"/><U34/><N who="1" m="30752" /><U115/><E34/><V129/><F32/><T50/><D107/><U126/><E119/><V104/><F129/><T116/><D116/><U35/><E35/><V81/><F38/><T40/><D110/><U84/><E132/><V112/><F112/><T78/><D63/><U111/><E68/><V2/><F99/><T91/><D72/><U51/><E115/><V52/><F52/><T73/><D73/><U117/><E126/><N who="0" m="48745" /><D131/><U61/><E117/><V77/><AGARI ba="1,1" hai="0,2,3,37,43,44,60,64,70,74,77,81,104,105" machi="77" ten="40,6000,1" yaku="0,1,33,3,52,1" doraHai="75" who="2" fromWho="2" sc="259,-21,261,-41,520,72,0,0" /><INIT seed="6,0,0,0,1,82" ten="238,220,592,0" oya="2" hai0="134,72,123,33,106,77,109,128,84,32,2,86,112" hai1="91,117,57,120,101,36,125,104,76,108,116,70,69" hai2="100,67,79,103,40,124,71,61,47,126,122,89,97" hai3="" shuffle="mt19937ar,C76F7DD5,AE828AC9,751B33EA,F5C87F99,BB9843EF,3D3D3F2F,244A66D2,48CEC08A"/><V53/><N who="2" m="31264" /><V41/><F79/><T133/><N who="0" m="31520" /><T66/><D2/><U39/><N who="1" m="30752" /><U59/><E108/><V93/><F53/><T119/><D109/><U130/><E130/><V3/><F3/><T88/><D128/><U34/><E34/><V78/><F78/><T54/><D119/><N who="1" m="45643" /><E125/><N who="2" m="48235" /><F40/><T131/><D131/><U42/><E76/><V55/><F55/><T129/><D72/><U114/><E114/><V80/><F80/><T43/><D77/><U49/><E91/><V60/><F60/><T118/><D112/><U44/><E36/><AGARI ba="0,0" hai="36,41,47,61,67,71,89,93,97,100,103" m="48235,31264" machi="36" ten="30,2900,0" yaku="18,1,52,1" doraHai="82" who="2" fromWho="1" sc="238,0,220,-29,592,29,0,0" owari="238,-16,191,-41,621,57,0,0" /></mjloggm>