<mjloggm ver="2.3"><GO type="185"/><UN n0="%E3%80%93%E3%81%84%E3%81%A1%E3%81%AF%E3%82%89%E3%80%93" n1="%E7%A5%9E%E9%80%9F%E2%98%85%2E%63%6F%6D" n2="%EF%BC%BC%28%EF%BC%BE%6F%EF%BC%BE%29%EF%BC%8F%E2%98%85" n3="" dan="18,17,17,0" rate="2244,2186,2161,1500" sx="M,M,M,C"/><TAIKYOKU oya="0"/><INIT seed="0,0,0,5,0,60" ten="350,350,350,0" oya="0" hai0="132,123,55,75,52,131,95,1,76,42,35,65,44" hai1="50,46,61,105,48,66,101,73,94,106,120,57,97" hai2="107,92,125,36,109,3,100,134,32,33,118,51,59" hai3="" shuffle="mt19937ar,C33EED6A,911FF377,969858F3,6FDC1B54,5B53A81C,A53FA3DD,6A13A8E1,938D7D36"/><T34/><N who="0" m="31520" /><T78/><D1/><U58/><N who="1" m="30752" /><U124/><E73/><V135/><F100/><T56/><D131/><U39/><E39/><V130/><F92/><T116/><D116/><U113/><E113/><V47/><F59/><T110/><D132/><U70/><E124/><V114/><F47/><T85/><D110/><U72/><E72/><V77/><F51/><T103/><D75/><U112/><E112/><V45/><F45/><T119/><D119/><U122/><N who="1" m="31264" /><U69/><E57/><V82/><F82/><T62/><D35/><U108/><E108/><V98/><F98/><T111/><D34/><U43/><E50/><V91/><F91/><T37/><D111/><U93/><E105/><V40/><F32/><T80/><REACH who="0" step="1"/><D78/><REACH who="0" step="2"/><U87/><E106/><V99/><F107/><T74/><D74/><U41/><E41/><V89/><F40/><T79/><D79/><U126/><E126/><V104/><F77/><T127/><D127/><U96/><E87/><V0/><F104/><T68/><D68/><U53/><E43/><V54/><F125/><T128/><D128/><U121/><N who="1" m="31008" /><U64/><E64/><V117/><F130/><T71/><D71/><U63/><E66/><V67/><F109/><RYUUKYOKU ba="0,1" sc="340,20,350,-10,350,-10,0,0" hai0="37,42,44,52,55,56,62,65,76,80,85,95,103" /><INIT seed="0,1,1,3,0,64" ten="360,340,340,0" oya="0" hai0="121,69,58,41,102,46,33,131,84,122,80,116,133" hai1="82,112,81,71,38,74,73,113,63,98,126,120,105" hai2="51,3,75,111,100,93,48,44,85,67,36,89,65" hai3="" shuffle="mt19937ar,1B5EE4E3,A8D7A192,502C786E,A9BAF2CB,2007734E,8FDC4B4D,9F8A0CC4,14B00F16"/><T83/><N who="0" m="31008" /><T57/><N who="0" m="31264" /><T127/><D33/><U32/><N who="1" m="30752" /><U52/><E32/><V130/><F3/><T123/><N who="0" m="31520" /><T129/><D116/><U45/><E126/><V39/><F75/><T68/><D127/><U134/><E134/><V115/><F115/><T124/><D124/><U0/><E0/><V78/><F130/><N who="0" m="49674" /><D102/><U119/><E119/><V77/><F100/><T109/><D109/><U86/><E73/><V47/><F89/><T132/><D58/><U35/><E35/><V107/><F85/><T34/><D57/><U62/><E74/><V61/><F111/><T66/><D34/><U97/><E105/><V50/><F107/><T1/><D1/><U106/><E106/><V128/><F128/><T76/><D83/><U37/><E112/><V92/><F51/><T117/><D117/><U110/><E110/><V108/><F108/><T125/><D125/><U135/><E113/><V88/><F50/><T43/><D66/><U49/><E82/><V95/><F67/><T56/><D56/><U114/><E114/><V96/><F65/><T42/><D46/><U79/><E45/><V94/><F47/><T103/><D103/><U55/><E81/><V91/><F44/><T99/><D99/><RYUUKYOKU ba="1,1" sc="360,20,340,-10,340,-10,0,0" hai0="41,42,43,68,69,76,80,84,132,133" /><INIT seed="0,2,1,4,2,46" ten="380,330,330,0" oya="0" hai0="97,133,48,49,83,84,124,39,123,117,68,118,70" hai1="114,121,128,100,64,71,37,57,109,134,110,56,131" hai2="34,75,116,38,106,51,87,95,86,65,45,112,88" hai3="" shuffle="mt19937ar,D35D35D7,EB996A17,98A154AF,63693F4F,AE355EB2,0D69F023,9ED3D89D,0E98CA8F"/><T103/><N who="0" m="31520" /><T132/><D39/><U108/><N who="1" m="31008" /><U80/><E114/><V42/><F34/><T58/><D124/><U36/><E100/><V94/><F75/><T96/><D58/><N who="1" m="22635" /><E134/><V82/><F112/><T41/><D41/><U130/><E80/><V0/><F0/><T102/><D83/><U44/><E44/><V107/><F116/><T3/><REACH who="0" step="1"/><D84/><REACH who="0" step="2"/><U77/><E77/><V111/><F38/><T113/><D113/><U54/><E54/><V73/><F87/><T32/><D32/><U1/><E1/><AGARI ba="2,2" hai="1,3,48,49,68,70,96,97,102,103,117,118,132,133" m="31520" machi="1" ten="25,18000,2" yaku="1,1,22,2,52,3,53,0" doraHai="46" doraHaiUra="52" who="0" fromWho="1" sc="370,204,330,-184,330,0,0,0" /><INIT seed="0,3,0,2,2,2" ten="574,146,330,0" oya="0" hai0="112,69,130,131,134,88,123,44,92,67,79,0,127" hai1="77,103,113,85,72,36,53,55,73,66,51,37,59" hai2="76,54,102,1,3,74,81,83,43,129,98,93,41" hai3="" shuffle="mt19937ar,CCB4EABE,4DDD5044,7D0D165D,855276F9,321B1BAA,29CD220C,A1436B7C,F79114CE"/><T68/><N who="0" m="31520" /><T49/><D0/><U38/><E113/><V132/><F129/><N who="0" m="49162" /><D112/><U114/><E114/><V39/><F132/><T121/><N who="0" m="31008" /><T119/><D119/><U90/><E77/><V82/><F3/><T97/><D134/><U78/><E78/><V32/><F1/><T60/><D79/><U33/><E103/><V35/><F76/><T117/><D117/><U45/><E66/><V115/><F74/><T96/><D127/><U80/><REACH who="1" step="1"/><E33/><REACH who="1" step="2"/><V50/><F115/><T128/><D128/><U57/><E57/><V56/><REACH who="2" step="1"/><F39/><REACH who="2" step="2"/><T87/><D69/><U95/><E95/><V61/><F61/><AGARI ba="3,2" hai="36,37,38,45,51,53,55,59,61,72,73,80,85,90" machi="61" ten="40,2600,0" yaku="1,1,53,1" doraHai="2" doraHaiUra="86" who="1" fromWho="2" sc="574,0,136,52,320,-32,0,0" /><INIT seed="1,0,0,2,5,87" ten="574,188,288,0" oya="1" hai0="74,44,89,48,59,133,105,61,132,103,75,100,36" hai1="93,52,106,69,90,111,56,51,77,134,135,50,84" hai2="95,128,47,88,70,112,66,82,64,72,57,35,32" hai3="" shuffle="mt19937ar,3941C373,4CBDF944,A5D5BB29,7C0CCA3C,2C984DC2,E888A501,351A9AFF,83A2E5E2"/><U124/><E106/><V118/><F118/><T45/><D36/><U96/><E69/><V110/><F70/><T3/><D3/><U71/><E71/><V65/><F112/><T76/><D76/><U121/><N who="1" m="31008" /><U130/><E124/><V53/><F128/><T94/><D105/><U60/><E130/><V125/><F125/><T92/><D48/><U73/><E73/><V62/><F110/><T79/><D79/><U113/><E113/><V81/><F47/><T126/><D59/><U131/><E131/><V42/><F42/><T101/><D101/><U108/><E77/><V107/><F107/><T83/><D83/><U34/><E34/><V68/><F68/><T43/><D43/><U78/><E51/><V80/><REACH who="2" step="1"/><F72/><REACH who="2" step="2"/><T115/><D115/><U58/><E108/><V49/><F49/><T0/><D126/><U104/><E111/><V37/><F37/><T2/><D75/><U91/><E104/><V55/><F55/><T109/><D74/><U98/><E50/><V54/><F54/><T129/><D109/><U86/><E58/><V40/><F40/><T116/><D129/><U99/><REACH who="1" step="1"/><E78/><REACH who="1" step="2"/><V41/><F41/><T102/><D45/><U117/><E117/><V63/><F63/><T38/><D44/><RYUUKYOKU ba="0,2" sc="574,-20,178,10,278,10,0,0" hai1="52,56,60,84,86,90,91,93,96,98,99,134,135" hai2="32,35,53,57,62,64,65,66,80,81,82,88,95" /><INIT seed="1,1,2,5,2,114" ten="554,188,288,0" oya="1" hai0="53,43,72,71,1,126,52,56,87,46,58,128,47" hai1="98,111,55,123,84,135,99,39,103,133,97,79,85" hai2="33,127,95,35,91,121,124,63,80,64,40,0,96" hai3="" shuffle="mt19937ar,1365A2C4,53D3C5C8,EE0EA055,A84375BE,2A6E16CC,042B66C2,880D3D44,31A35EE9"/><U122/><N who="1" m="31264" /><U89/><N who="1" m="31520" /><U130/><E39/><V107/><N who="2" m="31008" /><V110/><F0/><T92/><D72/><U102/><E55/><V51/><F110/><T100/><D71/><U66/><E66/><V50/><F107/><T36/><D128/><U68/><E68/><V49/><F40/><T104/><D104/><U70/><E70/><V112/><F112/><T101/><D126/><N who="2" m="48170" /><F80/><T134/><D134/><N who="1" m="51211" /><E130/><V45/><F45/><T116/><D1/><U65/><E65/><V67/><F67/><T69/><D69/><AGARI ba="1,2" hai="33,35,49,50,51,63,64,69,91,95,96" m="48170,31008" machi="69" ten="30,2000,0" yaku="18,1,52,1" doraHai="114" who="2" fromWho="0" sc="554,-22,188,0,288,42,0,0" /><INIT seed="2,0,0,0,3,124" ten="532,188,330,0" oya="2" hai0="3,38,103,99,62,123,41,68,61,2,36,97,112" hai1="84,85,75,82,91,100,59,43,77,92,60,40,52" hai2="58,79,88,116,39,69,111,105,54,50,86,49,89" hai3="" shuffle="mt19937ar,1CFD4DBE,FAB1A41A,3147BD83,5B9E3851,BA2437E4,3C85F317,E89D4E9C,9BE3BBF8"/><V76/><F116/><T48/><N who="0" m="31520" /><T32/><D32/><U122/><N who="1" m="31264" /><U95/><REACH who="1" step="1"/><E85/><REACH who="1" step="2"/><V78/><F86/><T114/><D3/><U130/><E130/><V34/><F34/><T118/><D2/><U119/><E119/><V80/><F111/><T93/><D118/><U133/><E133/><V66/><F80/><T83/><D83/><U110/><E110/><V135/><F135/><T67/><D114/><U73/><E73/><V102/><F39/><T106/><D112/><U87/><E87/><V131/><F131/><T132/><D132/><U65/><E65/><V35/><F35/><T109/><D109/><U90/><E90/><V63/><REACH who="2" step="1"/><F50/><REACH who="2" step="2"/><T51/><D51/><U81/><E81/><V117/><F117/><T126/><D48/><U1/><E1/><V56/><F56/><T120/><D38/><U94/><E94/><V55/><F55/><T44/><N who="0" m="30752" /><T47/><D36/><U0/><E0/><V53/><F53/><T125/><D93/><U42/><E42/><V98/><AGARI ba="0,2" hai="49,54,58,63,66,69,76,78,79,88,89,98,102,105" machi="98" ten="30,7800,0" yaku="1,1,0,1,54,1,53,1" doraHai="124" doraHaiUra="96" who="2" fromWho="2" sc="532,-39,178,-39,320,98,0,0" /><INIT seed="2,1,0,4,5,108" ten="493,139,418,0" oya="2" hai0="82,120,135,79,47,45,61,94,110,121,43,117,99" hai1="98,122,53,81,1,40,54,96,77,75,111,92,50" hai2="106,68,63,55,38,56,64,131,102,46,109,52,69" hai3="" shuffle="mt19937ar,322FC97C,CFBABFF5,EB9B0238,5A6E517E,4468926C,18A962AE,997FE7B9,ECB5696A"/><V118/><F118/><T44/><N who="0" m="30752" /><T42/><N who="0" m="31008" /><T116/><D110/><U97/><N who="1" m="31264" /><U112/><E1/><V73/><F73/><T41/><D61/><U67/><E111/><V133/><F109/><T105/><D105/><U127/><E127/><V33/><F33/><T113/><D113/><U124/><E124/><V34/><F34/><T72/><REACH who="0" step="1"/><D135/><REACH who="0" step="2"/><U66/><E112/><V86/><F133/><T90/><AGARI ba="1,1" hai="41,42,43,44,45,47,72,79,82,90,94,99,116,117" m="31008,30752" machi="90" ten="30,6000,1" yaku="1,1,2,1,0,1,52,2,53,0" doraHai="108" doraHaiUra="32" who="0" fromWho="0" sc="483,72,139,-21,418,-41,0,0" /><INIT seed="4,0,0,4,2,65" ten="555,118,377,0" oya="0" hai0="68,100,105,98,76,1,41,53,61,37,84,101,77" hai1="131,87,55,86,122,123,38,125,43,78,48,127,72" hai2="130,91,57,56,63,90,69,109,119,33,52,42,82" hai3="" shuffle="mt19937ar,1B28A1B8,2DF4BDB3,BBFDE412,A162EB34,92244DAF,BE2606CC,7334367B,2B1B43D1"/><T35/><D1/><U32/><N who="1" m="31264" /><U44/><N who="1" m="31520" /><U81/><E32/><V39/><F109/><T34/><D100/><U59/><E131/><V106/><F130/><T115/><D115/><U40/><E43/><V134/><F33/><T79/><D37/><U117/><E117/><V74/><F106/><T118/><D41/><U116/><E116/><V97/><F119/><T88/><D118/><U95/><E95/><V92/><F134/><T93/><REACH who="0" step="1"/><D53/><REACH who="0" step="2"/><U112/><E112/><V126/><F42/><T85/><D85/><U121/><N who="1" m="31008" /><U135/><E135/><V58/><F39/><T47/><D47/><U64/><E64/><AGARI ba="0,1" hai="34,35,61,64,68,76,77,79,84,88,93,98,101,105" machi="64" ten="40,7700,0" yaku="1,1,52,1,54,1,53,0" doraHai="65" doraHaiUra="128" who="0" fromWho="1" sc="545,87,118,-77,377,0,0,0" /><INIT seed="4,1,0,0,1,57" ten="632,41,377,0" oya="0" hai0="116,50,113,61,99,96,79,36,71,44,84,58,120" hai1="118,48,76,101,89,134,45,70,102,93,131,103,105" hai2="2,34,109,114,97,55,126,88,46,81,38,90,73" hai3="" shuffle="mt19937ar,6EA7B703,CB034C8E,2F0493A8,72A99B24,79F1C28D,6C7DAABF,919924D3,03209B0B"/><T130/><N who="0" m="30752" /><T32/><D32/><U108/><E118/><V122/><N who="2" m="31264" /><V112/><F34/><T1/><D1/><U80/><E70/><V52/><F2/><T77/><D116/><U95/><E108/><V33/><F33/><T53/><D130/><U74/><E134/><V98/><F109/><T91/><D113/><N who="2" m="43626" /><F126/><T40/><D71/><U100/><E131/><V104/><F73/><T115/><D36/><U127/><E127/><V107/><F38/><T128/><D115/><U125/><E125/><V123/><N who="2" m="31520" /><V87/><F90/><T65/><D128/><U132/><E132/><V117/><F117/><T111/><D111/><U72/><E72/><V67/><F67/><T69/><D79/><U43/><N who="1" m="25600" /><DORA hai="68" /><U110/><E110/><V56/><F46/><T133/><D77/><U106/><REACH who="1" step="1"/><E89/><REACH who="1" step="2"/><V39/><F88/><T85/><D133/><U82/><E82/><V41/><F81/><T124/><D124/><U35/><E35/><V86/><F107/><AGARI ba="1,1" hai="43,45,48,74,76,80,93,95,105,106,107" m="25600" machi="107" ten="50,3200,0" yaku="1,1,53,1" doraHai="57,68" doraHaiUra="75,63" who="1" fromWho="2" sc="632,0,31,44,377,-34,0,0" /><INIT seed="5,0,0,4,5,128" ten="632,75,343,0" oya="1" hai0="119,101,66,93,133,59,62,115,58,97,125,102,77" hai1="3,127,111,114,90,57,80,88,60,108,98,124,109" hai2="113,71,64,44,42,37,39,103,84,55,99,82,49" hai3="" shuffle="mt19937ar,A08A87C0,BF8E3C61,036740C1,C0362BCD,4C8BDF5A,D3D8EF8D,3E1D5964,0B4A3424"/><U33/><E3/><V48/><F113/><T117/><D115/><U121/><N who="1" m="31008" /><U40/><E114/><V89/><F64/><T70/><D133/><U83/><E33/><V132/><F71/><T41/><D125/><N who="1" m="48203" /><E40/><V74/><F74/><T46/><D102/><U129/><E129/><V135/><F49/><T130/><D77/><U126/><N who="1" m="48211" /><U116/><DORA hai="100" /><E116/><N who="0" m="44617" /><D130/><U38/><E38/><AGARI ba="0,0" hai="38,41,46,58,59,62,66,70,93,97,101" m="44617" machi="38" ten="30,1000,0" yaku="12,1" doraHai="128,100" who="0" fromWho="1" sc="632,10,75,-10,343,0,0,0" /><INIT seed="6,0,0,2,2,114" ten="642,65,343,0" oya="2" hai0="131,102,38,130,55,57,42,82,52,96,46,1,43" hai1="48,92,39,80,101,119,121,41,0,56,60,123,129" hai2="89,44,128,2,77,79,120,95,116,50,78,126,132" hai3="" shuffle="mt19937ar,B4E08C9E,563B8B09,33B76872,93E2E15C,7473DEB8,7752D2A7,4D484139,2B55A754"/><V45/><N who="2" m="30752" /><V54/><F2/><T98/><D1/><U58/><N who="1" m="31008" /><U133/><N who="1" m="31520" /><U73/><E0/><V3/><F3/><T124/><D124/><U81/><E73/><V135/><F126/><T66/><D82/><U112/><E39/><V117/><F128/><N who="0" m="49194" /><D43/><U35/><E129/><V33/><F33/><T71/><D71/><U36/><E35/><V134/><F45/><T40/><D40/><U109/><E36/><V86/><AGARI ba="0,0" hai="44,50,54,77,78,79,86,89,95,116,117,132,134,135" m="30752" machi="86" ten="40,8000,1" yaku="0,1,20,1,52,3" doraHai="114" who="2" fromWho="2" sc="642,-40,65,-40,343,80,0,0" /><INIT seed="6,1,0,4,0,135" ten="602,25,423,0" oya="2" hai0="90,62,2,88,75,64,74,112,73,81,42,67,47" hai1="127,35,69,36,91,1,33,3,61,76,39,83,117" hai2="40,80,96,100,126,128,59,99,93,58,38,111,92" hai3="" shuffle="mt19937ar,C4B59495,CF825702,A7F1C8E7,DBED62B8,F801EA6C,41380065,6AD2D28F,50853D58"/><V102/><F128/><T55/><D2/><N who="1" m="523" /><E91/><V86/><F111/><T105/><D105/><U56/><E56/><V133/><F133/><T116/><D116/><U107/><E83/><V109/><F109/><T110/><D110/><U78/><E61/><V103/><F126/><T119/><D112/><U123/><N who="1" m="31520" /><U94/><E94/><V52/><F38/><N who="1" m="14377" /><E78/><V84/><F40/><T44/><D55/><U113/><E76/><V125/><F125/><T37/><D47/><U66/><E127/><V82/><F103/><T53/><D90/><U129/><E129/><V72/><F72/><T98/><D119/><U32/><E117/><V45/><F45/><T121/><N who="0" m="31008" /><T134/><D134/><U57/><E57/><V95/><REACH who="2" step="1"/><F93/><REACH who="2" step="2"/><T89/><D74/><U63/><E113/><V70/><F70/><T60/><D44/><U79/><E79/><V87/><F87/><T50/><D42/><U108/><E108/><V46/><F46/><T49/><D37/><U97/><E107/><V68/><F68/><T0/><D0/><U124/><E124/><V85/><F85/><T131/><D131/><U71/><E69/><V106/><F106/><T51/><D75/><U120/><N who="1" m="30752" /><U101/><E101/><V115/><F115/><RYUUKYOKU ba="1,1" sc="602,-20,25,10,413,10,0,0" hai1="32,33,35,63,66,71,97" hai2="52,58,59,80,82,84,86,92,95,96,99,100,102" /><INIT seed="6,2,1,3,3,123" ten="582,35,423,0" oya="2" hai0="76,81,72,87,71,100,60,107,111,113,95,84,44" hai1="43,56,114,118,39,85,55,65,97,79,0,64,104" hai2="127,53,88,129,82,34,86,38,32,122,59,99,67" hai3="" shuffle="mt19937ar,2A88D4B4,32910B56,EEE88C6A,7865079E,8205AAE5,63C8230B,E4458489,22671D0A"/><V52/><N who="2" m="31264" /><V51/><F38/><T131/><D111/><U90/><E0/><V116/><F116/><T78/><D131/><U66/><E104/><V135/><F129/><T94/><D113/><U110/><E79/><V54/><F135/><T105/><D44/><U2/><E2/><V132/><F132/><T128/><D128/><U134/><E134/><V89/><F127/><T47/><D47/><U73/><E73/><V68/><F68/><T61/><D81/><U35/><E35/><V45/><F34/><T41/><D100/><U42/><E118/><V115/><F32/><T96/><D96/><U57/><E114/><V75/><F75/><T69/><D41/><U46/><E97/><V83/><F115/><T117/><D72/><U126/><E126/><V92/><F83/><T62/><D62/><AGARI ba="2,1" hai="45,51,52,53,54,59,62,67,82,86,88,89,92,99" m="31264" machi="62" ten="40,12000,1" yaku="8,1,52,1,54,2" doraHai="123" who="2" fromWho="0" sc="582,-124,35,0,423,134,0,0" owari="458,6,35,-56,557,50,0,0" /></mjloggm>