<mjloggm ver="2.3"><GO type="225"/><UN n0="%E9%9B%AA%E5%9B%BD%E8%82%B2%E3%81%A1" n1="%E9%9B%81%E7%BA%8F" n2="%E5%88%BB%E5%AD%90%E5%B8%82%E6%B0%91" n3="%E3%81%9A%E3%81%86" dan="17,16,17,16" rate="2141,2047,2130,2017" sx="M,M,M,M"/><TAIKYOKU oya="0"/><INIT seed="0,0,0,4,5,90" ten="250,250,250,250" oya="0" hai0="47,5,80,52,57,42,107,133,19,27,25,89,60" hai1="3,59,54,125,111,128,15,22,39,53,38,100,97" hai2="40,12,65,83,26,129,73,130,103,56,84,127,14" hai3="117,101,8,115,79,74,30,69,77,9,41,49,104" shuffle="mt19937ar,89840BA5,94C18A11,528D59DE,A0994A4B,7542B6A1,C9C878DE,FB54E824,E6C4C866"/><T70/><D133/><U16/><E3/><V6/><F73/><W66/><G115/><T96/><D70/><U123/><E123/><V132/><F132/><W4/><G117/><T61/><D5/><U94/><E125/><V78/><F127/><W18/><G30/><T2/><D2/><U45/><E128/><N who="2" m="49259" /><F40/><W86/><G74/><T95/><D107/><U1/><E1/><V75/><F75/><W50/><G66/><T68/><D80/><U10/><E111/><V46/><F46/><W135/><G69/><T87/><D87/><U105/><E105/><V24/><F103/><W71/><G86/><T36/><REACH who="0" step="1"/><D19/><REACH who="0" step="2"/><U88/><E100/><V33/><F6/><W108/><G18/><T62/><D62/><U116/><E116/><V91/><F78/><W17/><G4/><T67/><AGARI ba="0,1" hai="25,27,36,42,47,52,57,60,61,67,68,89,95,96" machi="67" ten="30,11700,0" yaku="1,1,0,1,52,1,54,1,53,0" doraHai="90" doraHaiUra="32" who="0" fromWho="0" sc="240,127,250,-39,250,-39,250,-39" /><INIT seed="0,1,0,0,4,40" ten="367,211,211,211" oya="0" hai0="77,121,53,105,88,125,15,97,78,70,44,66,36" hai1="46,89,61,19,112,29,107,86,98,110,55,6,68" hai2="30,80,37,25,42,3,133,5,27,71,73,26,106" hai3="62,65,7,10,63,69,126,116,18,119,24,60,104" shuffle="mt19937ar,D1F6F251,9FA92403,BA6D34DF,267D219B,63B8E4FE,4E18CC11,DE765572,3898709B"/><T49/><D121/><U33/><E112/><V131/><F71/><W75/><G104/><T59/><D125/><U135/><E6/><V1/><F1/><W117/><G126/><T52/><D105/><U85/><E135/><V103/><F103/><W43/><G75/><T108/><D108/><U130/><E110/><V94/><F94/><W51/><G24/><T92/><D36/><U114/><E114/><V8/><F106/><W21/><G21/><T102/><D102/><U82/><E130/><V128/><F30/><W31/><G18/><T64/><D70/><U74/><E19/><V123/><F123/><W2/><REACH who="3" step="1"/><G31/><REACH who="3" step="2"/><T100/><D15/><U84/><E74/><V0/><F0/><W118/><N who="3" m="29696" /><DORA hai="72" /><W109/><G109/><T38/><D100/><U93/><E107/><V115/><F115/><W91/><G91/><T23/><D23/><U47/><E29/><V76/><REACH who="2" step="1"/><F133/><REACH who="2" step="2"/><W111/><G111/><T101/><D101/><U50/><E33/><V83/><F83/><W90/><G90/><T14/><D88/><U16/><E82/><V20/><F20/><W17/><G17/><T11/><D92/><U12/><E16/><V122/><F122/><W35/><G35/><T99/><D99/><U54/><E89/><V127/><F127/><W28/><G28/><T58/><D97/><U9/><E93/><V124/><F124/><W56/><G56/><T32/><D58/><N who="1" m="35039" /><E98/><V81/><F81/><W13/><G13/><T113/><D14/><U132/><E68/><V57/><F57/><W41/><G41/><T48/><D113/><U22/><E132/><RYUUKYOKU ba="1,2" sc="367,-15,211,-15,201,15,201,15" hai2="3,5,8,25,26,27,37,42,73,76,80,128,131" hai3="2,7,10,43,51,60,62,63,65,69" /><INIT seed="1,2,2,3,3,23" ten="352,196,216,216" oya="1" hai0="68,127,118,124,56,36,32,120,91,92,88,13,29" hai1="79,113,19,77,100,94,64,67,86,62,90,57,135" hai2="35,52,131,25,63,44,81,40,93,50,9,28,107" hai3="87,115,39,97,74,1,18,34,105,108,111,122,110" shuffle="mt19937ar,D1401886,025F22F5,B65EB678,7F355512,840F0AED,2DA26E7A,A2C2ECC7,6E8157F6"/><U84/><E113/><V43/><F107/><W59/><G115/><T58/><D68/><U45/><E135/><V132/><F132/><W3/><G122/><T53/><D36/><U133/><E133/><V5/><F131/><W96/><G74/><T47/><D118/><U89/><E100/><V48/><F63/><W38/><G34/><T102/><D120/><U99/><E67/><V98/><F81/><W72/><G72/><T33/><D13/><U17/><E45/><V125/><F50/><W83/><G18/><N who="1" m="6666" /><E99/><N who="3" m="37962" /><G59/><T42/><D102/><U55/><E64/><V106/><F106/><W112/><G105/><T26/><D33/><U66/><E66/><V101/><REACH who="2" step="1"/><F125/><REACH who="2" step="2"/><W109/><G112/><T80/><D124/><U114/><E114/><V15/><AGARI ba="2,3" hai="5,9,15,25,28,35,40,43,44,48,52,93,98,101" machi="15" ten="20,12000,2" yaku="1,1,2,1,0,1,7,1,52,1,54,1,53,1" doraHai="23" doraHaiUra="95" who="2" fromWho="2" sc="352,-32,196,-62,206,156,216,-32" /><INIT seed="2,0,0,3,1,76" ten="320,134,362,184" oya="2" hai0="116,129,26,34,80,111,62,99,108,53,77,109,78" hai1="90,23,119,28,102,8,27,30,86,127,112,123,93" hai2="66,115,40,135,41,79,82,133,42,36,22,24,59" hai3="15,9,67,94,49,106,58,122,2,54,117,132,20" shuffle="mt19937ar,82E07935,5925B49C,7A27E7AF,1A4CB69A,82A2D400,8DEBFA5E,D6320D91,F6B4A640"/><V17/><F115/><W96/><G122/><T10/><D116/><U88/><E112/><V121/><F121/><W46/><G117/><T51/><D129/><U81/><E119/><V13/><F36/><W38/><G106/><T120/><D120/><U45/><E127/><V70/><F70/><W100/><G132/><N who="2" m="50761" /><F66/><W64/><G2/><T19/><D62/><U113/><E113/><V60/><F60/><N who="3" m="35927" /><G20/><N who="0" m="13599" /><D34/><U89/><E123/><V118/><F59/><W110/><G38/><T103/><D10/><U131/><E131/><V73/><F118/><W3/><G3/><T84/><D78/><U12/><E30/><V14/><AGARI ba="0,0" hai="13,14,17,22,24,40,41,42,73,79,82" m="50761" machi="14" ten="40,3900,0" yaku="20,1,52,1" doraHai="76" who="2" fromWho="2" sc="320,-13,134,-13,362,39,184,-13" /><INIT seed="2,1,0,5,5,87" ten="307,121,401,171" oya="2" hai0="66,98,38,19,86,106,131,80,84,55,100,78,57" hai1="13,72,47,48,24,54,89,3,43,63,107,50,115" hai2="61,14,59,83,53,67,102,134,99,120,97,17,62" hai3="4,11,7,51,28,95,82,77,110,18,74,12,16" shuffle="mt19937ar,6F4AB073,C1CD3019,4FF18564,6B3243D2,62246709,9FB65C25,77D5EFDC,62A0A37F"/><V69/><F120/><W105/><G105/><T30/><D38/><U10/><E107/><V52/><F134/><W111/><G28/><T64/><D131/><U117/><E117/><V133/><F133/><W124/><G124/><T8/><D30/><U37/><E115/><V31/><F31/><W75/><G75/><T25/><D84/><U79/><E24/><V45/><F83/><W94/><G51/><T71/><D71/><U40/><E3/><V65/><F45/><W26/><G18/><T122/><D122/><U121/><E121/><V119/><F119/><W68/><G68/><T60/><REACH who="0" step="1"/><D8/><REACH who="0" step="2"/><U20/><E37/><V108/><F108/><W76/><G11/><T9/><D9/><U29/><E29/><V73/><F73/><W113/><G74/><T39/><D39/><U91/><E20/><AGARI ba="1,1" hai="19,20,25,55,57,60,64,66,78,80,86,98,100,106" machi="20" ten="40,1300,0" yaku="1,1,53,0" doraHai="87" doraHaiUra="114" who="0" fromWho="1" sc="297,26,121,-16,401,0,171,0" /><INIT seed="3,0,0,2,2,60" ten="323,105,401,171" oya="3" hai0="50,45,134,130,51,111,3,11,99,129,46,43,102" hai1="83,47,20,40,69,4,112,41,79,58,105,24,61" hai2="96,97,126,30,2,68,66,84,90,0,31,77,54" hai3="33,67,36,23,135,120,93,119,114,1,122,100,35" shuffle="mt19937ar,78555BE7,C94D076C,CC3146FB,FB7B5762,21F20ADD,FAC09912,11DFD72A,193FF2D7"/><W57/><G119/><T19/><D134/><U56/><E105/><V128/><F68/><W88/><G114/><T85/><D111/><U16/><E69/><V26/><F66/><W131/><G1/><T76/><D76/><U73/><E112/><V107/><F30/><W80/><G36/><T44/><D85/><U22/><E4/><V115/><F115/><W14/><G135/><T65/><D65/><U12/><E47/><V29/><F29/><W64/><G35/><T32/><D32/><U82/><E82/><V34/><F77/><W62/><G33/><T94/><D3/><U72/><E72/><V39/><F39/><W53/><G131/><N who="0" m="50187" /><D50/><U13/><E58/><V116/><F128/><W27/><G14/><AGARI ba="0,0" hai="11,14,19,43,44,45,46,51,94,99,102" m="50187" machi="14" ten="30,1000,0" yaku="19,1" doraHai="60" who="0" fromWho="3" sc="323,10,105,0,401,0,171,-10" owari="333,8,105,-29,401,40,161,-19" /></mjloggm>