<mjloggm ver="2.3"><GO type="225"/><UN n0="%E3%83%80%E3%83%A0%E3%83%9E%E3%83%8B%E3%82%A2" n1="%EF%BC%88%EF%BC%8A%EF%BC%9E%EF%BC%9C%EF%BC%89" n2="%23%37%34%E5%A4%A7%E6%B2%BB%E9%83%8E" n3="%41%6D%41" dan="16,17,16,16" rate="2135,2190,2070,2034" sx="M,F,M,M"/><TAIKYOKU oya="0"/><INIT seed="0,0,0,4,2,62" ten="250,250,250,250" oya="0" hai0="38,2,100,103,98,72,83,0,73,18,102,9,30" hai1="117,60,20,64,97,107,40,80,33,41,61,7,31" hai2="121,14,51,71,50,90,109,67,116,126,32,106,93" hai3="10,111,104,17,47,87,1,42,19,55,56,96,49" shuffle="mt19937ar,9637B4D4,A182D15D,AE27A5EA,63F6090B,07363E8E,10CBD2C8,201F49DB,D5146055"/><T89/><D38/><U13/><E117/><V36/><F121/><W70/><G111/><T92/><D30/><U58/><E33/><V124/><F36/><W108/><G108/><T34/><D34/><U59/><E80/><V66/><F109/><W6/><G70/><T28/><D28/><U74/><E74/><N who="0" m="28777" /><D18/><U52/><E107/><V101/><F32/><W94/><G104/><T115/><D9/><N who="1" m="4287" /><E97/><N who="2" m="61743" /><F14/><W119/><G87/><N who="0" m="50431" /><D2/><U77/><E77/><V12/><F12/><W4/><G4/><T16/><D16/><U85/><E85/><N who="2" m="52431" /><F71/><W86/><G86/><T63/><D63/><U37/><E37/><V133/><F116/><W122/><G122/><T54/><D54/><U123/><E123/><V112/><F112/><W135/><G119/><T118/><D0/><U120/><E120/><V82/><F82/><W11/><G11/><T46/><D46/><U81/><E81/><V45/><F50/><W75/><G75/><T65/><D65/><U15/><E15/><V44/><F44/><W3/><G3/><T26/><D26/><AGARI ba="0,0" hai="20,26,31,40,41,52,58,59,60,61,64" m="4287" machi="26" ten="30,3900,0" yaku="8,1,52,1,54,1" doraHai="62" who="1" fromWho="0" sc="250,-39,250,39,250,0,250,0" /><INIT seed="1,0,0,3,2,59" ten="211,289,250,250" oya="1" hai0="122,72,11,44,102,135,118,71,108,21,80,64,29" hai1="56,60,107,82,76,94,13,73,31,114,110,52,105" hai2="48,92,25,28,128,65,63,75,89,127,133,99,4" hai3="18,129,93,0,3,34,41,103,61,115,111,132,69" shuffle="mt19937ar,DD4C8AC2,A01D8B7E,FA105AED,B846EB46,93C2D327,9B48E2D8,64DC817F,18247BC0"/><U6/><E114/><V1/><F75/><W97/><G115/><T109/><D122/><U7/><E31/><V2/><F133/><W32/><G132/><T55/><D135/><U74/><E74/><V95/><F128/><W104/><G111/><N who="0" m="42571" /><D102/><U78/><E78/><V134/><F134/><W40/><G129/><T30/><D11/><U23/><E110/><V27/><F127/><W39/><G18/><T42/><D55/><U87/><E94/><V91/><F48/><W66/><G93/><T33/><D21/><U17/><REACH who="1" step="1"/><E73/><REACH who="1" step="2"/><V126/><F126/><W84/><G84/><T98/><D118/><U79/><E79/><V124/><F124/><W123/><G123/><T43/><D98/><U14/><E14/><V49/><F99/><W83/><G97/><T58/><D29/><U51/><E51/><V24/><F28/><W116/><G116/><T100/><D30/><U9/><E9/><V26/><F49/><W67/><G34/><T96/><D33/><U5/><AGARI ba="0,1" hai="5,6,7,13,17,23,52,56,60,76,82,87,105,107" machi="5" ten="30,12000,1" yaku="1,1,0,1,52,1,54,1,53,1" doraHai="59" doraHaiUra="8" who="1" fromWho="1" sc="211,-40,279,130,250,-40,250,-40" /><INIT seed="1,1,0,1,1,14" ten="171,409,210,210" oya="1" hai0="45,7,132,38,100,60,125,59,28,15,124,81,11" hai1="108,57,89,21,56,102,134,92,53,36,130,82,94" hai2="73,37,58,106,107,55,52,25,34,64,135,9,2" hai3="19,40,97,4,16,6,8,31,101,109,51,95,76" shuffle="mt19937ar,EECC5433,F0331B06,D2D68011,C1BF6602,E8085C57,E7191433,51BD6CE4,E594DC2D"/><U78/><E36/><V65/><F73/><W12/><G109/><T71/><D71/><U47/><E108/><V118/><F118/><W105/><G76/><T70/><D70/><U131/><E134/><V68/><F37/><W77/><G31/><T127/><D100/><U113/><E113/><V39/><F39/><W117/><G117/><T87/><D28/><U13/><E47/><V88/><F68/><W44/><G105/><T23/><D132/><U72/><E102/><V49/><F135/><W24/><G77/><T20/><D45/><U10/><E21/><AGARI ba="1,0" hai="4,6,8,12,16,19,21,24,40,44,51,95,97,101" machi="21" ten="40,8000,1" yaku="8,1,52,2,54,1" doraHai="14" who="3" fromWho="1" sc="171,0,409,-83,210,0,210,83" /><INIT seed="2,0,0,1,0,63" ten="171,326,210,293" oya="2" hai0="82,55,95,110,24,33,114,28,100,53,23,132,69" hai1="83,37,98,50,97,22,131,113,42,79,21,90,103" hai2="9,48,89,67,127,119,20,128,102,115,35,111,27" hai3="71,74,14,108,85,6,105,54,72,81,2,5,1" shuffle="mt19937ar,AEBFDFEA,F8A90E86,85F9553E,4FADCA01,8D2B0B0C,AFD0288C,6C86C7D7,96A248EC"/><V19/><F119/><W92/><G71/><T75/><D69/><U66/><E37/><V94/><F115/><W57/><G105/><T36/><D36/><U93/><E113/><V99/><F128/><W16/><G108/><T3/><D3/><U31/><E131/><V0/><F111/><W118/><G118/><T43/><D43/><U135/><E135/><V32/><F127/><W107/><G107/><T84/><D75/><U76/><E50/><V106/><F48/><W4/><G74/><T25/><D114/><U117/><E42/><V120/><F120/><W104/><G104/><T34/><D132/><U101/><E117/><V26/><F26/><W51/><G72/><T47/><D110/><U38/><E38/><V58/><F0/><W15/><G15/><T134/><D134/><U18/><E31/><V44/><F44/><W109/><G109/><T12/><D12/><U125/><E125/><V17/><F9/><W59/><G59/><T126/><D126/><U46/><E46/><V64/><F17/><W52/><G54/><T65/><D47/><U8/><E8/><V56/><F56/><W70/><G70/><T7/><D7/><U122/><E18/><V133/><F133/><W116/><G116/><T123/><D123/><U39/><E39/><V91/><F91/><N who="3" m="53359" /><G81/><T121/><D121/><U29/><E83/><V40/><F40/><W77/><G77/><N who="0" m="46159" /><D34/><N who="2" m="12842" /><F58/><W11/><G2/><T112/><D112/><U68/><E68/><V10/><F10/><W87/><G1/><T88/><D100/><N who="1" m="60463" /><E122/><V73/><F73/><W49/><G49/><T13/><D33/><RYUUKYOKU ba="0,0" sc="171,-15,326,-15,210,15,293,15" hai2="19,20,27,64,67,89,94,99,102,106" hai3="4,5,6,11,14,16,51,52,57,87" /><INIT seed="2,1,0,3,0,13" ten="156,311,225,308" oya="2" hai0="127,114,80,5,88,47,53,120,37,106,103,72,24" hai1="100,52,109,1,108,14,83,112,110,38,115,98,133" hai2="27,21,77,61,65,123,6,20,54,11,82,128,0" hai3="66,74,56,78,49,85,73,119,19,70,18,3,12" shuffle="mt19937ar,DD3E2F65,1BF0ABEA,5630FAB2,9A93BB82,68BAC336,295422AD,98CBA80B,0EDE5E7B"/><V31/><F123/><W125/><G119/><T63/><D120/><U132/><E38/><V32/><F54/><W89/><G3/><T86/><D114/><N who="1" m="43563" /><E1/><V35/><F35/><W91/><G70/><T15/><D127/><U36/><E36/><V41/><F41/><W40/><G125/><T57/><D72/><U25/><E25/><V44/><F44/><N who="3" m="25735" /><G73/><T81/><D24/><U90/><E14/><V124/><F124/><W28/><G74/><T50/><D37/><U99/><E52/><V122/><F122/><W101/><G101/><T42/><D106/><N who="1" m="63767" /><E83/><V45/><F45/><W75/><G75/><T46/><D103/><U16/><E16/><N who="3" m="6186" /><G12/><T102/><D102/><U8/><E8/><V121/><F121/><W118/><G28/><T126/><D126/><U62/><E132/><V93/><F31/><W7/><G7/><T96/><D46/><U79/><E133/><V69/><F6/><W51/><G118/><T29/><D29/><U2/><E2/><V48/><F0/><W9/><G9/><T97/><D80/><U58/><E110/><V105/><F11/><AGARI ba="1,0" hai="5,11,15,42,47,50,53,57,63,81,86,88,96,97" machi="11" ten="40,2600,0" yaku="8,1,54,1" doraHai="13" who="0" fromWho="2" sc="156,29,311,0,225,-29,308,0" /><INIT seed="3,0,0,0,1,40" ten="185,311,196,308" oya="3" hai0="33,84,87,120,129,3,12,36,19,122,111,79,101" hai1="4,42,0,58,113,96,112,82,68,59,97,73,95" hai2="76,46,74,14,55,51,107,10,124,75,50,44,13" hai3="16,32,102,131,18,89,70,77,23,43,114,81,26" shuffle="mt19937ar,FF427979,B471C5C8,9DE6662A,6B677CE8,908223C7,2BECD103,12054D8B,658FDFC6"/><W85/><G114/><T83/><D33/><U11/><E68/><V5/><F124/><W92/><G70/><T135/><D3/><U78/><E96/><V133/><F107/><W28/><G131/><T127/><D36/><U103/><REACH who="1" step="1"/><E42/><REACH who="1" step="2"/><V6/><F133/><W31/><G43/><T94/><D135/><U9/><E9/><V116/><F116/><W21/><G102/><T62/><D129/><U130/><E130/><V27/><F27/><N who="3" m="14775" /><G32/><T24/><D127/><U128/><E128/><V88/><F76/><W99/><AGARI ba="0,1" hai="16,23,26,28,31,77,81,85,89,92,99" m="14775" machi="99" ten="30,3000,0" yaku="8,1,54,1" doraHai="40" who="3" fromWho="3" sc="185,-10,301,-10,196,-10,308,40" owari="175,-22,291,4,186,-16,348,34" /></mjloggm>