<mjloggm ver="2.3"><GO type="225"/><UN n0="%E5%85%AD%E5%88%86%E5%84%80" n1="%E3%81%B5%E3%82%8B%E3%81%AD%E3%81%93%40%E4%BD%95%E5%88%87%E3%82%8B" n2="%E9%95%B7%E5%B2%A1%E5%A4%A7%E6%98%8E%E7%A5%9E" n3="%E7%AB%9C%E9%A9%A4%E9%BA%9F%E6%8C%AF" dan="18,16,16,17" rate="2145,2078,2049,2019" sx="F,M,F,M"/><TAIKYOKU oya="0"/><INIT seed="0,0,0,4,4,133" ten="250,250,250,250" oya="0" hai0="68,115,44,20,134,30,21,132,43,86,105,37,69" hai1="126,66,14,74,125,76,118,49,3,64,90,84,55" hai2="35,51,18,103,47,38,109,53,82,13,46,58,80" hai3="114,89,39,77,72,92,40,57,121,78,104,108,19" shuffle="mt19937ar,CA6D0022,20236260,BF1915E1,30437418,A8463F9D,84441097,565D3657,CB354A08"/><T7/><D115/><U0/><E76/><V98/><F35/><W94/><G104/><T34/><D105/><U2/><E74/><V81/><F109/><W16/><G114/><T130/><D130/><U71/><E14/><V102/><F38/><W15/><G108/><T61/><D7/><U26/><E26/><V17/><F17/><W95/><G121/><T124/><D86/><U67/><E71/><N who="0" m="27209" /><D61/><U93/><REACH who="1" step="1"/><E118/><REACH who="1" step="2"/><V75/><F75/><W110/><G78/><T97/><D134/><U33/><E33/><V79/><F79/><W85/><G77/><T28/><D132/><U60/><E60/><V36/><F36/><W4/><G72/><T128/><D34/><U127/><E127/><V11/><REACH who="2" step="1"/><F103/><REACH who="2" step="2"/><W131/><G39/><T48/><D37/><U24/><E24/><V107/><AGARI ba="0,2" hai="11,13,18,46,47,51,53,58,80,81,82,98,102,107" machi="107" ten="30,4000,0" yaku="1,1,2,1,0,1,53,0" doraHai="133" doraHaiUra="120" who="2" fromWho="2" sc="250,-20,240,-10,240,60,250,-10" /><INIT seed="1,0,0,5,2,47" ten="230,230,300,240" oya="1" hai0="90,1,99,81,34,112,108,122,21,22,36,95,125" hai1="91,49,131,31,3,54,75,37,82,64,88,40,65" hai2="18,115,106,123,130,2,96,73,85,114,124,56,17" hai3="129,15,116,127,10,80,63,71,102,89,77,24,42" shuffle="mt19937ar,469665AF,1C19750E,372B7676,91132BF7,E44DC26C,DDA12CF7,08ED773D,43E601FC"/><U117/><E117/><V41/><F73/><W78/><G116/><T16/><D112/><N who="2" m="43050" /><F123/><W53/><G102/><T128/><D1/><U69/><E3/><V103/><F2/><W43/><G127/><T105/><D34/><U20/><E131/><V92/><F124/><W104/><G104/><T5/><D36/><U4/><E4/><V94/><F130/><W68/><G129/><T51/><D5/><U26/><E37/><V48/><F41/><N who="3" m="15371" /><G68/><T70/><D70/><U61/><E65/><V32/><F32/><W57/><G71/><T50/><D125/><U29/><E40/><V38/><F38/><W30/><G24/><N who="0" m="14375" /><D105/><U25/><E75/><V74/><F74/><W133/><G30/><T110/><D128/><U111/><E82/><V12/><F85/><N who="3" m="50343" /><G133/><T8/><D122/><U11/><E111/><N who="0" m="42537" /><D8/><U28/><E11/><N who="2" m="6303" /><F18/><AGARI ba="0,0" hai="10,15,18,53,57,63,77,78" m="50343,15371" machi="18" ten="30,1000,0" yaku="8,1" doraHai="47" who="3" fromWho="2" sc="230,0,230,0,300,-10,240,10" /><INIT seed="2,0,0,1,0,110" ten="230,230,290,250" oya="2" hai0="48,91,3,20,85,101,19,58,105,84,0,131,65" hai1="11,120,5,54,8,55,32,43,14,93,115,118,122" hai2="44,69,121,50,112,98,2,36,109,60,12,10,18" hai3="52,59,108,66,35,40,21,95,97,127,26,71,23" shuffle="mt19937ar,4E09586F,2DD68C3E,26852DCD,7DBBBCF9,7936BE47,9C7E2AE8,7804A49C,EA0FA15C"/><V78/><F121/><N who="1" m="46697" /><E118/><V27/><F109/><W47/><G108/><T41/><D131/><U34/><E43/><V82/><F2/><W114/><G127/><T100/><D85/><U56/><E115/><V83/><F36/><W89/><G35/><N who="1" m="13354" /><E56/><V75/><F112/><W96/><G114/><T134/><D134/><U13/><E93/><V104/><F83/><W4/><G4/><AGARI ba="0,0" hai="4,5,8,11,13,14,54,55" m="13354,46697" machi="4" ten="30,1000,0" yaku="13,1" doraHai="110" who="1" fromWho="3" sc="230,0,230,10,290,0,250,-10" /><INIT seed="3,0,0,4,2,60" ten="230,240,290,240" oya="3" hai0="87,134,11,107,50,63,43,55,1,2,133,120,79" hai1="59,29,101,64,74,75,31,91,127,27,37,0,26" hai2="84,17,30,129,106,124,89,38,72,135,117,21,73" hai3="130,22,62,13,58,131,54,46,7,68,95,3,119" shuffle="mt19937ar,8ED99ECD,91782DC5,67897180,EA604C1D,08FA70FE,08D5AB4D,EBAB0B4B,3EA7A60C"/><W109/><G119/><T100/><D120/><U65/><E37/><V81/><F117/><W98/><G68/><T118/><D118/><U128/><E91/><V18/><F38/><W115/><G115/><T102/><D43/><U41/><E41/><V116/><F116/><W132/><G132/><N who="0" m="50795" /><D63/><U47/><E0/><N who="0" m="105" /><D11/><U15/><E47/><V77/><F135/><W122/><G122/><T20/><D107/><U39/><E39/><V114/><F106/><W40/><G3/><T126/><D126/><U70/><E127/><V78/><F114/><W71/><G71/><T34/><D34/><U90/><E70/><V85/><F124/><W48/><G109/><T36/><D36/><U42/><E42/><V99/><F73/><W32/><G32/><T52/><D20/><U23/><E75/><V88/><F72/><W12/><G7/><T57/><D55/><U108/><E23/><V121/><F121/><W125/><G125/><T103/><D87/><U104/><E74/><V4/><F4/><W110/><G110/><T66/><D79/><U93/><E104/><V96/><F21/><W33/><G33/><T123/><D123/><U69/><E69/><V111/><F111/><W53/><G40/><T24/><D24/><U80/><E27/><V56/><F78/><W51/><G51/><T112/><D112/><U92/><E26/><V82/><F77/><W44/><G44/><T94/><D94/><U14/><E93/><V19/><F85/><W97/><G22/><T113/><D113/><U67/><E108/><V25/><F84/><W61/><G95/><T10/><D10/><RYUUKYOKU ba="0,0" sc="230,30,240,-10,290,-10,240,-10" hai0="50,52,57,66,100,102,103" /><INIT seed="4,1,0,0,3,34" ten="260,230,280,230" oya="0" hai0="16,82,105,66,21,77,49,101,88,127,92,106,28" hai1="43,11,108,44,111,9,31,73,125,42,79,134,25" hai2="51,86,40,75,67,12,126,18,132,29,104,48,54" hai3="99,39,91,10,14,109,83,117,53,50,93,68,1" shuffle="mt19937ar,B76C5FDA,DAC7B3F2,ACD0A20B,46188457,45EF70A3,854C0EAF,3FBB6982,23B3C01B"/><T26/><D127/><U120/><E120/><V27/><F75/><W46/><G109/><N who="1" m="42058" /><E125/><V90/><F104/><W123/><G117/><T128/><D128/><U60/><E134/><V47/><F126/><W131/><G131/><T15/><D101/><U89/><E60/><V80/><F132/><W62/><G123/><T19/><D66/><U133/><E133/><V59/><F67/><W45/><G68/><T61/><D61/><U135/><E135/><V71/><F71/><W69/><G69/><T63/><D63/><U107/><E107/><V33/><F12/><W32/><G32/><T41/><D106/><U87/><E79/><V52/><F18/><W110/><G62/><T76/><D105/><U102/><E73/><V121/><F121/><W37/><G110/><T23/><D28/><U5/><E102/><V56/><F40/><N who="1" m="15401" /><E44/><AGARI ba="1,0" hai="27,29,33,44,47,48,51,52,54,56,59,80,86,90" machi="44" ten="30,3900,0" yaku="7,1,9,1,54,1" doraHai="34" who="2" fromWho="1" sc="260,0,230,-42,280,42,230,0" owari="260,1,188,-21,322,32,230,-12" /></mjloggm>