<mjloggm ver="2.3"><GO type="185"/><UN n0="%53%54%4F%53%48%49%59%41" n1="%E5%83%8D%E3%81%8D%E3%81%9F%E3%81%8F%E3%81%AA%E3%81%84" n2="%E7%B1%B3%E5%85%89%E5%80%B6%E6%A5%BD%E9%83%A8" n3="" dan="16,17,16,0" rate="2097,2212,2170,1500" sx="M,M,F,C"/><TAIKYOKU oya="0"/><INIT seed="0,0,0,3,2,84" ten="350,350,350,0" oya="0" hai0="53,130,106,44,45,111,116,58,54,108,93,74,91" hai1="60,102,33,52,120,89,87,113,49,65,126,68,56" hai2="70,122,72,40,127,107,85,37,64,57,119,103,81" hai3="" shuffle="mt19937ar,DFA09AB9,904C00F1,2E3D3406,A26531A3,0D44C37A,E4C03A52,AFC4CF98,47E774F8"/><T128/><D106/><U100/><N who="1" m="30752" /><U134/><E113/><V125/><N who="2" m="31264" /><V110/><F70/><T50/><D74/><U121/><N who="1" m="31008" /><U133/><E33/><V79/><F119/><T135/><D116/><U61/><E126/><N who="2" m="48139" /><F110/><N who="0" m="42026" /><D135/><N who="1" m="51723" /><E60/><V35/><F35/><T101/><D101/><U123/><N who="1" m="31520" /><U83/><AGARI ba="0,0" hai="49,52,56,61,65,68,83,87,89,100,102" m="31520,51723,31008,30752" machi="83" ten="30,9000,2" yaku="4,1,20,1,52,4,54,1" doraHai="84" who="1" fromWho="1" sc="350,-60,350,90,350,-30,0,0" /><INIT seed="1,0,0,3,3,54" ten="290,440,320,0" oya="1" hai0="93,62,121,112,55,43,46,101,47,110,109,122,36" hai1="49,83,115,66,58,34,131,130,39,44,69,53,64" hai2="59,99,118,94,60,132,77,67,91,74,35,129,96" hai3="" shuffle="mt19937ar,98CB00F0,BE0284EF,A42991AB,926F22E7,55AAB41D,192A6203,B27622A8,68988531"/><U95/><E34/><V134/><F35/><T33/><N who="0" m="31008" /><T57/><N who="0" m="31264" /><T78/><D33/><U81/><E115/><V124/><F118/><T68/><D78/><U65/><E95/><V135/><F124/><T82/><D82/><U92/><E92/><V70/><F129/><N who="1" m="49161" /><E83/><V90/><F77/><T86/><D112/><U85/><E85/><V103/><F74/><T113/><D113/><U32/><E81/><V87/><F99/><T38/><D68/><U125/><E32/><V128/><F128/><T98/><D86/><U104/><E104/><V50/><F87/><T42/><AGARI ba="0,0" hai="36,38,42,43,46,47,55,57,62,93,98,101,109,110" m="31264,31008" machi="42" ten="30,6000,1" yaku="0,1,9,1,52,3" doraHai="54" who="0" fromWho="0" sc="290,60,440,-40,320,-20,0,0" /><INIT seed="2,0,0,2,3,122" ten="350,400,300,0" oya="2" hai0="65,38,133,57,61,60,36,82,55,90,48,120,35" hai1="105,45,51,125,132,78,134,46,96,69,112,71,108" hai2="106,54,93,124,91,107,80,0,103,52,40,62,94" hai3="" shuffle="mt19937ar,62AAC400,B686FB3E,270F75A5,58984F79,2E9E6478,03D19349,FA9BB59E,CAD85781"/><V77/><F0/><T130/><N who="0" m="30752" /><T109/><D35/><U37/><E112/><V135/><F40/><T95/><D130/><U33/><E33/><V121/><N who="2" m="31008" /><V56/><F135/><T70/><D133/><U127/><E105/><V104/><F124/><T73/><D109/><U123/><N who="1" m="31520" /><U117/><E96/><V72/><F103/><T42/><D82/><U100/><E78/><V110/><F110/><T79/><D79/><U92/><E92/><V81/><F81/><T2/><D73/><U53/><E100/><V98/><F93/><T58/><D2/><U1/><E1/><V68/><F68/><N who="1" m="26185" /><E108/><V75/><REACH who="2" step="1"/><F54/><REACH who="2" step="2"/><T129/><D42/><U115/><E134/><V114/><F114/><T49/><D129/><U34/><E115/><V41/><F41/><T85/><D49/><U102/><E34/><V97/><F97/><T89/><D89/><U43/><E102/><V32/><F32/><T59/><D70/><U74/><E132/><V88/><F88/><T3/><D3/><U116/><E74/><AGARI ba="0,1" hai="52,56,62,72,74,75,77,80,91,94,98,104,106,107" m="31008" machi="74" ten="40,12000,1" yaku="1,1,52,1,54,1,53,1" doraHai="122" doraHaiUra="86" who="2" fromWho="1" sc="350,0,400,-120,290,130,0,0" /><INIT seed="2,1,0,3,3,80" ten="350,280,420,0" oya="2" hai0="127,110,93,0,51,35,46,47,90,121,50,130,132" hai1="105,3,40,69,74,48,97,32,118,120,63,73,84" hai2="53,42,94,52,67,87,112,119,104,106,99,39,64" hai3="" shuffle="mt19937ar,531B9472,069707CB,95ACDB3B,BFC42B90,F0A10332,C87A6C2D,A93EEB0F,952111D5"/><V44/><F119/><T107/><N who="0" m="31008" /><T116/><D35/><U55/><N who="1" m="30752" /><U92/><E118/><V82/><F112/><T95/><D0/><U49/><E32/><V59/><F53/><T57/><D116/><U134/><E3/><V37/><F39/><T109/><D107/><U34/><E34/><V108/><F108/><N who="0" m="41578" /><D132/><U129/><E134/><V60/><F104/><T78/><D78/><U62/><E40/><V41/><F106/><T86/><D127/><U71/><E105/><V75/><F75/><T1/><D1/><U135/><E135/><V125/><F42/><T38/><D38/><U66/><E129/><V113/><F113/><T117/><D117/><U101/><E48/><N who="0" m="18473" /><D130/><U96/><E96/><V45/><F45/><N who="0" m="16906" /><D57/><U83/><E49/><V133/><F125/><T91/><D91/><U56/><REACH who="1" step="1"/><E71/><REACH who="1" step="2"/><V76/><F133/><T68/><D68/><U128/><E128/><V33/><F33/><T2/><D2/><U65/><E65/><V124/><REACH who="2" step="1"/><F124/><REACH who="2" step="2"/><T43/><D43/><U58/><E58/><V100/><AGARI ba="1,2" hai="37,41,44,52,59,60,64,67,76,82,87,94,99,100" machi="100" ten="20,12000,2" yaku="1,1,2,1,0,1,7,1,52,1,54,1,53,1" doraHai="80" doraHaiUra="79" who="2" fromWho="2" sc="350,-61,270,-61,410,142,0,0" /><INIT seed="2,2,0,2,5,131" ten="289,209,552,0" oya="2" hai0="121,69,46,41,88,43,78,85,71,47,61,108,101" hai1="97,83,135,40,96,112,50,51,84,48,66,117,102" hai2="76,90,132,105,1,74,100,54,98,110,94,42,32" hai3="" shuffle="mt19937ar,E14B2172,B353017B,9A469DBE,34AF64F8,10AB1733,0DE93BC5,5AA12F84,3AADCD2F"/><V116/><F1/><T87/><N who="0" m="31008" /><T95/><D108/><U103/><E112/><V35/><F32/><T52/><D101/><U107/><E117/><V119/><F35/><T63/><D78/><U109/><E109/><V122/><N who="2" m="31264" /><V92/><F42/><T113/><D113/><U70/><E40/><V65/><F65/><T3/><D3/><U114/><E114/><V91/><F54/><T111/><D111/><U123/><N who="1" m="31520" /><U68/><E135/><V75/><F132/><T64/><D85/><U104/><REACH who="1" step="1"/><E66/><REACH who="1" step="2"/><V118/><F110/><T133/><D133/><U99/><E99/><V73/><F76/><AGARI ba="2,1" hai="48,50,51,68,70,76,83,84,96,97,102,103,104,107" m="31520" machi="76" ten="40,5200,0" yaku="1,1,9,1,52,1,53,0" doraHai="131" doraHaiUra="37" who="1" fromWho="2" sc="289,0,199,66,552,-56,0,0" /><INIT seed="4,0,0,2,3,102" ten="289,265,496,0" oya="0" hai0="126,60,84,104,62,98,95,3,69,131,70,66,109" hai1="124,89,61,113,78,56,71,91,54,135,80,42,51" hai2="63,75,46,44,103,123,79,87,52,1,105,41,35" hai3="" shuffle="mt19937ar,207BAB07,109DD7B7,0633628D,D9AD2260,906344DF,740A3977,5B99A994,22BD092C"/><T43/><D3/><U112/><E124/><V32/><N who="2" m="31520" /><V118/><F1/><T38/><D126/><U97/><E135/><V58/><F75/><T93/><D131/><U100/><E42/><V68/><F68/><T65/><D109/><U34/><E34/><V88/><F79/><T48/><D38/><U49/><E71/><V83/><F44/><T127/><D127/><U74/><E51/><V85/><F85/><T59/><D84/><U119/><E61/><V81/><F81/><T122/><N who="0" m="31264" /><T99/><D43/><U64/><E64/><V33/><F118/><T96/><D104/><U77/><E77/><V107/><REACH who="2" step="1"/><F103/><REACH who="2" step="2"/><T129/><REACH who="0" step="1"/><D129/><REACH who="0" step="2"/><U94/><E119/><V90/><F90/><T47/><D47/><U132/><E132/><V115/><F115/><AGARI ba="0,2" hai="49,54,56,74,78,80,89,91,94,97,100,112,113,115" machi="115" ten="40,2600,0" yaku="15,1,11,1" doraHai="102" who="1" fromWho="2" sc="279,0,265,46,486,-26,0,0" /><INIT seed="5,0,0,3,4,105" ten="279,311,460,0" oya="1" hai0="2,69,35,72,104,90,128,67,53,39,76,95,84" hai1="114,135,120,124,61,79,131,88,113,32,97,111,98" hai2="60,63,93,81,57,106,86,82,85,74,101,71,46" hai3="" shuffle="mt19937ar,277B14CE,E5E234D5,F1F71700,620C34B8,9809FDC2,A6D2C3BB,80AE4898,B42CD9E2"/><U92/><N who="1" m="30752" /><U38/><E32/><V49/><F106/><T83/><D35/><U78/><E38/><V87/><F71/><T94/><D2/><U110/><E135/><V89/><F101/><T134/><D104/><U33/><E33/><V34/><F34/><T77/><D39/><U133/><E133/><V96/><F74/><T64/><D134/><U43/><E43/><V50/><F50/><T117/><D117/><U130/><E61/><N who="2" m="23627" /><F57/><T121/><N who="0" m="31008" /><T54/><D128/><N who="1" m="49195" /><E124/><V55/><AGARI ba="0,0" hai="46,49,55,81,82,85,86,87,89,93,96" m="23627" machi="55" ten="30,800,0" yaku="8,1" doraHai="105" who="2" fromWho="2" sc="279,-3,311,-5,460,8,0,0" /><INIT seed="6,0,0,3,5,42" ten="276,306,468,0" oya="2" hai0="128,98,105,121,126,56,38,69,113,134,63,43,95" hai1="87,129,65,61,88,130,46,70,90,91,111,54,101" hai2="3,116,52,119,85,68,72,97,107,35,117,37,45" hai3="" shuffle="mt19937ar,DEF0147A,EF8E1766,69ED0326,BE02CE8C,12D7BE2C,4F0A9EE7,0EE4C255,7012D7D2"/><V102/><F3/><T40/><N who="0" m="31008" /><T96/><D69/><U66/><E111/><V131/><F35/><T67/><D134/><U114/><E114/><V64/><F72/><T53/><D113/><U34/><E34/><V2/><F2/><T77/><D77/><U103/><E66/><V112/><F37/><T81/><D81/><U71/><E71/><V55/><F131/><N who="1" m="50185" /><E87/><V1/><F1/><T106/><D128/><U83/><E83/><V92/><F64/><T122/><N who="0" m="31264" /><T120/><N who="0" m="30752" /><T100/><D126/><U123/><N who="1" m="31520" /><U51/><AGARI ba="0,0" hai="46,51,54,61,65,70,88,90,91,101,103" m="31520,50185" machi="51" ten="40,6000,1" yaku="4,1,19,1,52,2,54,1" doraHai="42" who="1" fromWho="1" sc="276,-20,306,60,468,-40,0,0" owari="256,-34,366,-3,428,37,0,0" /></mjloggm>