<mjloggm ver="2.3"><GO type="225"/><UN n0="%45%56%41%4E%53%49%55" n1="%E3%82%88%E3%81%A3%E3%81%A1" n2="%E3%83%AA%E3%83%AA%E3%82%A2%E3%83%BC%E3%83%8C" n3="%E6%A1%9C%E4%BA%95%E3%82%A2%E3%82%BD%E3%82%B3" dan="16,16,17,16" rate="2073,2053,2123,2051" sx="M,M,F,M"/><TAIKYOKU oya="0"/><INIT seed="0,0,0,2,2,114" ten="250,250,250,250" oya="0" hai0="131,110,134,50,130,65,97,49,117,29,47,18,87" hai1="72,123,48,35,119,108,100,75,45,21,92,107,101" hai2="26,77,78,129,98,133,111,51,36,59,14,70,135" hai3="17,84,80,96,8,113,57,58,68,38,116,27,115" shuffle="mt19937ar,57720B10,CE16D60E,7AA1CE69,FA7EDA21,8CE3816D,462099CE,ACD1F6D3,D494A845"/><T23/><D134/><N who="2" m="51210" /><F36/><W55/><G38/><T94/><D117/><U122/><E35/><V44/><F70/><W7/><G68/><T124/><D124/><U95/><E21/><V69/><F69/><W4/><G96/><T81/><D65/><U37/><E37/><V120/><F59/><W63/><G116/><T20/><D29/><U52/><E119/><V64/><F64/><W90/><G113/><T54/><D110/><U83/><E108/><V33/><F111/><W30/><G115/><T46/><D130/><U66/><E66/><V132/><F129/><W85/><G57/><T93/><D131/><U39/><E39/><V11/><F98/><W73/><G73/><T109/><D109/><U32/><E32/><V53/><F120/><W3/><G84/><T12/><D20/><U102/><E107/><V106/><F106/><W128/><G128/><T118/><D97/><U88/><E92/><V121/><F121/><W89/><G17/><T103/><D103/><U76/><REACH who="1" step="1"/><E72/><REACH who="1" step="2"/><V2/><F132/><W62/><G7/><T104/><D104/><U15/><E15/><V10/><F14/><W71/><G71/><T5/><D118/><U40/><E40/><V9/><F2/><W79/><G62/><T60/><D60/><U22/><E22/><AGARI ba="0,1" hai="3,4,8,22,27,30,55,58,63,79,80,85,89,90" machi="22" ten="30,1000,0" yaku="7,1" doraHai="114" who="3" fromWho="1" sc="250,0,240,-10,250,0,250,20" /><INIT seed="1,0,0,3,5,30" ten="250,230,250,270" oya="1" hai0="112,27,67,80,120,4,28,121,69,111,98,52,36" hai1="43,104,83,132,23,49,63,92,95,124,48,115,12" hai2="75,77,101,99,123,84,29,3,66,64,16,82,22" hai3="85,110,54,1,78,79,18,26,91,2,102,7,57" shuffle="mt19937ar,BA056E8E,5D595325,72F9F1DC,51CECB20,33CB560A,A10C5FFE,ED095AD7,7A21BD1C"/><U38/><E104/><V90/><F3/><W56/><G110/><T130/><D112/><U46/><E115/><V128/><F29/><W20/><G102/><T81/><D111/><U0/><E0/><V34/><F34/><W61/><G2/><T13/><D36/><U44/><E132/><V89/><F123/><N who="0" m="47178" /><D130/><U62/><E124/><V113/><F128/><W129/><G129/><T107/><D4/><U39/><E83/><V71/><F71/><W87/><G1/><T5/><D5/><U15/><REACH who="1" step="1"/><E23/><REACH who="1" step="2"/><V41/><F22/><W8/><G8/><T133/><D133/><U105/><E105/><V60/><F82/><W32/><G20/><N who="0" m="15463" /><D80/><U96/><E96/><V10/><F99/><W35/><G79/><T53/><D81/><U19/><E19/><V59/><F16/><W134/><G18/><T25/><D25/><U24/><E24/><V9/><F9/><W114/><G26/><T106/><D107/><U88/><E88/><V37/><F10/><W40/><G91/><T127/><D127/><U100/><E100/><V103/><F90/><W65/><G78/><T116/><D13/><U58/><E58/><V50/><F59/><W21/><G57/><T42/><D116/><U119/><E119/><V51/><F89/><W6/><G56/><T31/><D106/><U55/><E55/><V131/><F103/><W125/><G54/><T17/><D98/><U108/><E108/><V122/><F113/><W86/><G125/><T109/><D109/><U47/><E47/><V76/><F131/><W117/><G114/><T97/><D97/><U14/><E14/><RYUUKYOKU ba="0,1" sc="250,-10,220,30,250,-10,270,-10" hai1="12,15,38,39,43,44,46,48,49,62,63,92,95" /><INIT seed="1,1,1,2,5,96" ten="240,250,240,260" oya="1" hai0="39,76,108,1,97,7,21,89,40,34,13,95,6" hai1="116,60,19,93,106,47,85,33,77,114,37,62,30" hai2="46,125,11,132,16,112,86,56,123,124,78,27,87" hai3="73,90,10,82,26,0,42,122,66,100,69,5,120" shuffle="mt19937ar,2D1416F5,41518DE4,5CCBA81B,2289DF31,F88EB9E7,9C76EE5F,302DAD2F,8FAFB02D"/><U15/><E106/><V38/><F123/><W25/><G25/><T51/><D34/><U32/><E116/><V63/><F132/><W79/><G90/><T81/><D108/><U24/><E114/><V65/><F112/><W129/><G129/><T72/><D1/><U58/><E33/><V57/><F57/><W133/><G133/><T18/><D39/><U118/><E118/><V55/><F78/><W107/><G26/><T103/><D40/><U20/><E58/><V80/><F80/><W2/><G42/><T71/><D71/><U91/><REACH who="1" step="1"/><E77/><REACH who="1" step="2"/><V23/><F56/><W52/><G79/><T88/><REACH who="0" step="1"/><D51/><REACH who="0" step="2"/><U111/><E111/><V105/><F38/><W99/><G120/><T68/><D68/><U41/><AGARI ba="1,3" hai="15,19,20,24,30,32,37,41,47,60,62,85,91,93" machi="41" ten="30,3000,0" yaku="1,1,0,1,53,0" doraHai="96" doraHaiUra="67" who="1" fromWho="1" sc="230,-11,240,63,240,-11,260,-11" /><INIT seed="1,2,0,0,1,15" ten="219,303,229,249" oya="1" hai0="12,47,77,86,71,133,38,132,42,126,129,81,53" hai1="101,102,46,68,82,79,13,121,74,83,56,123,60" hai2="99,73,63,18,10,5,120,85,130,69,55,16,92" hai3="116,27,0,44,28,1,87,4,21,45,41,127,25" shuffle="mt19937ar,BF8E6D3D,E429DB10,A5FB2070,4B57E2DB,1856215B,DFC2F3B4,818C319D,B858569B"/><U84/><E68/><V14/><F73/><W2/><G127/><T110/><D110/><U113/><E113/><V61/><F120/><W75/><G75/><T62/><D126/><U98/><E46/><V8/><F130/><W48/><G116/><T100/><D129/><U122/><E13/><N who="2" m="5263" /><F69/><W52/><G87/><T107/><D12/><U70/><E70/><V34/><F34/><W111/><G111/><T89/><D89/><U57/><E60/><N who="2" m="23115" /><F55/><W124/><G124/><T58/><D100/><U50/><E50/><V76/><F85/><W72/><G72/><T43/><D43/><U135/><E135/><N who="0" m="51785" /><D71/><U64/><E64/><V66/><F66/><W80/><G80/><T115/><D115/><U35/><E35/><V31/><F31/><W106/><G106/><AGARI ba="2,0" hai="38,42,47,53,58,62,77,81,86,106,107" m="51785" machi="106" ten="30,1000,0" yaku="20,1" doraHai="15" who="0" fromWho="3" sc="219,16,303,0,229,0,249,-16" /><INIT seed="2,0,0,4,3,103" ten="235,303,229,233" oya="2" hai0="40,25,108,54,120,85,113,31,101,111,125,72,61" hai1="4,80,65,55,129,87,51,116,107,75,22,11,93" hai2="106,100,9,124,0,132,36,63,127,29,117,35,92" hai3="3,118,7,131,73,99,78,128,49,27,10,91,69" shuffle="mt19937ar,2B1583F7,A4D82A85,12D9B805,C811B1A3,24538A86,B10B7466,CCDAF29B,2E3C37E5"/><V112/><F36/><W71/><G118/><T68/><D120/><U17/><E65/><V88/><F112/><W2/><G2/><T59/><D113/><U90/><E116/><V83/><F117/><W50/><G27/><T38/><D72/><U15/><E129/><N who="3" m="49738" /><G78/><T24/><D125/><N who="2" m="48202" /><F132/><W133/><G133/><T37/><D68/><N who="3" m="26185" /><G73/><T119/><D119/><U60/><E60/><V30/><F63/><W121/><G121/><T135/><D135/><U74/><E107/><V23/><F83/><W64/><G64/><T43/><D85/><U42/><E42/><N who="0" m="15913" /><D101/><U13/><E80/><V28/><F35/><W82/><G99/><T32/><D25/><U53/><REACH who="1" step="1"/><E53/><REACH who="1" step="2"/><V8/><F106/><W67/><G67/><T19/><D61/><U41/><E41/><V62/><F62/><W56/><G82/><T52/><D54/><U102/><E102/><V110/><F100/><W89/><G89/><T105/><D52/><U20/><E20/><V57/><F23/><W76/><G91/><T5/><D105/><U46/><AGARI ba="0,1" hai="4,11,13,15,17,22,46,51,55,74,75,87,90,93" machi="46" ten="20,2700,0" yaku="1,1,0,1,7,1,53,0" doraHai="103" doraHaiUra="96" who="1" fromWho="1" sc="235,-7,293,37,229,-13,233,-7" /><INIT seed="3,0,0,1,0,21" ten="228,330,216,226" oya="3" hai0="51,13,112,118,95,106,63,47,12,80,131,85,43" hai1="29,121,41,102,97,30,88,16,54,101,135,55,42" hai2="14,119,93,2,37,40,109,19,107,87,133,23,82" hai3="48,46,57,128,1,73,45,32,125,58,77,84,34" shuffle="mt19937ar,9F0AD8E7,95A94954,4FC30099,79CCB5AB,0A2457F4,CA612323,D7580DEA,C36884A2"/><W100/><G1/><T92/><D118/><U91/><E121/><V72/><F107/><W20/><G73/><T0/><D131/><U103/><E135/><V130/><F2/><W120/><G120/><T27/><D106/><U15/><E54/><V25/><F119/><W59/><G128/><T35/><D0/><U104/><E55/><V123/><F130/><W96/><G125/><T127/><D112/><U31/><E104/><V74/><F133/><W71/><G71/><T66/><D127/><U122/><E122/><V129/><F129/><W86/><G34/><T10/><D12/><U75/><E75/><V90/><F123/><W117/><G117/><T62/><D62/><U11/><E97/><N who="2" m="57527" /><F37/><W9/><G32/><T7/><D63/><U44/><REACH who="1" step="1"/><E41/><REACH who="1" step="2"/><V28/><F40/><W114/><G114/><T33/><D66/><U22/><E22/><N who="2" m="15415" /><F72/><W89/><G20/><T126/><D35/><U81/><E81/><V3/><F74/><W65/><G65/><T70/><D126/><U108/><E108/><V5/><F109/><W38/><G9/><T134/><D134/><U68/><E68/><V105/><F105/><W69/><G69/><T124/><D70/><U53/><E53/><V18/><F23/><W76/><G38/><AGARI ba="0,1" hai="11,15,16,29,30,31,38,42,44,88,91,101,102,103" machi="38" ten="40,5200,0" yaku="1,1,54,2,53,0" doraHai="21" doraHaiUra="64" who="1" fromWho="3" sc="228,0,320,62,216,0,226,-52" owari="228,-2,382,38,216,-13,174,-23" /></mjloggm>