<mjloggm ver="2.3"><GO type="225"/><UN n0="%E9%9B%81%E7%BA%8F" n1="%E3%83%81%E3%83%A3%E3%82%AA%E3%83%AA" n2="%EF%BC%88%EF%BC%8A%EF%BC%9E%EF%BC%9C%EF%BC%89" n3="%6B%6F%67%65%70%61%6E" dan="16,17,17,16" rate="2071,2181,2167,2090" sx="M,M,F,M"/><TAIKYOKU oya="0"/><INIT seed="0,0,0,3,2,73" ten="250,250,250,250" oya="0" hai0="133,85,26,106,19,116,15,13,86,77,95,52,74" hai1="102,10,5,22,83,109,53,120,131,60,41,66,105" hai2="54,62,123,134,100,82,23,29,87,84,34,98,11" hai3="9,57,135,96,65,16,90,21,108,45,132,20,61" shuffle="mt19937ar,173CAF59,CE5063ED,1F60F6A0,D8AE6697,5009F2E3,E53BDCE4,961699DB,FCFA8AB2"/><T69/><D106/><U42/><E120/><V92/><F123/><W32/><G32/><T80/><D69/><U1/><E109/><V14/><F134/><N who="3" m="51243" /><G108/><T97/><D133/><U33/><E131/><V63/><F34/><W118/><G118/><T46/><D116/><U101/><E53/><V114/><F114/><W7/><G45/><T107/><D107/><U119/><E119/><V130/><F130/><W3/><G16/><T48/><D85/><U103/><E105/><V4/><F54/><W71/><G71/><T78/><D74/><U67/><E33/><V89/><F87/><W117/><G117/><T93/><D77/><U79/><E22/><V25/><AGARI ba="0,0" hai="4,11,14,23,25,29,62,63,82,84,89,92,98,100" machi="25" ten="30,2000,0" yaku="0,1,8,1" doraHai="73" who="2" fromWho="2" sc="250,-10,250,-5,250,20,250,-5" /><INIT seed="1,0,0,0,5,0" ten="240,245,270,245" oya="1" hai0="49,93,58,92,114,99,8,53,119,75,38,112,70" hai1="96,4,109,73,35,9,48,107,63,134,123,51,127" hai2="18,5,60,7,74,61,132,26,31,57,133,22,30" hai3="83,6,64,59,20,40,77,13,116,91,27,100,29" shuffle="mt19937ar,3D717C90,80F67DDC,206A8C0B,7F36AC08,0EDDD19B,FF31A43E,79CC6F77,8B8124CB"/><U117/><E73/><V104/><F74/><W44/><G116/><T88/><D119/><U46/><E117/><V118/><F104/><W39/><G100/><T98/><D70/><U106/><E123/><V3/><F118/><W89/><G64/><T85/><D38/><U65/><E48/><V52/><F61/><W47/><G59/><T108/><D108/><U124/><E35/><V45/><F45/><W87/><REACH who="3" step="1"/><G47/><REACH who="3" step="2"/><T105/><D105/><U101/><E107/><V41/><F41/><W78/><G78/><T50/><D75/><U103/><E103/><V36/><F36/><W11/><AGARI ba="0,1" hai="6,11,13,20,27,29,39,40,44,77,83,87,89,91" machi="11" ten="30,4000,0" yaku="1,1,0,1,52,1,53,0" doraHai="0" doraHaiUra="34" who="3" fromWho="3" sc="240,-10,245,-20,270,-10,235,50" /><INIT seed="2,0,0,5,1,131" ten="230,225,260,285" oya="2" hai0="121,87,50,11,64,26,110,1,10,4,132,65,127" hai1="89,39,35,115,63,125,29,30,120,96,68,6,92" hai2="41,55,62,73,105,80,90,60,51,107,23,42,17" hai3="53,122,34,22,0,101,104,84,109,119,37,91,66" shuffle="mt19937ar,807B61C3,FA4E88D8,E29B8CDC,1462345B,132373C1,3D223BAD,B8609BAC,F97989D1"/><V112/><F112/><W3/><G34/><T52/><D121/><U45/><E115/><V79/><F105/><W19/><G37/><T118/><D118/><U44/><E120/><V8/><F107/><W18/><G119/><T58/><D127/><U99/><E125/><V43/><F90/><W13/><G122/><T113/><D113/><U103/><E6/><V57/><REACH who="2" step="1"/><F8/><REACH who="2" step="2"/><W102/><G104/><T14/><D110/><U75/><E89/><V97/><F97/><W71/><G109/><T94/><D132/><U69/><E103/><V126/><F126/><W81/><G101/><T54/><D11/><U116/><E116/><V83/><F83/><W93/><G102/><T32/><D94/><U117/><E117/><V72/><F72/><W5/><G81/><T36/><D87/><U21/><E92/><V106/><F106/><W86/><G93/><T88/><D88/><U25/><E75/><V24/><AGARI ba="0,1" hai="17,23,24,41,42,43,51,55,57,60,62,73,79,80" machi="24" ten="30,3000,0" yaku="1,1,0,1,53,0" doraHai="131" doraHaiUra="128" who="2" fromWho="2" sc="230,-10,225,-10,250,40,285,-10" /><INIT seed="2,1,0,5,0,108" ten="220,215,290,275" oya="2" hai0="77,132,112,92,113,122,104,60,76,97,79,5,110" hai1="8,83,63,57,126,88,103,68,86,45,84,70,80" hai2="41,91,19,93,87,59,23,124,48,55,29,123,58" hai3="47,64,24,130,62,116,73,107,67,7,72,100,61" shuffle="mt19937ar,FB9FEE04,B2D2E0F7,A121E9C8,E05AE05F,FFB23133,0EC4A562,879EC67A,ACF2766D"/><V37/><F123/><W71/><G116/><T125/><D5/><U31/><E126/><V121/><F121/><W18/><G130/><T114/><D122/><U40/><E103/><V35/><F124/><W75/><G7/><T74/><D125/><U89/><E8/><V43/><F37/><W95/><G95/><T46/><D104/><U2/><E31/><V22/><F35/><W16/><G47/><T1/><D1/><U39/><REACH who="1" step="1"/><E2/><REACH who="1" step="2"/><V101/><F101/><W98/><REACH who="3" step="1"/><G24/><REACH who="3" step="2"/><T111/><D132/><U94/><E94/><V51/><F93/><W25/><G25/><T9/><D92/><U17/><E17/><V14/><F19/><W10/><G10/><T118/><D118/><U65/><AGARI ba="1,2" hai="39,40,45,57,63,65,68,70,80,83,84,86,88,89" machi="65" ten="20,12000,2" yaku="1,1,0,1,7,1,9,1,54,1,53,1" doraHai="108" doraHaiUra="52" who="1" fromWho="1" sc="220,-31,205,143,290,-61,265,-31" /><INIT seed="3,0,0,5,0,117" ten="189,348,229,234" oya="3" hai0="102,106,31,35,24,119,94,56,42,129,33,72,93" hai1="65,74,104,0,38,27,92,128,135,124,131,60,19" hai2="44,71,70,61,9,114,132,57,11,2,81,99,62" hai3="122,107,52,6,130,17,64,18,7,69,89,121,110" shuffle="mt19937ar,5EFE8565,C324B75A,901E131C,9C225EE9,3873202E,A26CD92C,28823C7C,EBD20591"/><W97/><G69/><T91/><D119/><U68/><E74/><V120/><F114/><W111/><G64/><T134/><D72/><U46/><E104/><V76/><F44/><W73/><G73/><T51/><D129/><N who="1" m="49739" /><E0/><V123/><F99/><W90/><G130/><T4/><D134/><U82/><E82/><V49/><F49/><W59/><G107/><T29/><D4/><U22/><E92/><V16/><F132/><W41/><G41/><T15/><D15/><U34/><E124/><V21/><F2/><W45/><G45/><T86/><D106/><U39/><E135/><V84/><F70/><W32/><G32/><T101/><D42/><N who="1" m="22871" /><E34/><V79/><F71/><W43/><G43/><T83/><D94/><U23/><E23/><V53/><F62/><W25/><G97/><T54/><REACH who="0" step="1"/><D93/><REACH who="0" step="2"/><U1/><E1/><V50/><F81/><W12/><G12/><T77/><D77/><U112/><E112/><V66/><F76/><W5/><G25/><AGARI ba="0,1" hai="24,25,29,31,33,35,51,54,56,83,86,91,101,102" machi="25" ten="40,2600,0" yaku="1,1,9,1,53,0" doraHai="117" doraHaiUra="95" who="0" fromWho="3" sc="179,36,348,0,229,0,234,-26" owari="215,-13,348,34,229,-2,208,-19" /></mjloggm>