<mjloggm ver="2.3"><GO type="225"/><UN n0="%E3%81%AA%E3%83%BC%E3%81%8B%E3%82%80" n1="%E5%B1%B1%E5%B9%B8%E5%95%86%E5%BA%97" n2="%E3%83%A0%E3%82%AF%E3%83%81%E3%83%A5%E3%83%B3" n3="%45%56%41%4E%53%49%55" dan="16,17,16,16" rate="2070,2175,2036,2087" sx="M,M,M,M"/><TAIKYOKU oya="0"/><INIT seed="0,0,0,0,3,118" ten="250,250,250,250" oya="0" hai0="114,16,110,54,82,21,68,58,85,11,51,39,43" hai1="122,115,78,63,30,100,132,116,3,37,99,77,119" hai2="1,36,101,14,103,105,117,107,129,45,2,113,72" hai3="5,108,75,128,9,70,49,60,24,76,88,7,55" shuffle="mt19937ar,A97D3E0E,D6D296FA,94050D86,1C1C669D,17F53EFA,8DF22F7B,6EBB2993,95E123FA"/><T12/><D68/><U66/><E3/><V42/><F113/><W102/><G108/><T89/><D110/><U121/><E37/><V69/><F69/><W73/><G128/><T109/><D109/><U22/><E22/><V120/><F120/><N who="1" m="46185" /><E30/><V106/><F129/><W31/><G102/><T80/><D114/><U26/><E26/><V61/><F117/><N who="1" m="45129" /><E63/><V81/><F61/><W52/><G76/><N who="1" m="29290" /><E66/><V95/><F14/><W97/><G5/><T87/><D39/><U93/><E115/><V90/><F2/><W65/><G55/><T53/><D53/><U64/><E64/><V17/><F1/><W86/><G97/><T96/><D96/><U91/><E132/><V84/><F17/><W27/><G27/><T10/><D43/><U23/><E23/><V46/><F42/><W71/><G71/><T8/><D21/><U29/><E29/><V126/><F36/><W33/><G9/><T133/><D133/><U111/><E111/><V83/><F45/><W50/><G7/><T15/><D12/><U112/><E112/><V25/><F46/><W79/><G49/><T19/><D19/><U28/><E28/><V127/><F25/><W0/><G0/><T130/><D130/><U123/><E123/><V94/><F72/><W38/><G38/><T47/><D58/><U124/><E124/><V125/><F81/><N who="3" m="49231" /><G79/><AGARI ba="0,0" hai="8,10,11,15,16,47,51,54,79,80,82,85,87,89" machi="79" ten="30,12000,1" yaku="7,1,25,2,8,1,54,1" doraHai="118" who="0" fromWho="3" sc="250,120,250,0,250,0,250,-120" /><INIT seed="0,1,0,0,3,35" ten="370,250,250,130" oya="0" hai0="57,50,70,76,9,65,78,29,42,36,16,2,31" hai1="134,26,79,100,87,11,17,30,34,116,68,19,53" hai2="103,81,95,47,52,123,122,7,119,112,23,41,125" hai3="75,114,39,25,69,4,63,93,3,20,99,101,88" shuffle="mt19937ar,B3E38622,88D5F21C,2E61DBDA,106EDE37,789317C6,87C58394,D366239F,34F8FEA7"/><T124/><D70/><U59/><E116/><V60/><F119/><W127/><G114/><T80/><D124/><U96/><E68/><V1/><F125/><W131/><G127/><T56/><D78/><U132/><E87/><V40/><F112/><W77/><G39/><T91/><D91/><U21/><E79/><V64/><F81/><W46/><G131/><T107/><D107/><U108/><E108/><V86/><F23/><W121/><G121/><T111/><D111/><U109/><E109/><V85/><F85/><W118/><G118/><T32/><D50/><U74/><E74/><V84/><F84/><W73/><G46/><N who="0" m="23879" /><D16/><N who="1" m="6219" /><E11/><V49/><F122/><W22/><G77/><T18/><D18/><U98/><E34/><V6/><F6/><W33/><G33/><T89/><D89/><U102/><E134/><V110/><F110/><W45/><G45/><T14/><D14/><U5/><E5/><V106/><F106/><W135/><G135/><T129/><D129/><U55/><E55/><V62/><F123/><W97/><G69/><T72/><D65/><U44/><E44/><V67/><F86/><W83/><G63/><T94/><D94/><U126/><E126/><V10/><F60/><W48/><G48/><T8/><D8/><U15/><E15/><V130/><F130/><W115/><G115/><T43/><D43/><U113/><E113/><V28/><F64/><W92/><G83/><T51/><D51/><N who="1" m="31167" /><E132/><V13/><F13/><W104/><G104/><T82/><D82/><U27/><E26/><V37/><F37/><W117/><G117/><T61/><D32/><RYUUKYOKU ba="1,0" sc="370,-10,250,30,250,-10,130,-10" hai1="21,27,30,96,98,100,102" /><INIT seed="1,2,0,3,1,39" ten="360,280,240,120" oya="1" hai0="49,77,72,69,76,135,93,133,33,58,9,7,60" hai1="126,3,36,122,80,12,112,105,100,59,88,84,56" hai2="116,37,22,44,63,45,65,96,101,29,98,47,28" hai3="43,82,87,124,121,79,8,13,30,109,89,57,27" shuffle="mt19937ar,4769E657,A2691E1D,89EE9B7D,6826E7C5,F9835050,21A5258E,E6B1CDA4,EBA71487"/><U81/><E122/><V91/><F116/><W125/><G121/><T17/><D33/><U61/><E3/><V115/><F115/><W111/><G57/><T73/><D17/><U110/><E112/><V129/><F129/><W97/><G97/><T19/><D19/><U55/><E36/><V118/><F118/><W32/><G79/><T1/><D69/><U131/><E131/><V103/><F91/><W40/><G13/><T120/><D120/><U53/><E12/><V134/><F134/><N who="0" m="51210" /><D49/><U113/><E113/><V117/><F37/><W5/><G5/><T24/><D93/><U41/><E126/><N who="3" m="48746" /><G8/><T23/><D23/><U119/><E119/><V51/><F51/><W31/><G30/><N who="2" m="11881" /><F22/><W35/><G35/><T78/><D24/><U11/><E11/><V4/><F4/><W107/><G107/><T25/><D25/><U68/><E68/><V18/><F18/><W21/><G32/><T34/><D34/><U54/><E105/><V42/><F117/><W108/><AGARI ba="2,0" hai="21,27,31,40,43,82,87,89,108,109,111" m="48746" machi="108" ten="40,8000,1" yaku="14,1,18,1,52,2" doraHai="39" who="3" fromWho="3" sc="360,-22,280,-42,240,-22,120,86" /><INIT seed="2,0,0,0,4,53" ten="338,238,218,206" oya="2" hai0="112,118,1,46,105,74,31,16,69,89,54,125,14" hai1="119,35,109,57,124,43,82,55,104,130,99,8,39" hai2="81,79,75,101,134,129,107,66,12,122,98,32,111" hai3="45,9,115,128,37,123,95,116,62,58,113,127,6" shuffle="mt19937ar,3FCA569A,436C2D10,DA5E4926,54DEE079,D5A18F0D,471CA105,542D4980,E7C83930"/><V20/><F122/><W70/><G123/><T15/><D69/><U56/><E119/><V19/><F32/><W41/><G116/><T10/><D105/><U96/><E35/><V126/><F129/><W61/><G128/><T103/><D103/><U3/><E130/><V52/><F134/><W91/><G127/><T117/><D112/><N who="3" m="43081" /><G70/><T72/><D1/><U50/><E124/><V38/><F126/><W23/><G23/><T85/><D31/><U87/><E39/><V77/><F111/><W76/><G76/><T5/><D125/><U13/><E43/><V86/><F38/><W49/><G37/><T60/><D118/><U25/><E104/><V63/><F52/><N who="3" m="33991" /><G62/><T0/><D0/><U132/><E109/><V97/><F97/><N who="1" m="37449" /><E25/><V120/><F120/><W17/><G17/><T42/><D117/><U18/><E3/><V135/><F135/><W21/><G21/><T27/><D27/><U94/><E94/><V47/><F47/><W68/><G68/><T59/><D46/><N who="1" m="28119" /><E132/><V33/><F33/><W36/><G36/><T24/><D24/><U28/><E28/><V93/><F107/><W4/><G9/><T88/><D42/><U65/><E65/><V84/><REACH who="2" step="1"/><F79/><AGARI ba="0,0" hai="8,13,18,56,57,79,82,87" m="28119,37449" machi="79" ten="30,3900,0" yaku="8,1,52,2" doraHai="53" who="1" fromWho="2" sc="338,0,238,39,218,-39,206,0" /><INIT seed="3,0,0,4,3,115" ten="338,277,179,206" oya="3" hai0="20,119,71,36,14,2,125,4,12,79,52,121,134" hai1="111,108,102,96,6,85,49,77,99,51,126,89,123" hai2="10,42,39,94,127,116,9,83,98,122,124,107,101" hai3="88,106,30,28,97,70,87,130,59,84,90,110,57" shuffle="mt19937ar,8569EE78,A3EB34BE,B7F8AE83,7BDC6BEE,D3A8336A,4CD943BC,E6F5E534,28A7A033"/><W53/><G70/><T109/><D79/><U47/><E6/><V76/><F42/><W129/><G106/><T82/><D82/><U104/><E123/><V128/><F39/><W60/><G97/><T120/><D71/><U21/><E21/><V37/><F37/><W31/><G110/><T46/><D109/><N who="1" m="42059" /><E51/><V64/><F64/><W61/><G30/><T1/><D36/><U7/><E7/><V41/><F41/><W66/><REACH who="3" step="1"/><G53/><REACH who="3" step="2"/><T132/><D52/><N who="1" m="29759" /><E99/><N who="2" m="61887" /><F122/><W81/><G81/><T133/><D133/><U44/><E44/><V5/><F9/><W112/><G112/><T92/><D46/><U86/><E77/><V17/><F17/><W13/><G13/><T58/><D120/><U3/><E3/><V19/><F19/><W0/><G0/><T34/><D121/><U67/><E126/><N who="2" m="48171" /><F10/><W50/><G50/><T62/><D125/><U100/><E104/><V118/><F5/><W93/><G93/><T40/><D134/><U75/><E96/><V95/><F128/><W114/><G114/><T27/><D92/><N who="2" m="35370" /><F98/><W135/><G135/><T105/><D105/><U56/><E56/><V78/><F78/><W43/><G43/><T23/><D40/><U113/><E113/><V25/><F25/><W18/><G18/><T29/><D132/><U55/><E55/><V63/><F63/><W38/><G38/><T72/><D2/><U24/><E24/><V74/><AGARI ba="0,1" hai="74,76,83,116,118" m="35370,48171,61887" machi="74" ten="30,8000,1" yaku="18,1,34,2,52,2" doraHai="115" who="2" fromWho="2" sc="338,-20,277,-20,179,90,196,-40" owari="318,31,257,-9,269,2,156,-24" /></mjloggm>