<mjloggm ver="2.3"><GO type="185"/><UN n0="%E3%81%B5%E3%81%8F%EF%BC%A3%EF%BD%88%EF%BD%81%EF%BD%8E%E2%99%AA" n1="%E3%81%A8%E3%81%84%E3%81%A4%E3%81%BE%E3%81%99%E3%81%9F%E3%81%81%E2%99%AA" n2="%E5%8D%81%E5%85%AD%E5%A4%9C%E2%80%A0%E5%92%B2%E5%A4%9C" n3="" dan="16,16,16,0" rate="2141,2151,2174,1500" sx="F,M,F,C"/><TAIKYOKU oya="0"/><INIT seed="0,0,0,1,2,37" ten="350,350,350,0" oya="0" hai0="135,127,91,95,126,45,71,77,86,119,107,85,67" hai1="123,49,120,103,66,78,80,128,69,40,109,41,101" hai2="102,54,83,38,112,129,124,106,43,105,33,122,99" hai3="" shuffle="mt19937ar,9775F57E,7CC76D8A,48A43B55,46E3D21D,2D349D4C,3C62808D,0A6B8328,2A17E866"/><T58/><D119/><U100/><N who="1" m="30752" /><U62/><N who="1" m="31520" /><U133/><E109/><V75/><N who="2" m="31264" /><V68/><F33/><T89/><D71/><U125/><E133/><V35/><F35/><T48/><D135/><U97/><E128/><V1/><F1/><T92/><D107/><U3/><E3/><V42/><F112/><T57/><D77/><U81/><E125/><N who="0" m="47625" /><D67/><U50/><E97/><V72/><F124/><T52/><AGARI ba="0,0" hai="45,48,52,57,58,85,86,89,91,92,95" m="47625" machi="52" ten="30,2000,0" yaku="18,1,54,1" doraHai="37" who="0" fromWho="0" sc="350,20,350,-10,350,-10,0,0" /><INIT seed="0,1,0,3,3,105" ten="370,340,340,0" oya="0" hai0="113,71,133,98,96,77,64,69,102,101,51,95,43" hai1="45,92,127,39,120,70,75,121,99,74,107,131,132" hai2="44,78,110,125,49,83,90,66,55,129,48,87,1" hai3="" shuffle="mt19937ar,C5CA41D3,530C00E0,A35F8C8C,7A68A132,0B3157EB,E430E810,F7E351FC,AC6FDFE3"/><T35/><D35/><U47/><N who="1" m="30752" /><U2/><N who="1" m="31008" /><U62/><E2/><V126/><F1/><T135/><D113/><U122/><N who="1" m="31264" /><U79/><E107/><V80/><F110/><T114/><D114/><U53/><E132/><N who="0" m="50761" /><D77/><U117/><E117/><V100/><F100/><T34/><D34/><U65/><E131/><V115/><F115/><T67/><D43/><U91/><E127/><V108/><F108/><T93/><D51/><U94/><E79/><V38/><F38/><T61/><D67/><U33/><E33/><V119/><F119/><T106/><D106/><U89/><E39/><V82/><F129/><T57/><AGARI ba="1,0" hai="57,61,64,69,71,93,95,96,98,101,102" m="50761" machi="57" ten="30,1000,0" yaku="20,1" doraHai="105" who="0" fromWho="0" sc="370,12,340,-6,340,-6,0,0" /><INIT seed="0,2,0,0,2,121" ten="382,334,334,0" oya="0" hai0="78,68,120,127,104,80,105,53,32,55,95,81,85" hai1="111,49,3,99,46,96,128,91,134,76,54,102,83" hai2="40,77,126,74,70,33,34,52,39,94,107,132,51" hai3="" shuffle="mt19937ar,4BD876FC,9F6ACF65,E0346637,3B281D7E,7E4A63A4,65D3F6CF,6D0F3B45,033EC361"/><T103/><N who="0" m="30752" /><T86/><D68/><U116/><E116/><V36/><F107/><T65/><D65/><U58/><E3/><V112/><F70/><T67/><D67/><U42/><E134/><V60/><F112/><T93/><D32/><U72/><E128/><V109/><F126/><T98/><D127/><U63/><E91/><V133/><F94/><T62/><D62/><U69/><E69/><V129/><F60/><T79/><D53/><U92/><REACH who="1" step="1"/><E99/><REACH who="1" step="2"/><V122/><F133/><T41/><D41/><U88/><E88/><V73/><F132/><T66/><D66/><U1/><E1/><V118/><F129/><T119/><D119/><U108/><AGARI ba="2,1" hai="42,46,49,54,58,63,72,76,83,92,96,102,108,111" machi="108" ten="30,6000,1" yaku="1,1,0,1,52,2,53,1" doraHai="121" doraHaiUra="50" who="1" fromWho="1" sc="382,-42,324,74,334,-22,0,0" /><INIT seed="1,0,0,2,0,2" ten="340,398,312,0" oya="1" hai0="1,56,48,82,104,120,97,124,117,63,75,52,110" hai1="100,122,37,115,92,89,102,105,44,38,116,57,94" hai2="73,123,72,83,64,71,49,39,128,43,35,40,99" hai3="" shuffle="mt19937ar,9E0075F8,9442B370,9401C5D2,5878F239,70E85C54,327266EE,5DAEDF3F,5B13D726"/><U32/><N who="1" m="31264" /><U69/><E32/><V109/><N who="2" m="31520" /><V42/><F39/><T61/><N who="0" m="30752" /><T45/><D1/><U86/><E69/><V46/><F109/><T132/><D110/><U50/><E116/><V133/><F133/><T101/><D132/><U76/><E76/><V34/><F128/><T135/><D135/><U47/><E115/><V112/><F112/><T51/><D124/><U81/><E57/><V129/><F129/><T55/><REACH who="0" step="1"/><D117/><REACH who="0" step="2"/><U93/><E102/><V90/><F35/><T66/><D66/><U70/><E100/><V79/><F34/><T80/><D80/><U130/><E130/><V33/><F64/><T85/><D85/><U126/><E86/><V113/><F33/><T119/><D119/><U91/><E81/><V114/><F113/><T106/><D106/><U41/><E105/><V98/><F114/><T54/><D54/><U59/><E126/><V96/><F83/><T53/><D53/><U0/><E0/><V118/><F118/><T68/><D68/><U77/><E70/><V74/><F71/><T127/><D127/><U125/><E125/><V36/><F72/><T78/><AGARI ba="0,1" hai="45,48,51,52,55,56,61,63,75,78,82,97,101,104" m="30752" machi="78" ten="30,5900,0" yaku="1,1,0,1,52,1,54,1,53,0" doraHai="2" doraHaiUra="60" who="0" fromWho="0" sc="330,69,398,-39,312,-20,0,0" /><INIT seed="2,0,0,0,1,53" ten="399,359,292,0" oya="2" hai0="118,119,35,133,62,92,58,75,121,87,120,82,103" hai1="36,117,124,111,66,104,59,37,132,99,102,47,45" hai2="63,113,97,74,34,96,123,79,46,94,43,105,33" hai3="" shuffle="mt19937ar,BAA19DBC,DDE55728,E8FE7B23,6669F155,AFFBE356,D82C581C,EE2B04B9,31AF339E"/><V100/><N who="2" m="31520" /><V72/><F113/><T39/><N who="0" m="30752" /><T3/><N who="0" m="31008" /><T95/><D35/><U64/><E117/><V90/><F63/><T38/><D3/><U41/><E111/><V125/><F125/><T85/><D133/><U108/><E124/><V91/><F91/><T114/><D114/><U81/><E132/><V65/><F65/><T78/><D75/><U61/><E108/><V93/><F105/><T110/><D110/><U115/><E115/><V88/><F100/><T54/><D95/><U101/><E101/><V106/><F106/><T51/><D87/><U2/><E2/><V130/><F130/><T48/><D48/><U52/><E81/><V122/><N who="2" m="31264" /><V1/><F1/><T126/><D126/><U131/><E131/><V73/><F79/><T98/><D119/><U89/><E89/><V76/><F76/><T56/><REACH who="0" step="1"/><D118/><REACH who="0" step="2"/><U55/><E36/><AGARI ba="0,1" hai="33,34,36,43,46,72,73,74,88,90,93,94,96,97" m="31264,31520" machi="36" ten="40,12000,1" yaku="9,1,52,2,54,1" doraHai="53" who="2" fromWho="1" sc="389,0,359,-120,292,130,0,0" /><INIT seed="2,1,0,3,3,59" ten="389,239,422,0" oya="2" hai0="40,33,81,109,126,103,54,113,34,62,130,56,92" hai1="131,69,105,118,70,35,66,63,61,104,97,132,3" hai2="52,55,82,90,101,88,116,45,108,75,71,39,127" hai3="" shuffle="mt19937ar,6D06157F,A4A42B1C,5D9D8A77,243C202A,F25736D8,F8FC8889,BC6D0EEA,B6A08D20"/><V93/><F71/><T91/><D113/><U107/><E3/><V95/><F116/><T121/><N who="0" m="31008" /><T125/><D130/><U78/><E35/><V124/><F101/><T60/><D109/><U79/><E118/><V65/><F65/><T119/><D40/><U111/><E131/><V46/><F108/><T135/><D119/><U129/><E111/><V38/><F82/><T80/><D103/><U106/><E129/><V51/><F51/><T83/><D135/><U114/><E114/><V47/><F47/><T43/><D43/><U94/><E132/><V128/><F128/><T123/><N who="0" m="31520" /><T32/><REACH who="0" step="1"/><D60/><REACH who="0" step="2"/><U122/><N who="1" m="31264" /><U134/><N who="1" m="26624" /><DORA hai="44" /><U115/><E134/><V74/><AGARI ba="1,1" hai="38,39,45,46,52,55,74,75,88,90,93,95,124,127" machi="74" ten="25,8000,1" yaku="0,1,22,2,54,2" doraHai="59,44" who="2" fromWho="2" sc="379,-41,239,-41,422,92,0,0" /><INIT seed="2,2,0,0,0,132" ten="338,198,514,0" oya="2" hai0="34,49,85,112,70,93,100,51,55,3,32,62,52" hai1="79,102,92,88,66,129,80,122,46,89,35,130,56" hai2="2,84,110,47,99,120,61,39,124,60,119,121,74" hai3="" shuffle="mt19937ar,E0618E9F,333049A7,6DD380C3,225482CB,F45FB652,8EC10CB8,C4D1F94A,89DCFC16"/><V63/><N who="2" m="30752" /><V96/><N who="2" m="31008" /><V1/><F74/><T65/><D3/><U111/><N who="1" m="31264" /><U131/><E111/><V114/><F119/><T83/><D112/><U73/><E35/><V75/><F75/><T91/><D100/><U87/><E46/><V104/><F114/><T36/><D36/><U43/><E43/><V123/><N who="2" m="31520" /><V90/><F110/><T115/><D115/><U128/><N who="1" m="32768" /><DORA hai="72" /><U109/><E109/><V48/><F39/><T113/><D113/><U108/><E108/><V68/><F68/><T67/><D67/><U69/><E69/><V106/><F124/><T82/><D82/><U71/><E71/><V78/><F78/><T64/><D64/><U53/><E66/><V86/><F106/><T59/><REACH who="0" step="1"/><D83/><REACH who="0" step="2"/><U107/><E107/><V57/><F104/><T117/><D117/><U37/><E37/><V41/><F2/><T116/><D116/><U95/><E102/><V125/><F1/><T105/><D105/><U101/><E101/><V118/><F118/><T76/><D76/><U81/><REACH who="1" step="1"/><E89/><REACH who="1" step="2"/><V134/><F90/><T33/><D33/><U98/><E98/><V77/><F96/><T133/><D133/><U44/><E44/><AGARI ba="2,2" hai="32,34,44,49,51,52,55,59,62,65,70,85,91,93" machi="44" ten="30,3900,0" yaku="1,1,7,1,54,1,53,0" doraHai="132,72" doraHaiUra="135,103" who="0" fromWho="1" sc="328,63,188,-43,514,0,0,0" /><INIT seed="4,0,0,2,4,76" ten="391,145,514,0" oya="0" hai0="135,133,56,100,123,122,53,132,97,121,73,3,69" hai1="117,65,43,102,106,118,61,85,35,68,104,0,47" hai2="50,66,80,94,2,33,86,55,58,75,37,40,88" hai3="" shuffle="mt19937ar,8973847E,A7C8A43D,C0DD3D55,A131A054,B53838E3,EDB4F7A4,630242EA,0F32BD9F"/><T42/><N who="0" m="31008" /><T95/><N who="0" m="31264" /><T134/><N who="0" m="31520" /><T67/><N who="0" m="33792" /><DORA hai="84" /><T32/><D3/><U48/><E0/><V34/><F2/><T72/><D32/><U81/><E35/><V45/><REACH who="2" step="1"/><F66/><REACH who="2" step="2"/><T110/><D110/><U89/><REACH who="1" step="1"/><E102/><REACH who="1" step="2"/><V71/><F71/><T83/><D69/><U54/><E54/><V108/><F108/><T105/><D67/><U39/><E39/><V119/><F119/><AGARI ba="0,2" hai="43,47,48,61,65,68,81,85,89,104,106,117,118,119" machi="119" ten="40,8000,1" yaku="1,1,52,2,53,1" doraHai="76,84" doraHaiUra="129,87" who="1" fromWho="2" sc="391,0,135,100,504,-80,0,0" /><INIT seed="5,0,0,2,5,91" ten="391,235,424,0" oya="1" hai0="121,94,109,98,43,135,44,59,33,51,71,2,74" hai1="97,118,130,132,81,3,133,72,75,76,57,49,102" hai2="105,119,36,60,41,37,104,82,62,45,122,1,87" hai3="" shuffle="mt19937ar,182028D0,C1240DDF,97B30648,A440FCF0,0864A261,1F306ECC,14D61444,89C624C9"/><U35/><E35/><V50/><N who="2" m="31264" /><V73/><F1/><T89/><N who="0" m="31008" /><T86/><D71/><U67/><E3/><V107/><F73/><T61/><D74/><U127/><E75/><V128/><F128/><T101/><D135/><N who="1" m="51787" /><E118/><V123/><N who="2" m="31520" /><V42/><F119/><T58/><D109/><U117/><E117/><V111/><F111/><T96/><D33/><U84/><E130/><V103/><F103/><T77/><D2/><U129/><E129/><V68/><F68/><T106/><D77/><U88/><E127/><V100/><F100/><T65/><REACH who="0" step="1"/><D59/><REACH who="0" step="2"/><U115/><E115/><V99/><F99/><AGARI ba="0,1" hai="43,44,51,58,61,65,86,89,94,96,98,99,101,106" m="31008" machi="99" ten="40,8000,1" yaku="1,1,2,1,52,2,53,0" doraHai="91" doraHaiUra="113" who="0" fromWho="2" sc="381,90,235,0,424,-80,0,0" /><INIT seed="6,0,0,3,2,127" ten="471,235,344,0" oya="2" hai0="93,41,57,112,87,34,80,110,89,40,86,66,32" hai1="131,130,132,0,121,119,94,99,78,83,118,64,3" hai2="51,84,53,43,124,65,68,113,71,104,96,95,48" hai3="" shuffle="mt19937ar,41AAFD12,5DCB2DE5,E5B1DAB0,BB193769,48184371,4FA7ED26,66D2D816,9446D407"/><V101/><F113/><T59/><D110/><U135/><N who="1" m="31008" /><U67/><E94/><V90/><F124/><T107/><D107/><U39/><E39/><V1/><F1/><N who="1" m="585" /><E99/><V46/><REACH who="2" step="1"/><F65/><REACH who="2" step="2"/><N who="1" m="25161" /><E83/><V70/><F70/><T123/><N who="0" m="31520" /><T134/><D112/><U82/><E82/><V58/><AGARI ba="0,1" hai="43,46,48,51,53,58,68,71,84,90,95,96,101,104" machi="58" ten="20,8000,1" yaku="1,1,0,1,7,1,53,2" doraHai="127" doraHaiUra="47" who="2" fromWho="2" sc="471,-40,235,-40,334,90,0,0" /><INIT seed="6,1,0,3,2,39" ten="431,195,424,0" oya="2" hai0="82,65,70,130,79,86,2,87,81,40,124,0,119" hai1="57,59,114,135,3,85,52,121,129,74,35,117,91" hai2="75,73,96,116,131,1,69,55,54,89,72,63,108" hai3="" shuffle="mt19937ar,B686C91E,E2AEAA21,5D874B8B,62ACB92A,C7106837,BCBB9379,3B9FD86C,AA70D121"/><V101/><F1/><T97/><D119/><U120/><N who="1" m="30752" /><U51/><N who="1" m="31008" /><U43/><E35/><V127/><F116/><T33/><D33/><U32/><E74/><V47/><F131/><T53/><D130/><U50/><E117/><V132/><F132/><T92/><D124/><U80/><E129/><V60/><F127/><T42/><D53/><U103/><E135/><V104/><F108/><T110/><D110/><U68/><E68/><V88/><F69/><T84/><D70/><U118/><E118/><V115/><F115/><T41/><D65/><U71/><E71/><V102/><F102/><T78/><D86/><U64/><E114/><V66/><F66/><T105/><D105/><U46/><E32/><V58/><F47/><T94/><D94/><U111/><E111/><V38/><F38/><T37/><D37/><U95/><E3/><V100/><F100/><AGARI ba="1,0" hai="0,2,40,41,42,78,79,81,82,84,87,92,97,100" machi="100" ten="40,8000,1" yaku="9,1,52,3" doraHai="39" who="0" fromWho="2" sc="431,82,195,0,424,-82,0,0" owari="513,46,195,-40,342,-6,0,0" /></mjloggm>