<mjloggm ver="2.3"><GO type="225"/><UN n0="%6B%6F%67%65%70%61%6E" n1="%E3%83%81%E3%83%A3%E3%82%AA%E3%83%AA" n2="%41%6D%41" n3="%74%63%61%30%30" dan="16,17,16,16" rate="2074,2169,2037,2041" sx="M,M,M,M"/><TAIKYOKU oya="0"/><INIT seed="0,0,0,3,4,70" ten="250,250,250,250" oya="0" hai0="61,8,0,124,12,60,59,75,25,111,57,58,51" hai1="97,87,99,120,13,93,109,17,42,95,11,85,1" hai2="62,29,78,100,3,44,133,50,38,121,94,56,7" hai3="40,53,76,14,104,4,88,36,26,96,63,82,91" shuffle="mt19937ar,F044F28E,84C8560F,26D7F139,7556D192,1C31F502,2FC0D25A,1B533D78,2C83B967"/><T37/><D75/><U86/><E120/><V131/><F121/><W77/><G26/><T83/><D0/><U30/><E1/><V132/><F131/><W9/><G77/><T15/><D124/><U89/><E109/><V128/><F128/><W108/><G108/><T68/><D111/><U101/><E42/><V33/><F78/><W23/><G23/><T107/><D107/><U49/><E49/><V127/><F127/><W41/><G41/><T27/><D68/><U2/><E2/><V102/><F33/><W43/><G43/><T90/><D37/><U64/><E64/><N who="2" m="38983" /><F29/><AGARI ba="0,0" hai="11,13,17,29,30,85,86,87,89,93,95,97,99,101" machi="29" ten="40,1300,0" yaku="8,1" doraHai="70" who="1" fromWho="2" sc="250,0,250,13,250,-13,250,0" /><INIT seed="1,0,0,3,0,66" ten="250,263,237,250" oya="1" hai0="62,98,126,7,113,112,10,121,115,83,128,116,11" hai1="53,124,71,65,84,32,33,6,47,90,68,59,96" hai2="24,127,31,109,36,39,13,17,85,131,88,114,103" hai3="57,48,76,135,74,110,118,81,35,29,99,70,82" shuffle="mt19937ar,770B653D,89E4A955,2C42860D,5016837B,AA9858FB,1B3BF05A,42BF89A0,643AF1E3"/><U92/><E124/><V50/><F127/><W0/><G0/><T117/><D126/><U14/><E47/><V19/><F109/><W120/><G120/><T1/><D121/><U91/><E65/><V15/><F131/><W78/><G110/><T75/><D128/><U72/><E72/><V54/><F114/><W95/><G118/><T73/><D62/><U2/><E2/><V23/><F103/><W100/><G70/><T130/><D130/><U69/><E14/><N who="2" m="5131" /><F36/><W58/><G135/><T122/><D122/><U79/><E79/><V37/><F37/><W64/><G64/><T27/><D11/><U89/><E6/><V60/><F60/><W61/><G61/><T44/><D75/><U105/><E90/><V16/><F39/><W41/><G29/><T5/><D5/><U77/><E77/><V97/><F97/><W134/><G35/><T132/><D98/><U49/><REACH who="1" step="1"/><E105/><REACH who="1" step="2"/><V102/><F102/><W56/><G134/><T3/><D132/><U87/><E87/><V25/><F85/><W125/><G125/><T40/><D1/><U133/><E133/><V26/><F88/><W45/><G58/><AGARI ba="0,1" hai="16,17,19,23,24,25,26,31,50,54,58" m="5131" machi="58" ten="30,2000,0" yaku="8,1,54,1" doraHai="66" who="2" fromWho="3" sc="250,0,253,0,237,30,250,-20" /><INIT seed="2,0,0,1,0,28" ten="250,253,267,230" oya="2" hai0="46,53,31,96,83,107,127,39,4,102,105,69,66" hai1="3,11,45,76,44,109,12,25,58,97,6,1,128" hai2="29,104,134,78,19,99,47,131,115,74,130,95,61" hai3="79,120,72,38,17,94,110,64,32,0,34,108,35" shuffle="mt19937ar,52468E84,149875A8,B90BDD42,505BE2A6,D6F18214,0047D161,084AAD2B,CE4FD314"/><V111/><F115/><W84/><G38/><T48/><D127/><U23/><E109/><N who="3" m="42090" /><G0/><T60/><D39/><U135/><E135/><V117/><F117/><W103/><G72/><T122/><D122/><U49/><E128/><N who="2" m="49195" /><F111/><W10/><G120/><T75/><D4/><U36/><E36/><V62/><F134/><W126/><G126/><T77/><REACH who="0" step="1"/><D31/><REACH who="0" step="2"/><U65/><E6/><V30/><F29/><W51/><G17/><T15/><D15/><U113/><E12/><V13/><F30/><W91/><G10/><T80/><D80/><U52/><E3/><V87/><F13/><W27/><G27/><T59/><D59/><U57/><E1/><V132/><F19/><W21/><G21/><T129/><D129/><U40/><E23/><V81/><F81/><N who="3" m="47167" /><G103/><T41/><D41/><U73/><E25/><V14/><F14/><W100/><G100/><T116/><D116/><U70/><E40/><V82/><F82/><W90/><G64/><T37/><D37/><U88/><E65/><V16/><F16/><W89/><G51/><T7/><D7/><U43/><E49/><V33/><F47/><W67/><G67/><T112/><D112/><U9/><E45/><V26/><F26/><W118/><G118/><T85/><D85/><AGARI ba="0,1" hai="32,34,35,85,89,90,91,94" m="47167,42090" machi="85" ten="40,8000,1" yaku="14,1,52,3" doraHai="28" who="3" fromWho="0" sc="240,-80,253,0,267,0,230,90" /><INIT seed="3,0,0,2,0,99" ten="160,253,267,320" oya="3" hai0="129,95,103,16,54,37,78,128,132,86,102,134,125" hai1="32,116,58,64,75,51,77,23,61,106,63,113,49" hai2="120,80,24,117,70,66,111,34,22,101,123,90,85" hai3="41,59,67,88,98,94,109,118,0,25,82,55,107" shuffle="mt19937ar,4F0B99AD,914FC453,DC89A044,6C34B614,1128747B,C76CCCCE,AC1AF0B7,B50358F0"/><W21/><G0/><T52/><D37/><U8/><E32/><V72/><F117/><W47/><G67/><T53/><D125/><U12/><E113/><V5/><F34/><W69/><G69/><T135/><D16/><U40/><E116/><V11/><F72/><W104/><G82/><N who="0" m="47447" /><D95/><U133/><E133/><N who="0" m="34049" /><T60/><DORA hai="30" /><D60/><U79/><E106/><V71/><F66/><W122/><G109/><T31/><D31/><U29/><E63/><V3/><F111/><W33/><G33/><T6/><D6/><N who="1" m="3095" /><E75/><V81/><F81/><W91/><G91/><T10/><D10/><U100/><E40/><V73/><F73/><W76/><G76/><N who="1" m="29258" /><E51/><V1/><F71/><W19/><G118/><T119/><D119/><U74/><E49/><V68/><F70/><W56/><G104/><T44/><D44/><U9/><E9/><V130/><F68/><W115/><G107/><T43/><D43/><U89/><E74/><V45/><F45/><W62/><G47/><T57/><D57/><U15/><E89/><V131/><F3/><W13/><G41/><T50/><D50/><U65/><E65/><V48/><F48/><W114/><G59/><T18/><D18/><N who="1" m="10719" /><E29/><N who="2" m="17559" /><F120/><W36/><G122/><T17/><D17/><U7/><E7/><V112/><F123/><W20/><G36/><T38/><D38/><U4/><E4/><V2/><F2/><W108/><G108/><T83/><D83/><U97/><E97/><V96/><F112/><W26/><G115/><T42/><D42/><U14/><E14/><V39/><F39/><W87/><G114/><T121/><D121/><RYUUKYOKU ba="0,0" sc="160,10,253,10,267,10,320,-30" hai0="52,53,54,102,103,128,129" hai1="58,61,64,100" hai2="1,5,11,80,85,90,96,101,130,131" /><INIT seed="4,1,0,4,0,28" ten="170,263,277,290" oya="0" hai0="107,30,52,124,0,91,110,123,82,21,3,43,81" hai1="77,96,13,29,119,92,33,11,135,26,61,25,126" hai2="90,83,46,50,94,17,130,115,89,4,85,87,128" hai3="56,48,105,74,10,71,22,59,121,108,51,76,19" shuffle="mt19937ar,43E3F209,1EBE3840,C65DF86F,44637AFA,62CA3FD9,1C3DE9F9,B5A7BDC6,0C8E6E28"/><T12/><D123/><U106/><E106/><V127/><F127/><W65/><G71/><T131/><D124/><U58/><E126/><V8/><F115/><W38/><G38/><T2/><D107/><U101/><E119/><V1/><REACH who="2" step="1"/><F17/><REACH who="2" step="2"/><W79/><G19/><T88/><D131/><U113/><E113/><V99/><F99/><W37/><G108/><T41/><D110/><U57/><E135/><V69/><F69/><W100/><G121/><T5/><D5/><N who="1" m="3311" /><E33/><V6/><F6/><W49/><G105/><T15/><D30/><U97/><E29/><V64/><F64/><W45/><G65/><T75/><D2/><U102/><E77/><V31/><F31/><W104/><G76/><T24/><D75/><U133/><E133/><V7/><F7/><W93/><G79/><T122/><D122/><U134/><E134/><V27/><F27/><N who="1" m="10249" /><E61/><V72/><F72/><W98/><G74/><T16/><D24/><U47/><E47/><V95/><F95/><W63/><G104/><T40/><D3/><U78/><E78/><V32/><F32/><W70/><G63/><T129/><D0/><U66/><E66/><V39/><F39/><W44/><G37/><T116/><D129/><U114/><E114/><V125/><F125/><W117/><G70/><T120/><D116/><U55/><E55/><AGARI ba="1,1" hai="1,4,8,46,50,55,83,85,87,89,90,94,128,130" machi="55" ten="40,2600,0" yaku="1,1,53,1" doraHai="28" doraHaiUra="42" who="2" fromWho="1" sc="170,0,263,-29,267,39,290,0" owari="170,-23,234,-12,306,31,290,4" /></mjloggm>