<mjloggm ver="2.3"><GO type="225"/><UN n0="%E6%A1%9C%E4%BA%95%E3%82%A2%E3%82%BD%E3%82%B3" n1="%E3%81%9A%E3%81%86" n2="%E9%9B%81%E7%BA%8F" n3="%E3%82%88%E3%81%A3%E3%81%A1" dan="16,16,16,16" rate="2066,2018,2041,2069" sx="M,M,M,M"/><TAIKYOKU oya="0"/><INIT seed="0,0,0,0,1,134" ten="250,250,250,250" oya="0" hai0="126,49,7,45,78,94,62,69,32,76,101,1,81" hai1="133,51,102,112,80,16,56,24,6,41,60,135,17" hai2="117,19,116,40,37,110,124,36,92,8,61,127,44" hai3="103,123,66,87,74,120,86,58,47,4,53,131,96" shuffle="mt19937ar,5ACF8EFD,B15810AE,365FDAA8,9ADB2EF1,10CF7119,662D7244,9DED062C,445576B6"/><T108/><D32/><U42/><E112/><V20/><F110/><W75/><G74/><T33/><D33/><U93/><E6/><V77/><F77/><W71/><G75/><T70/><D108/><U26/><E80/><V13/><F37/><W23/><G4/><T3/><D78/><U55/><E102/><V72/><F72/><W85/><G23/><T22/><D81/><U89/><E133/><V88/><F61/><W113/><G113/><T25/><D76/><U118/><E118/><N who="2" m="45675" /><F20/><W99/><G47/><T43/><D69/><U67/><E135/><V97/><AGARI ba="0,0" hai="8,13,19,36,40,44,88,92,97,124,127" m="45675" machi="97" ten="30,7900,0" yaku="12,1,52,2,54,1" doraHai="134" who="2" fromWho="2" sc="250,-39,250,-20,250,79,250,-20" /><INIT seed="1,0,0,5,2,92" ten="211,230,329,230" oya="1" hai0="29,95,3,101,89,41,7,24,85,82,135,64,13" hai1="53,40,109,115,96,133,60,31,105,78,73,11,98" hai2="38,126,21,87,52,67,50,88,74,68,5,106,55" hai3="16,86,58,75,77,18,20,108,122,61,8,14,57" shuffle="mt19937ar,0E7867D1,39569E93,5143A5B4,924BC987,A5BCD48B,CB0B5EC6,C28A712E,14589844"/><U113/><E133/><V65/><F74/><W72/><G122/><T128/><D3/><U1/><E109/><V120/><F120/><W81/><G108/><T59/><D128/><U127/><E127/><V19/><F126/><W125/><G125/><T46/><D135/><U35/><E40/><V111/><F111/><W12/><REACH who="3" step="1"/><G58/><REACH who="3" step="2"/><T39/><D59/><U10/><E113/><V116/><F116/><W51/><G51/><T130/><D130/><U103/><E115/><V9/><F38/><W54/><AGARI ba="0,1" hai="8,12,14,16,18,20,54,57,61,72,75,77,81,86" machi="54" ten="20,5200,0" yaku="1,1,0,1,7,1,54,1,53,0" doraHai="92" doraHaiUra="93" who="3" fromWho="3" sc="211,-13,230,-26,329,-13,220,62" /><INIT seed="2,0,0,4,4,46" ten="198,204,316,282" oya="2" hai0="12,72,34,84,0,114,32,122,25,111,49,94,80" hai1="92,87,113,130,52,112,96,81,75,29,47,4,43" hai2="31,39,66,55,97,73,100,37,70,18,57,85,119" hai3="17,23,63,91,5,53,2,107,109,127,115,76,104" shuffle="mt19937ar,83189E52,1E083405,A90DFD15,55ECE8AC,B953C0AB,47C26B64,314F9977,5AF60ED6"/><V33/><F73/><W128/><G76/><T90/><D0/><U89/><E130/><V36/><F119/><W68/><G5/><T24/><D122/><U58/><E75/><V64/><F70/><W65/><G2/><T117/><D114/><U93/><E4/><V125/><F125/><W98/><G115/><T14/><D117/><U44/><E29/><V60/><F18/><W116/><G116/><T22/><D111/><U16/><E47/><V71/><F85/><W129/><G109/><T42/><D34/><U69/><E69/><V7/><F7/><W61/><G127/><T106/><D106/><U105/><E105/><V27/><F66/><W110/><G110/><T126/><D126/><U74/><E74/><V50/><F39/><W134/><G134/><T8/><D32/><U20/><E44/><V120/><F120/><W108/><G108/><T41/><D49/><N who="1" m="30991" /><E43/><N who="0" m="16393" /><D72/><U45/><E45/><V131/><F131/><N who="3" m="50251" /><G53/><T99/><D8/><U79/><E112/><V101/><F101/><W82/><G63/><T56/><D56/><U77/><E113/><V118/><F118/><W51/><G104/><AGARI ba="0,0" hai="27,31,33,36,37,50,55,57,60,64,71,97,100,104" machi="104" ten="30,11600,0" yaku="7,1,25,2,52,1" doraHai="46" who="2" fromWho="3" sc="198,0,204,0,316,116,282,-116" /><INIT seed="2,1,0,5,5,51" ten="198,204,432,166" oya="2" hai0="93,28,79,111,67,30,127,122,7,31,103,108,76" hai1="94,13,132,43,48,128,106,37,120,39,15,16,107" hai2="80,41,44,19,70,109,95,61,65,71,63,0,14" hai3="87,27,116,126,24,118,56,97,124,88,81,135,77" shuffle="mt19937ar,B436BDB8,61F7AD9B,1C09E9CD,6D7DAC94,9785A51B,39492CF1,A01D914A,676954F9"/><V26/><F0/><W78/><G56/><T55/><D122/><U85/><E120/><V33/><F109/><N who="0" m="42058" /><D127/><N who="3" m="48681" /><G24/><T32/><D32/><U134/><E128/><V2/><F2/><W6/><G6/><T115/><D115/><U29/><E29/><V42/><F26/><W58/><G27/><T113/><D113/><U119/><E15/><V12/><F33/><W9/><G9/><T101/><D7/><U40/><E119/><N who="3" m="45610" /><G58/><T8/><D8/><N who="1" m="6183" /><E94/><V49/><F95/><N who="3" m="56551" /><G135/><N who="1" m="51754" /><E85/><V23/><F12/><W66/><G66/><T47/><D67/><U102/><E106/><V11/><F11/><W105/><G105/><T82/><D31/><U57/><E40/><V117/><F117/><W36/><G36/><T10/><D30/><U92/><E107/><V110/><F110/><W73/><G73/><T53/><D28/><U100/><E43/><V59/><F42/><W35/><G35/><T4/><D4/><U112/><E39/><V45/><F71/><W84/><G84/><T5/><D5/><U62/><E37/><V130/><F70/><W74/><G74/><T1/><D10/><U46/><E57/><V89/><F45/><W3/><G3/><T104/><D1/><U125/><E112/><V69/><F69/><W114/><G114/><T131/><D47/><U17/><E46/><V90/><F63/><W75/><G75/><T52/><D104/><U129/><E62/><V21/><F21/><W133/><G133/><T22/><D22/><U83/><E125/><V96/><F44/><W34/><G34/><T68/><D68/><U54/><E17/><V20/><F41/><RYUUKYOKU ba="1,0" sc="198,-10,204,-10,432,-10,166,30" hai3="77,78,81,87" /><INIT seed="3,2,0,3,5,44" ten="188,194,422,196" oya="3" hai0="99,25,12,123,23,62,97,37,93,121,73,22,101" hai1="39,95,69,128,21,85,54,134,1,17,129,66,114" hai2="53,96,90,15,24,29,110,94,130,27,16,109,58" hai3="108,67,63,38,88,118,49,40,7,0,132,127,42" shuffle="mt19937ar,98A898B6,30EFEF43,7DB03042,3508A78F,4D40988B,249601E2,D835038B,70B853C4"/><W3/><G38/><T33/><D73/><U91/><E114/><V131/><F53/><W32/><G118/><T60/><D37/><U35/><E35/><N who="2" m="20903" /><F27/><W86/><G32/><T61/><D33/><U92/><E134/><V112/><F58/><W52/><G132/><T122/><D25/><N who="1" m="14511" /><E1/><V51/><F51/><W70/><G127/><T82/><D82/><N who="1" m="49591" /><E39/><V46/><F46/><W50/><G108/><N who="2" m="41577" /><F112/><W74/><G74/><T64/><D64/><U77/><E54/><V34/><F34/><W117/><G7/><T75/><D75/><U14/><E77/><V107/><F107/><W68/><G68/><T83/><D83/><U8/><E66/><V56/><F56/><W115/><G115/><T71/><D71/><U78/><E78/><V105/><F105/><W65/><G65/><T79/><D79/><U48/><E48/><V98/><F98/><W120/><G120/><T45/><D45/><U106/><E106/><V59/><F59/><N who="3" m="33175" /><G42/><T30/><D30/><U10/><E69/><V80/><F80/><N who="3" m="49223" /><G117/><T13/><REACH who="0" step="1"/><D99/><REACH who="0" step="2"/><U100/><E128/><V135/><F135/><W11/><G40/><T76/><D76/><U87/><E129/><V111/><F111/><W20/><G70/><T81/><D81/><U133/><E133/><V5/><F5/><W116/><G67/><T57/><D57/><U125/><E125/><V2/><F2/><W26/><G116/><T84/><D84/><U103/><E87/><V47/><F47/><W43/><G43/><T9/><D9/><AGARI ba="2,1" hai="9,15,16,90,94,96,130,131" m="41577,20903" machi="9" ten="30,2000,0" yaku="14,1,54,1" doraHai="44" who="2" fromWho="0" sc="178,-26,194,0,422,36,196,0" owari="152,-25,194,-16,458,46,196,-5" /></mjloggm>