<mjloggm ver="2.3"><GO type="225"/><UN n0="%45%56%41%4E%53%49%55" n1="%EF%BC%88%EF%BC%8A%EF%BC%9E%EF%BC%9C%EF%BC%89" n2="%23%37%34%E5%A4%A7%E6%B2%BB%E9%83%8E" n3="%6B%6F%67%65%70%61%6E" dan="16,17,16,16" rate="2071,2185,2062,2079" sx="M,F,M,M"/><TAIKYOKU oya="0"/><INIT seed="0,0,0,0,2,19" ten="250,250,250,250" oya="0" hai0="99,119,102,46,10,85,13,75,38,88,24,7,122" hai1="39,91,0,21,52,117,134,17,61,73,129,97,22" hai2="96,32,55,100,130,15,107,37,115,36,8,133,111" hai3="28,56,64,87,50,113,68,120,48,67,98,110,60" shuffle="mt19937ar,A6D2923E,5C564E07,EBE0A3E1,2BBD795A,94ED810F,CC10EED7,F6993743,4909587E"/><T57/><D119/><U35/><E35/><V31/><F115/><W128/><G113/><T11/><D122/><U20/><E73/><V92/><F133/><W25/><G120/><T84/><D75/><U63/><E39/><V126/><F126/><W1/><G1/><T4/><D38/><U62/><E0/><V45/><F45/><W109/><G128/><T14/><D46/><U77/><E77/><V82/><F130/><W106/><G87/><T9/><D9/><U131/><E117/><V51/><F111/><N who="3" m="42507" /><G67/><T30/><D57/><N who="1" m="34983" /><E134/><V65/><F65/><W3/><G3/><T66/><D66/><U105/><E105/><V83/><F107/><W127/><G127/><T103/><D99/><U12/><E131/><V71/><F71/><W27/><G68/><T2/><D85/><U54/><E129/><V59/><F37/><W118/><G118/><T80/><REACH who="0" step="1"/><D2/><REACH who="0" step="2"/><U95/><E63/><V47/><F36/><W33/><G98/><T58/><D58/><AGARI ba="0,1" hai="12,17,20,21,22,54,58,62,91,95,97" m="34983" machi="58" ten="30,8000,1" yaku="8,1,52,3,54,1" doraHai="19" who="1" fromWho="0" sc="240,-80,250,90,250,0,250,0" /><INIT seed="1,0,0,3,0,61" ten="160,340,250,250" oya="1" hai0="65,90,86,4,19,52,81,111,104,60,55,92,132" hai1="13,2,71,23,98,41,77,11,80,95,8,37,108" hai2="57,28,32,75,115,40,43,133,34,131,6,42,67" hai3="72,83,62,64,125,26,12,130,106,0,44,10,117" shuffle="mt19937ar,A5F8C71D,82D3145B,2AA8F59E,EE48820A,0F512A26,D4F574FD,A2B1E78D,E1C801FC"/><U31/><E71/><V120/><F120/><W7/><G106/><T24/><D104/><U96/><E41/><V97/><F75/><W16/><G125/><T119/><D119/><U87/><E37/><V76/><F76/><W100/><G100/><T30/><D111/><U9/><E2/><V66/><F133/><W38/><G117/><T36/><D36/><U45/><E45/><V112/><F131/><W21/><G130/><T135/><D4/><U101/><E108/><V82/><F82/><W105/><G105/><T107/><D107/><U74/><E96/><V63/><F97/><W124/><G124/><T91/><D19/><N who="1" m="10735" /><E74/><V27/><F6/><W70/><G72/><T88/><D91/><U15/><E31/><V114/><F32/><W17/><G83/><T116/><D116/><U89/><E89/><V113/><N who="2" m="28672" /><DORA hai="79" /><V128/><F128/><W54/><G38/><T68/><D132/><U35/><E35/><V5/><F5/><AGARI ba="0,0" hai="5,8,9,11,15,77,80,87,95,98,101" m="10735" machi="5" ten="30,2900,0" yaku="8,1,52,1" doraHai="61,79" who="1" fromWho="2" sc="160,0,340,29,250,-29,250,0" /><INIT seed="1,1,0,3,1,55" ten="160,369,221,250" oya="1" hai0="72,40,8,93,113,108,80,89,62,134,98,29,64" hai1="83,119,48,90,33,70,65,112,13,1,60,9,15" hai2="68,26,0,105,58,114,100,125,95,127,44,92,76" hai3="69,82,71,85,121,22,51,96,132,103,28,30,3" shuffle="mt19937ar,F730D952,D4CBE358,052D2098,05295A38,AC04FCBF,78A32E37,08CDD3E4,7343AC2A"/><U124/><E33/><V126/><F68/><W14/><G3/><T18/><D113/><U91/><E119/><V23/><F114/><W2/><G2/><T57/><D108/><U31/><E112/><V99/><F0/><W130/><G121/><T122/><D122/><U34/><E48/><V46/><F76/><W52/><G130/><T101/><D134/><U6/><E124/><V135/><F135/><W133/><G132/><T21/><D40/><U118/><E118/><V56/><F105/><W75/><G75/><T107/><D8/><U88/><E31/><N who="2" m="17887" /><F95/><N who="3" m="58783" /><G69/><T81/><D72/><U78/><REACH who="1" step="1"/><E34/><REACH who="1" step="2"/><V110/><F110/><W49/><G30/><T5/><D29/><U24/><E24/><V59/><AGARI ba="1,1" hai="44,46,56,58,59,92,99,100,125,126,127" m="17887" machi="59" ten="40,8000,1" yaku="18,1,52,3" doraHai="55" who="2" fromWho="2" sc="160,-21,359,-41,221,93,250,-21" /><INIT seed="2,0,0,1,4,63" ten="139,318,314,229" oya="2" hai0="60,37,26,59,15,42,8,71,82,62,39,107,74" hai1="129,102,111,66,130,58,75,131,48,84,30,45,1" hai2="36,31,20,21,54,32,90,100,112,103,22,41,86" hai3="95,57,51,113,44,92,114,55,125,81,133,89,93" shuffle="mt19937ar,F59906A5,648B4977,4AA70490,94974BDC,34F7998C,6C8C4DA4,63934192,CEAA51B3"/><V128/><F112/><N who="3" m="43115" /><G125/><T70/><D107/><U109/><E75/><V12/><F128/><W19/><G133/><T110/><D110/><N who="1" m="41995" /><E1/><V99/><F32/><W7/><G7/><T106/><D106/><U27/><E102/><N who="2" m="38955" /><F36/><W35/><G35/><T47/><D26/><U122/><E122/><V69/><F69/><N who="0" m="26122" /><D82/><U16/><E84/><V87/><F31/><W116/><G116/><T121/><D8/><U72/><E72/><V23/><F41/><W120/><G120/><T108/><D15/><U135/><E135/><V79/><F79/><W91/><G81/><T33/><D33/><U43/><E30/><V65/><F65/><W38/><G19/><T50/><D74/><U76/><E76/><V127/><F127/><W124/><G124/><T98/><D98/><U4/><E4/><V3/><F3/><W115/><N who="3" m="43123" /><W97/><DORA hai="119" /><G97/><T117/><D108/><U13/><E27/><V134/><F134/><W53/><G38/><N who="0" m="14347" /><D117/><U9/><E130/><V73/><F73/><W2/><G2/><T61/><D121/><U85/><E85/><V11/><N who="2" m="5120" /><DORA hai="126" /><V67/><F99/><W94/><N who="3" m="23552" /><DORA hai="6" /><W88/><G91/><T18/><D18/><U105/><E105/><V132/><F132/><W5/><G5/><T77/><D77/><U56/><E131/><V40/><F90/><W52/><G55/><AGARI ba="0,0" hai="42,47,50,55,59,60,61,62" m="14347,26122" machi="55" ten="30,8000,1" yaku="35,5" doraHai="63,119,126,6" who="0" fromWho="3" sc="139,80,318,0,314,0,229,-80" /><INIT seed="3,0,0,4,4,46" ten="219,318,314,149" oya="3" hai0="0,20,12,60,93,62,26,56,90,103,1,102,17" hai1="63,41,25,58,30,91,126,106,3,99,47,111,107" hai2="89,28,131,14,115,22,51,54,95,96,135,84,29" hai3="36,83,37,6,40,79,5,122,67,112,11,92,100" shuffle="mt19937ar,583F65EB,EB136EF1,B90CF565,8E4891DB,6DD236A1,D2E1170F,F93DE67B,B84DDE86"/><W86/><G112/><T61/><D0/><U108/><E3/><V98/><F115/><W124/><G122/><T117/><D1/><U33/><E126/><V24/><F135/><W65/><G124/><T133/><D117/><U27/><E27/><V97/><F131/><W49/><G37/><T71/><D71/><U109/><E91/><V101/><F14/><N who="3" m="5487" /><G36/><T132/><D26/><U39/><E99/><V75/><F75/><W44/><G6/><T53/><D133/><U21/><E33/><V81/><F28/><W48/><G48/><T82/><D82/><U114/><E114/><V119/><F119/><W104/><G104/><T16/><D17/><U42/><E42/><V64/><F64/><AGARI ba="0,0" hai="21,25,30,39,41,47,58,63,64,106,107,108,109,111" machi="64" ten="40,1300,0" yaku="14,1" doraHai="46" who="1" fromWho="2" sc="219,0,318,13,314,-13,149,0" owari="219,-13,331,33,301,5,149,-25" /></mjloggm>