<mjloggm ver="2.3"><GO type="225"/><UN n0="%74%63%61%30%30" n1="%E3%81%B6%E3%81%A3%E3%81%A8%E3%81%B3%E4%BE%8D" n2="%73%69%64%65" n3="%E6%9C%80%E9%80%9F%E3%82%AF%E3%83%B3%E2%99%AA" dan="16,16,17,16" rate="2038,2074,2101,2076" sx="M,M,M,M"/><TAIKYOKU oya="0"/><INIT seed="0,0,0,3,3,83" ten="250,250,250,250" oya="0" hai0="4,7,124,134,100,19,33,63,84,96,101,24,92" hai1="70,97,34,66,114,30,73,38,64,5,46,74,29" hai2="55,90,20,16,116,91,121,81,31,119,12,61,93" hai3="131,37,89,56,130,120,135,80,13,58,49,40,62" shuffle="mt19937ar,C156D94F,DD3F7DB6,D2ED34C8,7260AAA0,C5867E5F,0294DDF5,5CE36DAB,AEA18923"/><T75/><D75/><U9/><E114/><V41/><F121/><W0/><G0/><T87/><D134/><U3/><E97/><V17/><F41/><W60/><G13/><T47/><D124/><U25/><E30/><V22/><F31/><W88/><G37/><T108/><D108/><U21/><E66/><V39/><F39/><W115/><G115/><T45/><D33/><U128/><E128/><V67/><F55/><W98/><G135/><T109/><D109/><U112/><E112/><V104/><F104/><W126/><G126/><T2/><D2/><U42/><E21/><V28/><F28/><W51/><G80/><T76/><D76/><U72/><REACH who="1" step="1"/><E64/><REACH who="1" step="2"/><V68/><F22/><W44/><G98/><T94/><D96/><U86/><E86/><V23/><F20/><W107/><G120/><T77/><D77/><U123/><E123/><V27/><F23/><W71/><G130/><T78/><D78/><U103/><E103/><V35/><F67/><W1/><G131/><T43/><D24/><U8/><E8/><V65/><F65/><W26/><G26/><T102/><D102/><U106/><E106/><V95/><F27/><W79/><G79/><T52/><D43/><U99/><E99/><V105/><F105/><W85/><G107/><T36/><D36/><U125/><E125/><V133/><F133/><W32/><G40/><T110/><D110/><U113/><E113/><V18/><F119/><W122/><G122/><T127/><D127/><U57/><E57/><V54/><F116/><W129/><G129/><T14/><D101/><U15/><E15/><RYUUKYOKU ba="0,1" sc="250,-10,240,30,250,-10,250,-10" hai1="3,5,9,25,29,34,38,42,46,70,72,73,74" /><INIT seed="1,1,1,4,1,74" ten="240,270,240,240" oya="1" hai0="69,104,19,78,83,20,102,58,76,90,10,91,13" hai1="1,14,16,51,56,128,73,101,89,121,35,95,68" hai2="6,40,49,71,135,133,36,64,29,67,130,9,87" hai3="107,32,0,31,2,48,92,38,100,116,113,5,46" shuffle="mt19937ar,1853A05C,97426C0F,8560D2AA,4ACEEA5E,E2E91F88,8A01000F,A9E9058F,432D9F0E"/><U119/><E119/><V57/><F29/><W23/><G113/><T34/><D34/><U65/><E121/><V26/><F26/><W106/><G32/><T94/><D69/><U110/><E1/><V79/><F36/><W27/><G38/><T114/><D104/><U17/><E35/><V41/><F71/><W24/><G0/><T43/><D43/><N who="2" m="16458" /><F130/><W21/><G116/><T39/><D39/><U28/><E28/><V117/><F117/><W47/><G2/><T112/><D102/><U108/><E101/><V122/><F122/><W59/><G5/><N who="0" m="3279" /><D114/><U127/><E73/><V75/><F75/><W62/><G107/><T33/><D33/><U93/><E128/><V99/><F99/><N who="3" m="59495" /><G48/><T111/><D58/><U50/><E68/><V22/><F22/><W96/><G96/><N who="0" m="57431" /><D112/><U25/><E51/><V63/><F49/><W44/><G106/><T86/><D111/><U42/><E50/><V52/><F135/><W11/><G11/><T120/><D120/><U123/><E123/><V54/><F133/><W8/><G8/><T53/><D53/><U129/><E42/><V109/><F54/><N who="3" m="34167" /><G47/><T72/><D72/><U132/><E129/><V105/><F105/><W60/><G60/><T126/><D126/><U98/><E127/><V115/><F115/><W97/><G97/><T3/><D3/><U131/><E132/><V77/><F63/><W45/><G46/><T134/><D134/><U30/><E131/><V88/><F57/><W80/><G80/><T85/><D85/><U12/><E56/><V70/><F70/><W118/><G118/><T55/><D55/><RYUUKYOKU ba="1,1" sc="240,15,270,-15,240,-15,240,15" hai0="19,20,76,78,83,86,91" hai3="21,23,24,27,31,44,45" /><INIT seed="2,2,1,3,4,111" ten="255,255,225,255" oya="2" hai0="106,69,23,44,19,45,35,66,120,32,2,70,96" hai1="130,104,88,134,51,37,30,123,74,124,68,52,101" hai2="40,31,85,62,6,36,75,60,128,63,112,46,21" hai3="4,49,91,115,39,77,54,11,93,8,126,82,81" shuffle="mt19937ar,C6ACF1F1,D1D6EF9E,6D729A9D,C85D7BBA,55E236D2,076425A9,4544981C,1119BAED"/><V28/><F75/><W98/><G126/><T129/><D2/><U14/><E37/><V92/><F128/><W122/><G39/><T22/><D66/><U131/><E124/><V107/><F107/><W55/><G122/><T114/><D96/><N who="1" m="61479" /><E68/><V16/><F6/><W38/><G38/><T3/><D3/><U135/><E74/><V99/><F85/><N who="3" m="48303" /><G115/><T9/><D106/><U110/><E110/><V78/><F78/><W118/><G118/><T61/><D9/><N who="3" m="3657" /><G4/><T79/><D79/><U18/><E30/><V80/><F80/><W59/><G82/><T132/><D129/><N who="1" m="49163" /><E123/><V109/><F109/><W27/><G55/><T42/><D120/><U95/><E18/><V103/><REACH who="2" step="1"/><F112/><REACH who="2" step="2"/><W72/><G72/><T97/><D114/><U76/><E76/><V127/><F127/><W26/><AGARI ba="2,2" hai="26,27,49,54,59,91,93,98" m="3657,48303" machi="26" ten="30,1100,0" yaku="8,1" doraHai="111" who="3" fromWho="3" sc="255,-5,255,-5,215,-7,255,37" /><INIT seed="3,0,0,4,4,59" ten="250,250,208,292" oya="3" hai0="20,6,17,132,130,109,93,107,108,43,31,7,49" hai1="32,14,13,5,69,30,21,11,46,39,104,80,97" hai2="77,9,1,37,34,135,110,8,28,61,10,99,87" hai3="115,2,101,102,63,118,15,25,123,126,105,88,124" shuffle="mt19937ar,186EE05D,5134148C,113B5CBF,FCD77412,CD28426D,C8A0EA3B,053228E0,5C3E54C3"/><W71/><G115/><T44/><D107/><U119/><E69/><V42/><F110/><N who="0" m="42602" /><D132/><U65/><E65/><V57/><F135/><W60/><G118/><T40/><D130/><U23/><E119/><V58/><F58/><W103/><G123/><T0/><D31/><U86/><E39/><V38/><F1/><W129/><G2/><T134/><D134/><U19/><E46/><V51/><F99/><W12/><G105/><T66/><D66/><U29/><E104/><V18/><F18/><W128/><G25/><N who="0" m="14479" /><D0/><U54/><E32/><V64/><F51/><W36/><G36/><T41/><D93/><U113/><E113/><V45/><F38/><W50/><G50/><T98/><D98/><U24/><E30/><V125/><F125/><N who="3" m="48235" /><G88/><T62/><D62/><N who="3" m="23593" /><G71/><T68/><D68/><U72/><E97/><V111/><F111/><W27/><G27/><T3/><D3/><U78/><REACH who="1" step="1"/><E54/><AGARI ba="0,0" hai="6,7,40,41,43,44,49,54" m="14479,42602" machi="54" ten="30,1000,0" yaku="14,1" doraHai="59" who="0" fromWho="1" sc="250,10,250,-10,208,0,292,0" /><INIT seed="4,0,0,5,5,6" ten="260,240,208,292" oya="0" hai0="131,119,103,106,118,100,17,66,135,50,24,31,78" hai1="70,4,11,38,36,19,89,43,37,23,124,21,92" hai2="75,114,133,88,105,20,14,34,10,71,76,94,12" hai3="39,7,53,134,125,45,120,3,26,77,0,59,121" shuffle="mt19937ar,3EC18011,19613523,89A6F58D,F907C951,D5440D8D,E44F0CE6,47CDD23B,2D1851BC"/><T91/><D78/><U84/><E70/><V74/><F34/><W128/><G134/><T130/><D135/><U102/><E124/><V32/><F32/><W52/><G125/><T98/><D66/><U93/><E43/><V127/><F105/><W107/><G107/><T90/><D17/><U112/><E112/><V27/><F133/><W60/><G128/><N who="0" m="49195" /><D50/><U33/><E33/><V44/><F71/><W116/><G116/><N who="0" m="44587" /><D100/><U72/><E72/><V83/><F75/><W58/><G77/><T68/><D68/><U108/><E108/><V126/><F44/><W132/><G132/><T57/><D57/><U16/><E19/><V48/><F48/><N who="3" m="30983" /><G26/><T82/><D82/><U129/><E129/><V8/><F114/><W104/><G104/><T122/><D122/><N who="3" m="47209" /><G7/><T69/><D69/><U55/><E4/><V30/><F127/><W51/><G39/><T85/><D85/><U65/><E65/><AGARI ba="0,0" hai="0,3,45,51,53,59,60,65" m="47209,30983" machi="65" ten="30,2000,0" yaku="13,1,54,1" doraHai="6" who="3" fromWho="1" sc="260,0,240,-20,208,0,292,20" owari="260,1,220,-13,208,-19,312,31" /></mjloggm>