<mjloggm ver="2.3"><GO type="225"/><UN n0="%E3%83%9B%E3%83%A2%E3%83%8F%E3%83%A0" n1="%E5%B1%B1%E5%B9%B8%E5%95%86%E5%BA%97" n2="%E2%98%85%E3%83%A6%E3%83%94%E3%83%86%E3%83%AB%E2%98%85" n3="%E9%9B%AA%E5%9B%BD%E8%82%B2%E3%81%A1" dan="16,17,17,17" rate="2060,2179,2075,2137" sx="M,M,M,M"/><TAIKYOKU oya="0"/><INIT seed="0,0,0,2,4,45" ten="250,250,250,250" oya="0" hai0="52,18,124,95,9,88,50,100,91,10,23,81,72" hai1="129,24,65,118,73,135,119,82,55,69,11,64,26" hai2="37,3,130,103,120,104,99,19,28,40,125,113,112" hai3="105,116,98,15,49,34,31,29,63,128,5,32,74" shuffle="mt19937ar,9B307419,975F2453,7D75A434,6282A7AB,ED67868D,77AB383A,AC9D1F37,4410FC4D"/><T114/><D124/><U57/><E11/><N who="0" m="4105" /><D72/><U36/><E36/><V48/><F125/><W21/><G5/><T94/><D114/><U41/><E41/><V39/><F120/><W133/><G74/><T111/><D111/><U54/><E82/><V46/><F3/><W123/><G116/><T86/><D91/><U66/><E73/><V96/><F130/><W51/><G128/><T35/><D100/><U84/><E129/><V89/><F28/><W62/><G133/><T60/><D60/><N who="3" m="23081" /><G105/><T107/><D35/><U106/><E106/><V102/><F89/><W126/><G32/><T83/><D95/><U109/><E84/><V80/><F80/><W71/><G71/><T131/><D107/><U134/><E109/><V68/><F68/><W56/><G34/><T78/><D78/><U20/><E69/><V70/><F70/><W0/><G0/><T30/><D30/><N who="3" m="11273" /><G56/><N who="0" m="32791" /><D131/><U58/><E66/><V76/><F76/><W17/><G126/><T53/><D53/><U93/><E93/><V61/><F61/><W6/><G123/><T122/><D122/><U110/><E110/><V16/><F113/><W38/><G38/><T13/><AGARI ba="0,0" hai="13,18,23,81,83,86,88,94" m="32791,4105" machi="13" ten="30,12000,1" yaku="25,1,8,1,52,1,54,2" doraHai="45" who="0" fromWho="0" sc="250,120,250,-40,250,-40,250,-40" /><INIT seed="0,1,0,2,1,46" ten="370,210,210,210" oya="0" hai0="60,118,111,29,3,25,41,27,31,2,32,8,38" hai1="17,87,30,94,93,124,6,43,71,64,95,99,104" hai2="59,82,0,101,127,55,28,75,48,116,14,73,70" hai3="15,106,47,103,50,74,83,39,56,96,131,90,44" shuffle="mt19937ar,C754BCF4,6A4E224B,21317F66,575F24F4,F4C755C0,ED00C114,10BEE067,23370919"/><T13/><D38/><U100/><E43/><V110/><F70/><W98/><G131/><T108/><D41/><U120/><E6/><V113/><F0/><W40/><G56/><T129/><D60/><U109/><E120/><V112/><F110/><N who="0" m="42026" /><D129/><U91/><E109/><V85/><F127/><W78/><G15/><T63/><D63/><U21/><E30/><V53/><F28/><W1/><G1/><T134/><D134/><U16/><E124/><V107/><F116/><W69/><G69/><T68/><D68/><U54/><E64/><V133/><F133/><W126/><G126/><T86/><D86/><U18/><E71/><V76/><F14/><W49/><REACH who="3" step="1"/><G44/><REACH who="3" step="2"/><T105/><D118/><U92/><REACH who="1" step="1"/><E54/><REACH who="1" step="2"/><V37/><F53/><W51/><G51/><T117/><D117/><U67/><E67/><V125/><F125/><W58/><G58/><T5/><D105/><U42/><E42/><V130/><F130/><W81/><G81/><T7/><D7/><U23/><AGARI ba="1,2" hai="16,17,18,21,23,87,91,92,93,94,95,99,100,104" machi="23" ten="40,12000,2" yaku="1,1,0,1,54,1,53,4" doraHai="46" doraHaiUra="89" who="1" fromWho="1" sc="370,-61,200,143,210,-31,200,-31" /><INIT seed="1,0,0,0,3,52" ten="309,343,179,169" oya="1" hai0="5,73,16,18,131,2,113,119,85,87,72,1,24" hai1="98,100,111,53,31,51,93,38,132,90,106,45,66" hai2="37,99,92,94,129,22,126,13,65,81,39,32,125" hai3="46,14,71,28,110,54,33,89,40,88,60,69,12" shuffle="mt19937ar,7B713E67,8F2908F0,A7A45404,617CCA38,A7F1D56C,4E954C06,ADD1528F,889CB54A"/><U19/><E132/><V123/><F32/><W75/><G75/><T133/><D133/><U27/><E66/><V57/><F123/><W104/><G110/><T0/><D113/><U101/><E111/><V48/><F129/><W61/><G104/><T127/><D127/><N who="2" m="48650" /><F81/><W58/><G33/><T41/><D41/><U80/><E80/><V107/><F107/><W35/><G35/><T95/><D131/><U63/><E63/><N who="2" m="38127" /><F48/><N who="3" m="26695" /><G28/><T17/><D119/><U97/><E38/><N who="2" m="14347" /><F99/><W105/><G71/><T29/><D5/><U116/><E116/><V36/><N who="2" m="14355" /><V91/><DORA hai="135" /><F91/><N who="3" m="34891" /><G69/><T56/><D95/><U47/><E90/><V11/><F22/><W74/><G74/><T114/><D114/><U15/><E98/><V43/><F43/><W122/><G105/><T96/><D96/><U9/><E106/><V64/><F64/><N who="3" m="38935" /><G122/><T120/><D120/><U21/><E101/><V109/><F109/><W112/><G112/><T23/><D72/><U68/><E68/><V67/><F67/><W50/><G61/><T25/><D73/><U62/><E62/><V78/><F78/><W4/><G4/><AGARI ba="0,0" hai="4,11,13,92,94" m="14355,38127,48650" machi="4" ten="40,8000,1" yaku="18,1,52,4" doraHai="52,135" who="2" fromWho="3" sc="309,0,343,0,179,80,169,-80" /><INIT seed="2,0,0,5,5,111" ten="309,343,259,89" oya="2" hai0="68,40,9,59,43,112,93,12,42,90,14,24,80" hai1="115,98,85,31,44,132,109,48,20,55,41,72,39" hai2="74,73,104,18,88,33,122,76,89,4,97,113,133" hai3="82,126,25,35,5,125,95,123,15,53,127,52,121" shuffle="mt19937ar,AD7DBB90,A9AEB84A,08AFAD68,A37ABA74,6D2976AD,4EA2F1B5,5855F076,1EF88D14"/><V102/><F122/><W70/><G70/><T87/><D68/><U32/><E72/><V57/><F33/><W7/><G95/><T56/><D112/><U69/><E115/><V124/><F113/><W45/><G82/><T21/><D80/><U50/><E69/><V47/><F124/><W26/><G45/><T117/><D117/><U79/><E32/><V46/><F133/><W105/><G105/><T51/><D51/><U62/><E132/><V8/><F18/><W77/><G77/><T110/><D110/><U128/><E98/><V91/><F57/><N who="0" m="22090" /><D9/><U30/><E109/><V135/><F135/><W34/><G125/><T83/><D83/><N who="1" m="47359" /><E39/><V54/><F76/><W1/><REACH who="3" step="1"/><G15/><REACH who="3" step="2"/><T108/><D108/><U114/><E114/><V63/><F47/><W107/><G107/><T10/><D10/><U29/><E44/><V65/><F46/><W38/><G38/><T19/><AGARI ba="0,1" hai="12,14,19,21,24,40,42,43,87,90,93" m="22090" machi="19" ten="30,1100,0" yaku="8,1" doraHai="111" who="0" fromWho="0" sc="309,21,343,-3,259,-5,79,-3" /><INIT seed="3,0,0,5,3,9" ten="330,340,254,76" oya="3" hai0="56,57,18,26,49,58,62,19,97,25,60,88,13" hai1="87,75,100,121,68,105,39,117,4,38,84,48,104" hai2="28,131,64,102,79,50,76,95,129,46,63,43,101" hai3="70,74,72,94,14,73,124,106,55,120,111,29,53" shuffle="mt19937ar,9D6E6B77,6FE0E690,807E1556,7EF0B4F0,BCD327A4,7140A79A,063AE56A,9F85F745"/><W132/><G120/><T133/><D133/><U42/><E121/><V118/><F118/><W110/><G124/><T12/><D49/><U89/><E68/><V44/><F28/><W122/><G106/><T113/><D113/><U11/><E75/><V10/><F10/><W123/><G132/><T126/><D126/><U134/><E134/><V127/><F127/><W20/><G70/><T52/><D19/><U65/><E65/><V6/><F6/><W45/><G29/><T98/><D13/><U31/><E31/><V69/><F44/><W135/><G135/><T125/><D125/><U107/><E100/><V109/><F109/><N who="3" m="41483" /><G94/><N who="0" m="56519" /><D98/><U8/><E117/><V16/><F95/><W86/><G86/><T54/><D58/><U37/><E4/><V7/><F7/><W92/><G92/><T27/><D27/><U21/><E21/><AGARI ba="0,0" hai="12,18,21,25,26,52,54,56,57,60,62" m="56519" machi="21" ten="30,7700,0" yaku="8,1,52,1,54,2" doraHai="9" who="0" fromWho="1" sc="330,77,340,-77,254,0,76,0" owari="407,41,263,1,254,-10,76,-32" /></mjloggm>