<mjloggm ver="2.3"><GO type="185"/><UN n0="%E5%8D%81%E5%85%AD%E5%A4%9C%E2%80%A0%E5%92%B2%E5%A4%9C" n1="%EF%BC%BC%28%EF%BC%BE%6F%EF%BC%BE%29%EF%BC%8F%E2%98%85" n2="%E4%BF%8A%E3%81%93%E3%82%8D" n3="" dan="16,17,16,0" rate="2185,2140,2090,1500" sx="F,M,M,C"/><TAIKYOKU oya="0"/><INIT seed="0,0,0,5,5,49" ten="350,350,350,0" oya="0" hai0="128,83,102,100,41,101,135,84,116,131,130,89,45" hai1="88,75,127,105,62,64,108,99,42,97,76,1,98" hai2="87,55,94,68,126,103,124,123,48,53,121,92,61" hai3="" shuffle="mt19937ar,1572A8E8,AF10E764,88B942B7,23D0331B,F81DD5C8,B990D95F,C8DAC7DD,6AB087BA"/><T133/><REACH who="0" step="1"/><D116/><REACH who="0" step="2"/><U52/><E1/><V71/><N who="2" m="31008" /><V111/><N who="2" m="31520" /><V65/><F111/><T57/><D57/><U63/><E108/><V34/><F71/><T38/><AGARI ba="0,1" hai="38,41,45,83,84,89,100,101,102,128,130,131,133,135" machi="38" ten="40,8000,1" yaku="21,2,0,1,19,1,53,1" doraHai="49" doraHaiUra="78" who="0" fromWho="0" sc="340,90,350,-40,350,-40,0,0" /><INIT seed="0,1,0,0,3,83" ten="430,310,310,0" oya="0" hai0="55,110,54,107,48,102,72,100,92,65,80,37,66" hai1="63,59,87,52,2,97,121,46,70,50,44,89,94" hai2="40,93,108,130,134,132,35,67,41,73,47,88,128" hai3="" shuffle="mt19937ar,C5452D8C,47B7B20D,8B6529DC,7E740C71,246BD13D,831842B3,53FD062E,77E4ED55"/><T81/><D107/><U75/><N who="1" m="31008" /><U69/><E2/><V38/><F35/><T42/><D110/><U95/><E75/><V117/><F117/><T78/><D37/><U32/><E32/><V120/><N who="2" m="30752" /><V112/><F112/><T118/><D118/><U86/><E46/><V124/><F108/><T43/><D55/><U57/><E57/><V135/><F73/><T84/><D66/><U105/><E105/><V103/><F103/><T91/><D65/><U76/><E76/><V125/><F41/><T106/><D81/><U104/><E104/><V64/><F88/><T68/><D68/><U127/><E127/><N who="2" m="48715" /><F93/><T133/><D133/><U98/><E70/><V96/><F96/><T115/><D115/><U85/><E69/><V77/><F77/><T3/><D3/><U113/><E113/><V114/><F114/><T109/><D109/><U58/><E63/><V0/><F0/><T36/><D106/><U71/><E71/><V49/><F38/><T53/><D36/><U34/><E34/><V101/><F101/><AGARI ba="1,0" hai="44,50,52,58,59,85,86,87,89,94,95,97,98,101" m="31008" machi="101" ten="40,12000,2" yaku="8,1,52,4,54,1" doraHai="83" who="1" fromWho="2" sc="430,0,310,122,310,-122,0,0" /><INIT seed="1,0,0,3,4,71" ten="430,432,188,0" oya="1" hai0="111,42,87,102,115,109,94,83,53,68,89,2,98" hai1="55,134,86,0,77,85,95,112,113,90,32,105,57" hai2="38,99,119,96,101,100,106,124,127,135,84,35,59" hai3="" shuffle="mt19937ar,607F128C,46E8C4BE,E749EA1A,870FBC63,16665C7B,14291E9A,3EBAE90D,C733B2AA"/><U66/><E32/><V33/><F119/><T82/><D68/><U91/><E0/><V69/><F69/><T46/><D2/><U70/><E105/><V47/><F135/><T97/><D115/><U133/><E77/><V110/><F110/><T125/><D53/><U117/><E70/><V44/><F59/><T50/><D125/><U107/><E107/><V120/><N who="2" m="30752" /><V51/><F51/><T92/><REACH who="0" step="1"/><D83/><REACH who="0" step="2"/><U54/><E117/><V131/><F131/><T103/><AGARI ba="0,1" hai="42,46,50,82,87,89,92,94,97,98,102,103,109,111" machi="103" ten="30,5900,0" yaku="1,1,2,1,0,1,9,1,53,0" doraHai="71" doraHaiUra="73" who="0" fromWho="0" sc="420,69,432,-39,188,-20,0,0" /><INIT seed="2,0,0,0,4,85" ten="489,393,168,0" oya="2" hai0="83,58,52,53,49,34,78,66,57,82,71,91,110" hai1="45,33,76,55,1,124,51,114,84,79,90,105,63" hai2="89,46,80,32,130,125,118,107,2,104,61,60,65" hai3="" shuffle="mt19937ar,B23B1C22,12D4A11C,129E14C6,6DD5A279,C5A6D2D4,1583E884,683AE21A,FC03713E"/><V95/><F2/><T39/><D34/><U112/><E33/><V115/><F32/><T123/><N who="0" m="31520" /><T93/><D39/><U68/><E1/><V48/><F118/><T127/><D110/><U92/><E105/><V135/><F115/><T74/><D127/><U77/><E124/><V98/><F125/><T41/><D41/><U129/><E129/><V106/><F130/><T132/><D132/><U0/><E0/><V121/><N who="2" m="31008" /><V44/><F135/><T64/><D83/><U94/><E68/><V117/><F117/><T122/><N who="0" m="31264" /><T3/><D71/><U36/><E36/><V86/><F44/><T88/><D3/><U59/><REACH who="1" step="1"/><E92/><REACH who="1" step="2"/><V47/><F47/><T108/><D108/><U38/><E38/><V133/><F133/><T109/><D109/><U35/><E35/><V42/><REACH who="2" step="1"/><F65/><AGARI ba="0,1" hai="45,51,55,59,63,65,76,77,79,84,90,94,112,114" machi="65" ten="40,2600,0" yaku="1,1,52,1,53,0" doraHai="85" doraHaiUra="120" who="1" fromWho="2" sc="489,0,383,36,168,-26,0,0" /><INIT seed="4,0,0,0,5,33" ten="489,419,142,0" oya="0" hai0="47,132,85,41,0,119,58,49,63,103,53,128,79" hai1="71,102,59,130,43,74,65,40,115,54,2,124,64" hai2="60,92,82,87,48,56,42,95,120,36,90,121,91" hai3="" shuffle="mt19937ar,4918323B,F4680E0A,022031E2,BA1C0367,B41196AA,09F69D6B,C30F685E,0D0AFAB1"/><T106/><D119/><U127/><E74/><V111/><N who="2" m="30752" /><V62/><N who="2" m="31008" /><V99/><F111/><T105/><D132/><U81/><E81/><V35/><F35/><T88/><D128/><U68/><E102/><V107/><F107/><T44/><D79/><U52/><E2/><V34/><F34/><T94/><D103/><U57/><E115/><V129/><F129/><AGARI ba="0,0" hai="40,43,52,54,57,59,64,65,68,71,124,127,129,130" machi="129" ten="25,12000,2" yaku="22,2,34,3,54,1" doraHai="33" who="1" fromWho="2" sc="489,0,419,120,142,-120,0,0" /><INIT seed="5,0,0,4,3,105" ten="489,539,22,0" oya="1" hai0="2,35,115,129,103,87,123,114,86,98,62,99,36" hai1="83,97,54,95,117,104,116,76,113,91,41,50,110" hai2="38,125,133,51,49,120,109,60,72,64,77,121,34" hai3="" shuffle="mt19937ar,96C326C6,3D076D27,575092D6,4F1D8EC4,AE0B5ED2,F5338816,0F3B9B57,4D5C4D48"/><U44/><E113/><V94/><N who="2" m="30752" /><V132/><N who="2" m="31008" /><V74/><F34/><T63/><N who="0" m="31520" /><T111/><D35/><U48/><E110/><V32/><F32/><T81/><D36/><U66/><E104/><V73/><F109/><T130/><D2/><U68/><E68/><V37/><F125/><T52/><D111/><U78/><E66/><V47/><F77/><T90/><D52/><U58/><REACH who="1" step="1"/><E78/><REACH who="1" step="2"/><V43/><F94/><T39/><D39/><U33/><E33/><V46/><F37/><T80/><D90/><U71/><E71/><V127/><F38/><T55/><D55/><U124/><E124/><V134/><F127/><T3/><D3/><U82/><E82/><V57/><REACH who="2" step="1"/><F43/><REACH who="2" step="2"/><T70/><REACH who="0" step="1"/><D70/><REACH who="0" step="2"/><U108/><E108/><V85/><F85/><AGARI ba="0,3" hai="41,44,48,50,54,58,76,83,85,91,95,97,116,117" machi="85" ten="30,2900,0" yaku="1,1,7,1,53,0" doraHai="105" doraHaiUra="100" who="1" fromWho="2" sc="479,0,529,59,12,-29,0,0" owari="479,8,588,54,-17,-62,0,0" /></mjloggm>