<mjloggm ver="2.3"><GO type="185"/><UN n0="%E3%81%A8%E3%81%84%E3%81%A4%E3%81%BE%E3%81%99%E3%81%9F%E3%81%81%E2%99%AA" n1="%E6%84%9F%E8%AC%9D%E3%81%A7%E3%81%99" n2="%E3%81%B5%E3%81%8F%EF%BC%A3%EF%BD%88%EF%BD%81%EF%BD%8E%E2%99%AA" n3="" dan="16,17,17,0" rate="2137,2196,2146,1500" sx="M,M,F,C"/><TAIKYOKU oya="0"/><INIT seed="0,0,0,1,1,65" ten="350,350,350,0" oya="0" hai0="85,48,41,129,50,70,56,67,62,35,114,57,51" hai1="69,100,130,3,58,105,2,106,38,64,68,99,113" hai2="34,77,71,40,82,49,133,73,86,46,44,55,45" hai3="" shuffle="mt19937ar,4ABF13FE,EE80C535,0E9771B1,F0F711F2,2717A9BE,F5F5892A,6C5F1CC8,BA03A276"/><T84/><D35/><U96/><E38/><V128/><F34/><T76/><D114/><U83/><E113/><V117/><F117/><T87/><D129/><U123/><N who="1" m="31520" /><U53/><E130/><V54/><F128/><T101/><D76/><U126/><E126/><V90/><F133/><T110/><D110/><U98/><E83/><V0/><F0/><T59/><REACH who="0" step="1"/><D101/><REACH who="0" step="2"/><U79/><E79/><V91/><F91/><T94/><D94/><U95/><E95/><V124/><F124/><T72/><D72/><U43/><E100/><V116/><F73/><T97/><D97/><U1/><E43/><AGARI ba="0,1" hai="41,43,48,50,51,56,57,59,62,67,70,84,85,87" machi="43" ten="50,12000,1" yaku="1,1,29,2,52,1,53,0" doraHai="65" doraHaiUra="115" who="0" fromWho="1" sc="340,130,350,-120,350,0,0,0" /><INIT seed="0,1,0,4,0,87" ten="470,230,350,0" oya="0" hai0="45,43,56,85,90,120,122,52,89,55,118,99,69" hai1="57,32,113,80,74,107,72,40,114,71,65,64,49" hai2="0,100,101,112,3,128,133,35,115,95,78,121,38" hai3="" shuffle="mt19937ar,75D92F2A,29F46715,26C0946C,16B0FDC0,C65E8C94,DAE9E41D,63C09D78,D05E796C"/><T104/><N who="0" m="30752" /><T86/><N who="0" m="31264" /><T1/><D69/><U59/><E32/><V54/><N who="2" m="31008" /><V41/><F35/><T105/><D1/><U127/><E107/><V79/><F133/><T135/><D118/><U53/><E127/><V129/><F41/><T117/><D117/><U61/><E80/><V58/><F38/><T84/><D135/><U39/><E74/><V109/><F58/><T51/><D99/><U81/><E81/><V66/><F54/><T124/><D124/><U37/><E72/><V123/><N who="2" m="31520" /><V91/><F66/><T108/><D108/><U96/><E96/><V106/><F106/><T82/><D55/><U62/><E40/><V111/><F95/><T134/><D134/><U110/><E110/><V76/><F76/><T75/><D75/><U116/><E116/><V83/><F83/><T102/><D102/><U97/><E97/><V60/><F60/><T77/><D77/><U126/><E126/><V73/><F73/><T67/><D67/><U131/><E131/><V93/><F93/><T125/><D125/><U44/><E71/><V103/><F103/><T119/><D119/><U50/><E50/><V68/><F68/><T2/><D2/><U34/><E34/><V70/><F70/><RYUUKYOKU ba="1,0" sc="470,-20,230,10,350,10,0,0" hai1="37,39,44,49,53,57,59,61,62,64,65,113,114" hai2="0,3,78,79,91,100,101,109,111,112,115,128,129" /><INIT seed="1,2,0,4,4,37" ten="450,240,360,0" oya="1" hai0="126,135,92,72,48,73,81,79,94,42,1,63,41" hai1="93,106,33,115,100,59,83,75,46,32,129,99,68" hai2="61,91,53,109,114,58,101,76,35,40,130,87,119" hai3="" shuffle="mt19937ar,059CCF0F,3547FB10,AB78869D,8553E8E6,B59C6992,A54326C7,11B325C0,6A0ED8E3"/><U97/><E115/><V70/><F35/><T44/><D1/><U131/><E68/><V110/><F114/><T88/><D73/><U47/><E59/><V108/><F119/><T56/><D135/><U111/><E111/><V71/><F101/><T55/><D126/><U104/><E75/><V120/><N who="2" m="30752" /><V36/><F76/><T86/><D94/><U116/><E83/><V124/><F124/><T107/><D107/><U67/><E67/><AGARI ba="2,0" hai="41,42,44,48,55,56,63,67,72,79,81,86,88,92" machi="67" ten="30,7700,0" yaku="7,1,52,2,54,1" doraHai="37" who="0" fromWho="1" sc="450,81,240,-81,360,0,0,0" /><INIT seed="2,0,0,0,3,58" ten="531,159,360,0" oya="2" hai0="41,131,85,110,68,98,77,53,32,75,108,82,63" hai1="107,49,40,103,80,83,2,125,100,64,109,42,76" hai2="116,1,113,87,60,66,72,43,70,97,135,92,69" hai3="" shuffle="mt19937ar,547A740B,4E914ED6,772ADE43,6DC6A5FD,302229EB,6CC593FB,6D8F3F2C,1D561F27"/><V89/><F72/><T101/><D32/><U134/><E2/><V123/><N who="2" m="31520" /><V119/><F1/><T121/><N who="0" m="31008" /><T35/><D35/><U37/><E37/><V46/><F113/><T124/><D124/><U45/><E125/><V94/><F70/><T57/><D131/><U73/><E40/><V120/><N who="2" m="30752" /><V44/><F44/><T48/><D75/><U65/><E134/><V47/><F47/><T34/><D34/><U99/><E109/><N who="0" m="42089" /><D41/><U111/><E111/><V133/><F133/><T61/><D68/><U96/><REACH who="1" step="1"/><E83/><REACH who="1" step="2"/><V56/><F135/><T84/><D84/><U90/><E90/><V86/><F87/><T55/><D55/><U104/><AGARI ba="0,1" hai="42,45,49,64,65,73,76,80,96,99,100,103,104,107" machi="104" ten="20,3900,0" yaku="1,1,0,1,7,1,9,1,53,0" doraHai="58" doraHaiUra="52" who="1" fromWho="1" sc="531,-13,149,49,360,-26,0,0" /><INIT seed="4,0,0,2,5,52" ten="518,198,334,0" oya="0" hai0="130,48,53,56,112,33,107,98,94,67,119,123,61" hai1="121,78,84,100,63,127,0,132,110,109,99,135,44" hai2="115,134,45,70,3,35,42,59,106,126,129,93,46" hai3="" shuffle="mt19937ar,6C1655BE,BB2F6597,194D037E,FD064FB5,495864CC,8C76E09F,91A426D3,D0B90332"/><T118/><N who="0" m="31520" /><T32/><D107/><U50/><N who="1" m="31008" /><U89/><E0/><V101/><F70/><T131/><D112/><U2/><E78/><V41/><F115/><T34/><D119/><U40/><E2/><V111/><F35/><T122/><N who="0" m="31264" /><T1/><D1/><U72/><E72/><V113/><F106/><T73/><D73/><U57/><E127/><V49/><F113/><T79/><D79/><U117/><E117/><V92/><F3/><T86/><D86/><U90/><E110/><V77/><F134/><N who="1" m="51241" /><E84/><V85/><F126/><T66/><D118/><U83/><E83/><V87/><F77/><T39/><D39/><U116/><E116/><V125/><F125/><T81/><D81/><U60/><E109/><V88/><F111/><T58/><REACH who="0" step="1"/><D67/><REACH who="0" step="2"/><U68/><E90/><AGARI ba="0,1" hai="32,33,34,48,53,56,58,61,66,90,94,98,130,131" m="31264,31520" machi="90" ten="40,24000,3" yaku="1,1,2,1,52,4,53,2" doraHai="52" doraHaiUra="124" who="0" fromWho="1" sc="508,250,198,-240,334,0,0,0" owari="758,71,-42,-64,334,-7,0,0" /></mjloggm>