<mjloggm ver="2.3"><GO type="171"/><UN n0="%E3%81%BF%E3%81%A3%E3%81%A4%E3%81%83%EF%BD%9E" n1="%E6%B7%B1%E9%B3%A5" n2="%41%42%49%4C%49%54%59" n3="%E3%81%91%E3%82%93%E3%81%9F%E3%82%8D%E3%81%86" dan="17,16,17,16" rate="2157,2036,2150,2084" sx="F,M,M,M"/><TAIKYOKU oya="0"/><INIT seed="0,0,0,2,0,64" ten="250,250,250,250" oya="0" hai0="46,103,6,12,56,15,13,89,52,125,72,115,106" hai1="116,92,85,100,9,27,117,131,110,67,25,101,69" hai2="112,14,8,120,65,11,81,60,4,126,86,124,87" hai3="30,58,76,32,10,121,24,68,132,122,20,26,93" shuffle="mt19937ar,B28E5ED6,2026254B,CF42D464,2FEB32F9,78961143,5F5999AE,38F3379B,DB9AD36F"/><T35/><D35/><U134/><E69/><N who="2" m="42151" /><F120/><N who="3" m="46187" /><G132/><T107/><D115/><U113/><E67/><V36/><F36/><W75/><G68/><T118/><D72/><U66/><E66/><V111/><F112/><W3/><G93/><T31/><D31/><U42/><E42/><V48/><F111/><W54/><G76/><T99/><D46/><U83/><E9/><N who="2" m="4391" /><F48/><N who="3" m="31047" /><G75/><T41/><D41/><U70/><E131/><V133/><F133/><W1/><G10/><N who="2" m="3625" /><F81/><W104/><G104/><T16/><D107/><U114/><E92/><V19/><F19/><AGARI ba="0,0" hai="1,3,19,20,24,26,30,32" m="31047,46187" machi="19" ten="30,1000,0" yaku="13,1" doraHai="64" who="3" fromWho="2" sc="250,0,250,0,250,-10,250,10" /><INIT seed="1,0,0,2,0,113" ten="250,250,240,260" oya="1" hai0="95,105,9,115,90,31,88,4,110,72,40,39,57" hai1="134,44,30,80,128,111,0,120,114,56,135,38,87" hai2="47,130,104,63,8,26,20,24,64,29,129,85,81" hai3="132,49,46,35,117,18,89,33,123,59,25,23,82" shuffle="mt19937ar,03DCC4B1,ADF62302,4A6E5B1E,BC6450E3,42D4FBD2,59C61C9A,BC0739FD,11955D80"/><U70/><E114/><V34/><F104/><W66/><G123/><T109/><D105/><U32/><E120/><V107/><F107/><W116/><G132/><T106/><D106/><U45/><E70/><V93/><F93/><W54/><G82/><T52/><D72/><U122/><E122/><V48/><F8/><W6/><G6/><T61/><D31/><U71/><E71/><V96/><F96/><W102/><G102/><T100/><D100/><U76/><E0/><V12/><F12/><W97/><G97/><T15/><D115/><U42/><E128/><V55/><F26/><W112/><G89/><T74/><D74/><U79/><E45/><V19/><F29/><W7/><G7/><T86/><REACH who="0" step="1"/><D90/><REACH who="0" step="2"/><U91/><E111/><V119/><F129/><W83/><G112/><T75/><D75/><U21/><E135/><V67/><F130/><W3/><G3/><T73/><D73/><U103/><E134/><V13/><F34/><W108/><G108/><T124/><D124/><U1/><E103/><V84/><F119/><N who="3" m="45643" /><G83/><T118/><D118/><U5/><E32/><V69/><F81/><W53/><G66/><T2/><D2/><U22/><E1/><V133/><F67/><W98/><G98/><T77/><D77/><U41/><E76/><V62/><F133/><W10/><G10/><T28/><D28/><U68/><E79/><V101/><F101/><W50/><AGARI ba="0,1" hai="18,23,25,33,35,46,49,50,53,54,59" m="45643" machi="50" ten="30,7900,0" yaku="12,1,52,3" doraHai="113" who="3" fromWho="3" sc="240,-20,250,-39,240,-20,260,89" /><INIT seed="2,0,0,3,2,40" ten="220,211,220,349" oya="2" hai0="39,73,97,83,56,32,12,58,76,118,37,22,19" hai1="105,18,135,42,75,27,125,90,54,6,48,41,132" hai2="38,129,106,79,122,126,44,102,133,66,35,30,82" hai3="15,34,46,21,115,134,0,98,113,92,24,8,13" shuffle="mt19937ar,AA367B3E,D2AF7438,54753230,0655A499,93A79989,2E3B33F3,3D17738D,A7C7AC3D"/><V104/><F122/><W89/><G134/><N who="1" m="51242" /><E105/><V78/><F133/><W29/><G46/><T1/><D32/><U100/><E75/><V70/><F79/><W2/><G34/><T9/><D97/><U99/><E125/><V33/><F126/><W112/><REACH who="3" step="1"/><G15/><REACH who="3" step="2"/><T49/><D12/><U67/><E27/><V103/><F35/><W69/><G69/><T94/><D1/><U53/><E41/><V96/><F70/><W88/><G88/><T84/><D39/><U10/><E90/><V81/><F38/><W23/><G23/><T57/><D22/><U14/><E42/><V28/><F33/><W110/><G110/><T120/><D37/><U116/><E116/><V101/><F101/><W121/><G121/><T80/><D118/><U52/><E48/><V128/><F103/><W71/><G71/><T74/><D49/><U25/><E25/><V95/><F106/><W131/><G131/><T59/><D120/><U31/><E31/><V61/><F104/><W85/><G85/><T7/><D74/><U117/><E117/><V91/><F129/><W87/><G87/><T47/><D73/><U62/><E100/><V63/><F102/><W11/><G11/><T111/><D9/><U43/><E99/><V109/><F96/><W124/><G124/><T45/><D84/><U51/><E51/><V5/><F30/><W50/><G50/><T36/><D36/><U77/><E43/><V16/><F28/><W65/><G65/><T114/><D111/><U108/><E108/><V107/><F109/><W3/><G3/><T17/><D47/><U55/><E10/><RYUUKYOKU ba="0,1" sc="220,-10,211,-10,220,-10,339,30" hai3="0,2,8,13,21,24,29,89,92,98,112,113,115" /><INIT seed="3,1,1,2,3,75" ten="210,201,210,369" oya="3" hai0="8,2,26,62,115,130,58,102,22,19,99,38,11" hai1="47,9,76,124,84,109,131,23,28,53,126,51,118" hai2="114,15,87,79,122,70,20,73,4,13,31,113,64" hai3="52,57,93,129,91,125,46,42,119,63,35,108,98" shuffle="mt19937ar,EBE07E7F,2910C4AC,469C2426,E2070CA2,329960A9,09F09525,E4D60113,A781996F"/><W135/><G119/><T0/><D38/><U1/><E118/><V67/><F122/><W68/><G135/><T106/><D115/><U29/><E109/><V121/><F121/><W111/><G129/><T61/><D130/><U101/><E131/><V72/><F70/><W6/><G35/><T104/><D104/><U116/><E116/><V41/><F41/><W96/><G125/><N who="1" m="48234" /><E101/><V107/><F107/><W45/><G6/><T88/><D62/><U92/><E92/><V39/><F39/><W82/><G98/><T30/><D11/><U60/><E60/><V54/><F4/><W117/><G117/><T66/><REACH who="0" step="1"/><D88/><REACH who="0" step="2"/><U65/><E9/><V112/><F114/><W105/><G105/><T110/><D110/><N who="3" m="42025" /><G68/><T55/><D55/><U7/><E65/><V12/><F54/><W95/><G42/><T86/><D86/><U120/><E84/><V134/><F87/><N who="3" m="50679" /><G93/><T59/><D59/><U80/><E120/><V14/><F67/><W32/><G32/><T103/><D103/><AGARI ba="1,2" hai="45,46,52,57,63,95,96,103" m="50679,42025" machi="103" ten="30,2900,0" yaku="14,1,10,1" doraHai="75" who="3" fromWho="0" sc="200,-32,201,0,210,0,369,52" /><INIT seed="3,2,0,4,0,103" ten="168,201,210,421" oya="3" hai0="63,23,12,65,108,133,102,115,132,39,67,82,61" hai1="10,45,32,80,2,52,59,5,87,119,122,9,44" hai2="90,47,11,97,19,135,66,111,68,15,106,14,27" hai3="107,25,37,24,128,110,116,18,58,6,112,40,48" shuffle="mt19937ar,0F9AFDE4,8A6FB3DD,566E0B3A,78E6063E,9E378B94,3D87A7DF,366387C6,B8947F18"/><W3/><G116/><T91/><D39/><U114/><E122/><V56/><F111/><W96/><G112/><T84/><D108/><U86/><E114/><V118/><F118/><W53/><G110/><T51/><D115/><U17/><E32/><V98/><F135/><W22/><G128/><T100/><D51/><U120/><E120/><V75/><F75/><W38/><G40/><T127/><D127/><U79/><E119/><V1/><F1/><W0/><G25/><T83/><D12/><U16/><E10/><V113/><F113/><W72/><G72/><T131/><D23/><U78/><E45/><V4/><F68/><W20/><G20/><T105/><D91/><U69/><E69/><V89/><F47/><W26/><G26/><T125/><D125/><U95/><E44/><V81/><F27/><W77/><G77/><T21/><D21/><U49/><REACH who="1" step="1"/><E95/><REACH who="1" step="2"/><V35/><F35/><W34/><G34/><T99/><D131/><U121/><E121/><V57/><F11/><W36/><REACH who="3" step="1"/><G6/><REACH who="3" step="2"/><T50/><D132/><U31/><E31/><V88/><F4/><W55/><G55/><T43/><D133/><U130/><E130/><V70/><F70/><W29/><G29/><T124/><D124/><U42/><E42/><V33/><F33/><W85/><G85/><T71/><D84/><U93/><E93/><V60/><F57/><W126/><G126/><T54/><D43/><U129/><E129/><V62/><F56/><W92/><G92/><T134/><D134/><U13/><E13/><V7/><F14/><W117/><G117/><T104/><D71/><RYUUKYOKU ba="2,2" sc="168,-15,191,15,210,-15,411,15" hai1="2,5,9,16,17,49,52,59,78,79,80,86,87" hai3="0,3,18,22,24,36,37,38,48,53,58,96,107" /><INIT seed="3,3,2,1,5,7" ten="153,206,195,426" oya="3" hai0="71,40,76,126,32,14,97,73,124,103,62,16,82" hai1="135,86,110,117,128,65,37,107,129,47,34,127,36" hai2="12,25,50,59,54,87,17,21,3,132,31,58,38" hai3="9,27,18,112,72,63,67,0,95,122,106,91,8" shuffle="mt19937ar,5035B5D3,8BF17D93,51793D73,805F0903,A615E3E3,C1F7146E,AC507460,80B7B379"/><W104/><G122/><T105/><D40/><U98/><E86/><V28/><F38/><W39/><G39/><T109/><D32/><U92/><E92/><V20/><F3/><W66/><G112/><T6/><D6/><U108/><E65/><V115/><F115/><W46/><G72/><T61/><D109/><N who="1" m="42091" /><E47/><N who="2" m="27999" /><F132/><W123/><G123/><T131/><D131/><N who="1" m="50251" /><E135/><V43/><F43/><W51/><G67/><T48/><D48/><U11/><E11/><N who="2" m="6303" /><F87/><W120/><G120/><T24/><D24/><AGARI ba="3,2" hai="20,21,24,25,28,31,58,59" m="6303,27999" machi="24" ten="30,2000,0" yaku="8,1,52,1" doraHai="7" who="2" fromWho="0" sc="153,-29,206,0,195,49,426,0" /><INIT seed="4,0,0,0,5,119" ten="124,206,244,426" oya="0" hai0="127,8,51,67,108,118,99,5,95,41,21,116,56" hai1="102,123,7,39,45,44,134,49,135,98,11,43,6" hai2="92,64,57,17,84,96,70,97,103,93,58,13,29" hai3="113,83,101,100,4,121,2,42,16,78,32,33,54" shuffle="mt19937ar,86D27916,EC4DAAD8,29FA406E,FBA8C2C5,801E21C3,1DCBA951,0BBD4B13,B065A328"/><T12/><D127/><U69/><E69/><V52/><F29/><W47/><G121/><T132/><D132/><N who="1" m="50731" /><E123/><V3/><F3/><W63/><G4/><T53/><D108/><U85/><E85/><V0/><F0/><W106/><G2/><T122/><D122/><U79/><E79/><V10/><F84/><W71/><G32/><T48/><D67/><U37/><E11/><V105/><F105/><W120/><G120/><T90/><REACH who="0" step="1"/><D21/><REACH who="0" step="2"/><U59/><E39/><V73/><F64/><N who="3" m="41375" /><G33/><T27/><D27/><U131/><E131/><V114/><F70/><W112/><G112/><T38/><D38/><U14/><E14/><V80/><F114/><W26/><G113/><T109/><D109/><U129/><E129/><V87/><F13/><W23/><G106/><T125/><D125/><U20/><E20/><V91/><F10/><W89/><G101/><T133/><D133/><U126/><E126/><V60/><F103/><W62/><G100/><T115/><D115/><U61/><E37/><V88/><F97/><W117/><G117/><T18/><D18/><U24/><E24/><V55/><F17/><W19/><G19/><T40/><D40/><U9/><E98/><V86/><F96/><W31/><G16/><T76/><D76/><U1/><E102/><V65/><F65/><W15/><G26/><T50/><D50/><U128/><E128/><V81/><F88/><W77/><G77/><T104/><D104/><U30/><E30/><V25/><F91/><W94/><G78/><T110/><D110/><U35/><E35/><V74/><F87/><W75/><G23/><RYUUKYOKU ba="0,1" sc="114,30,206,-10,244,-10,426,-10" hai0="5,8,12,41,48,51,53,56,90,95,99,116,118" /><INIT seed="4,1,1,4,2,84" ten="144,196,234,416" oya="0" hai0="69,74,7,125,24,132,70,87,20,82,0,117,18" hai1="71,100,33,47,19,114,108,85,13,15,52,96,115" hai2="90,131,41,16,77,27,81,48,113,95,5,46,120" hai3="91,1,129,64,40,105,38,60,111,68,127,104,39" shuffle="mt19937ar,CE237810,6CF7D468,4424577C,2BDFD212,CD6BA5DA,819F3EDA,E28DD854,4D7CD3FB"/><T43/><D74/><U94/><E71/><V121/><F113/><N who="1" m="43017" /><E33/><V99/><F131/><W124/><G129/><T14/><D117/><U89/><E108/><V57/><F5/><W80/><G111/><T61/><D132/><U122/><E122/><V97/><F97/><W134/><G134/><T54/><D125/><N who="3" m="48201" /><G1/><T29/><D43/><U17/><E52/><V12/><F27/><W34/><G34/><T110/><D110/><U101/><E47/><V98/><F98/><W55/><G55/><T22/><D54/><U4/><E4/><V83/><F57/><W118/><G118/><T31/><D31/><U112/><N who="1" m="43025" /><U123/><DORA hai="8" /><E123/><V42/><F42/><W30/><G30/><T3/><D7/><U2/><E2/><V72/><REACH who="2" step="1"/><F83/><REACH who="2" step="2"/><W65/><G40/><T109/><D109/><U130/><E130/><V67/><F67/><W79/><G65/><T26/><D26/><U63/><E63/><V9/><AGARI ba="1,2" hai="9,12,16,41,46,48,72,77,81,90,95,99,120,121" machi="9" ten="20,12000,2" yaku="1,1,0,1,7,1,52,2,53,2" doraHai="84,8" doraHaiUra="23,116" who="2" fromWho="2" sc="144,-61,196,-31,224,143,416,-31" /><INIT seed="5,0,0,3,4,123" ten="83,165,367,385" oya="1" hai0="104,77,55,35,86,50,80,29,84,78,94,98,111" hai1="62,8,125,122,76,46,69,82,119,102,53,115,72" hai2="118,85,7,91,99,68,24,116,16,70,71,132,38" hai3="106,66,96,48,124,133,44,13,59,57,135,11,127" shuffle="mt19937ar,0B505D3B,75C51618,FCE7AD68,DBE81062,1BA76211,5C5912AA,AD9A574E,E3C1E87F"/><U112/><E119/><V20/><F132/><N who="3" m="50763" /><G66/><T34/><D104/><U1/><E122/><V129/><F38/><W64/><G106/><T10/><D29/><U81/><E102/><V49/><F129/><W30/><G30/><T92/><D10/><U28/><E28/><V5/><F99/><W134/><G134/><T120/><D120/><U9/><E82/><V65/><F49/><W90/><G90/><T67/><D67/><U60/><E125/><N who="3" m="48202" /><G96/><T83/><D98/><U105/><E105/><V131/><F65/><W15/><G64/><T93/><REACH who="0" step="1"/><D111/><REACH who="0" step="2"/><U19/><E9/><V51/><F116/><W45/><G45/><AGARI ba="0,1" hai="34,35,45,50,55,77,78,80,83,84,86,92,93,94" machi="45" ten="40,12000,2" yaku="1,1,2,1,9,1,53,3" doraHai="123" doraHaiUra="89" who="0" fromWho="3" sc="73,130,165,0,367,0,385,-120" /><INIT seed="6,0,0,2,3,50" ten="203,165,367,265" oya="2" hai0="1,52,6,11,110,14,125,129,51,134,39,27,32" hai1="114,21,63,122,77,112,73,18,47,133,28,7,130" hai2="58,26,49,56,120,10,38,99,12,115,59,81,96" hai3="127,46,16,87,102,113,8,121,40,66,119,93,70" shuffle="mt19937ar,AC1E9C59,B02F2279,339F37FB,0043FA45,D50EE154,A78B7C18,41CF5328,8EE3EFE8"/><V105/><F38/><W103/><G121/><T109/><D39/><U61/><E122/><V24/><F120/><W44/><G119/><T97/><D129/><U31/><E130/><V68/><F68/><W36/><G113/><T116/><D116/><U33/><E33/><V131/><F131/><W75/><G75/><T55/><D134/><U13/><E133/><V48/><F115/><N who="1" m="44073" /><E7/><V107/><F81/><W20/><G46/><T126/><D51/><N who="2" m="19530" /><F105/><W25/><G8/><T34/><D97/><N who="2" m="37450" /><F107/><W54/><G66/><T92/><D92/><U111/><E47/><V106/><F106/><W72/><G72/><T83/><D83/><N who="1" m="45487" /><E111/><V90/><F90/><W117/><G117/><T88/><D88/><U124/><E124/><N who="0" m="47721" /><D1/><U42/><E42/><V5/><AGARI ba="0,0" hai="5,10,12,24,26,56,58,59" m="37450,19530" machi="5" ten="30,1500,0" yaku="8,1" doraHai="50" who="2" fromWho="2" sc="203,-5,165,-5,367,15,265,-5" /><INIT seed="6,1,0,4,3,33" ten="198,160,382,260" oya="2" hai0="25,43,105,79,13,122,6,127,95,126,67,7,36" hai1="115,76,111,132,66,32,17,23,0,81,129,124,101" hai2="30,75,63,20,123,29,4,58,48,60,104,5,121" hai3="96,27,26,12,2,84,72,55,3,106,131,99,52" shuffle="mt19937ar,1AEC5D18,E1658ADB,CDA192A5,9BA38D17,4830443A,DF85FFAC,DD798F46,EFDF752E"/><V21/><F104/><W120/><G84/><T113/><D105/><U102/><E111/><V35/><F48/><W93/><G72/><T74/><D122/><U53/><E32/><V85/><F85/><W114/><G12/><T78/><D67/><U39/><E39/><V88/><F88/><W100/><G120/><T89/><D25/><U14/><E115/><V92/><F92/><W90/><G114/><T54/><D113/><U28/><E28/><V11/><F75/><W82/><G82/><T103/><D103/><U112/><E112/><V116/><F116/><W71/><G71/><T47/><D54/><U50/><E124/><N who="0" m="47657" /><D74/><U80/><E129/><V41/><F41/><W118/><G118/><T87/><D7/><U64/><E132/><V59/><F11/><AGARI ba="1,0" hai="6,11,13,36,43,47,78,79,87,89,95" m="47657" machi="11" ten="30,1000,0" yaku="18,1" doraHai="33" who="0" fromWho="2" sc="198,13,160,0,382,-13,260,0" /><INIT seed="7,0,0,1,1,127" ten="211,160,369,260" oya="3" hai0="31,44,61,85,68,97,129,65,29,8,25,35,1" hai1="113,30,83,47,78,24,132,109,99,93,19,59,20" hai2="71,110,112,69,130,22,133,55,15,89,108,86,17" hai3="9,16,103,57,21,74,4,60,135,76,72,81,124" shuffle="mt19937ar,C095719D,338E45D6,3AD6A4AF,3F14F20B,9990C02E,75D466E9,5E5A63B6,4535CE5E"/><W82/><G124/><T120/><D31/><U38/><E109/><V33/><F33/><W111/><G135/><T119/><D85/><U98/><E132/><V58/><F133/><W6/><G103/><T41/><D120/><U67/><E113/><V116/><F116/><W0/><G6/><N who="0" m="1103" /><D97/><U62/><E38/><V27/><F27/><W94/><G111/><T106/><D106/><U7/><E7/><V2/><F2/><W66/><G94/><T107/><D107/><U48/><E19/><V10/><F10/><W56/><G56/><T125/><D119/><U79/><E98/><V36/><F36/><W114/><G81/><T39/><D125/><U123/><E83/><V70/><F71/><W104/><G104/><T117/><D117/><U122/><E122/><V100/><F100/><W115/><REACH who="3" step="1"/><G74/><REACH who="3" step="2"/><T87/><D87/><U13/><E123/><V26/><F86/><W32/><G32/><T43/><D43/><U118/><E118/><V105/><F105/><W23/><G23/><T88/><D88/><U128/><E128/><AGARI ba="0,1" hai="25,29,35,39,41,44,61,65,68,128,129" m="1103" machi="128" ten="30,3900,0" yaku="23,1,52,2" doraHai="127" who="0" fromWho="1" sc="211,49,160,-39,369,0,250,0" owari="260,6,121,-38,369,47,250,-15" /></mjloggm>