<mjloggm ver="2.3"><GO type="185"/><UN n0="%EF%BC%BC%28%EF%BC%BE%6F%EF%BC%BE%29%EF%BC%8F%E2%98%85" n1="%E3%81%B5%E3%81%8F%EF%BC%A3%EF%BD%88%EF%BD%81%EF%BD%8E%E2%99%AA" n2="%E4%B8%89%E7%94%B0%E6%9D%91%E8%8C%9C" n3="" dan="17,16,17,0" rate="2137,2192,2198,1500" sx="M,F,F,C"/><TAIKYOKU oya="0"/><INIT seed="0,0,0,4,4,34" ten="350,350,350,0" oya="0" hai0="72,35,46,91,78,101,94,116,84,32,33,2,81" hai1="58,71,124,117,110,113,75,62,97,47,64,107,79" hai2="67,108,96,41,100,74,56,52,80,93,69,125,127" hai3="" shuffle="mt19937ar,830A13D9,A91D32B2,C412F0C9,2FB9D38F,C5D75EF8,BB9BC256,A7D32F67,B296CDFE"/><T86/><D116/><U121/><N who="1" m="31008" /><U38/><E117/><V85/><F74/><T135/><D135/><U89/><E113/><V129/><F129/><T103/><D2/><U128/><E128/><V122/><N who="2" m="31264" /><V44/><F67/><T88/><REACH who="0" step="1"/><D46/><REACH who="0" step="2"/><U57/><E47/><V109/><F127/><T105/><D105/><U76/><E107/><V90/><F125/><T95/><AGARI ba="0,1" hai="32,33,35,72,78,81,84,86,88,91,94,95,101,103" machi="95" ten="30,12000,2" yaku="1,1,0,1,9,1,54,1,53,3" doraHai="34" doraHaiUra="1" who="0" fromWho="0" sc="340,130,350,-60,350,-60,0,0" /><INIT seed="0,1,0,2,3,101" ten="470,290,290,0" oya="0" hai0="51,61,52,59,55,64,37,109,71,132,113,33,127" hai1="45,93,118,73,96,123,34,94,1,112,74,89,2" hai2="58,40,98,0,66,38,56,119,82,48,105,32,50" hai3="" shuffle="mt19937ar,0ED2E1C8,968B26B9,9CF0D9EF,AD96CF9F,569D3041,F0F315C3,2E9A9063,FDB88C78"/><T57/><D33/><U124/><N who="1" m="31520" /><U81/><E34/><V80/><F119/><T111/><D113/><U62/><E118/><V115/><F32/><T47/><D132/><U75/><E112/><V104/><F0/><T133/><D133/><U99/><E81/><V87/><F115/><T43/><D127/><U49/><E62/><AGARI ba="1,0" hai="37,43,47,51,52,55,57,59,61,62,64,71,109,111" machi="62" ten="40,18000,2" yaku="24,2,34,3,54,1" doraHai="101" who="0" fromWho="1" sc="470,182,290,-182,290,0,0,0" /><INIT seed="0,2,0,4,3,93" ten="652,108,290,0" oya="0" hai0="77,109,121,85,35,106,87,65,99,125,44,83,97" hai1="88,82,120,133,58,81,112,61,74,63,36,0,40" hai2="57,98,107,130,60,59,80,90,118,34,102,39,132" hai3="" shuffle="mt19937ar,9EF150B3,A3F70DF1,F9FC0E4E,0C274FB9,DA7886E5,B4124475,D5A2D530,CF99FCD1"/><T110/><N who="0" m="31008" /><T117/><D35/><U64/><N who="1" m="30752" /><U129/><E0/><V126/><F34/><T86/><D117/><U92/><E112/><V48/><F39/><T115/><D115/><U53/><E133/><V66/><F118/><T127/><D65/><U84/><E129/><V51/><F130/><T76/><D44/><U100/><E74/><V38/><F38/><T124/><D106/><U123/><N who="1" m="31520" /><U49/><E100/><V96/><F132/><T41/><D41/><U42/><E63/><V3/><F3/><T103/><D103/><U55/><E55/><V113/><F113/><T50/><D50/><U33/><E33/><V131/><F131/><T73/><D77/><U122/><N who="1" m="31264" /><U135/><E135/><V43/><F48/><T89/><D89/><U62/><E62/><V78/><F90/><T68/><D68/><U128/><E128/><V45/><F60/><T71/><D71/><U134/><E134/><V111/><F102/><T72/><D73/><U67/><E67/><V1/><F66/><T104/><D104/><U2/><E2/><V69/><F107/><T108/><AGARI ba="2,0" hai="72,76,83,85,86,87,97,99,108,109,110,124,125,127" m="31008" machi="108" ten="50,24000,4" yaku="0,1,29,2,14,1,10,1,18,1,34,3,52,3" doraHai="93" who="0" fromWho="0" sc="652,244,108,-122,290,-122,0,0" owari="896,84,-14,-61,168,-23,0,0" /></mjloggm>