<mjloggm ver="2.3"><GO type="225"/><UN n0="%E3%82%AF%E3%83%AB%E3%83%AB%E2%98%86" n1="%E5%B1%B1%E5%B9%B8%E5%95%86%E5%BA%97" n2="%E9%95%B7%E5%B2%A1%E5%A4%A7%E6%98%8E%E7%A5%9E" n3="%E2%98%85%E3%83%A6%E3%83%94%E3%83%86%E3%83%AB%E2%98%85" dan="16,17,16,17" rate="2040,2167,2058,2069" sx="F,M,F,M"/><TAIKYOKU oya="0"/><INIT seed="0,0,0,0,4,91" ten="250,250,250,250" oya="0" hai0="12,133,89,61,47,41,77,51,127,28,121,94,55" hai1="128,24,103,130,129,34,79,70,81,74,45,82,124" hai2="80,72,58,13,116,4,104,42,107,10,36,117,122" hai3="98,93,123,22,54,131,11,76,71,2,30,92,109" shuffle="mt19937ar,45030C65,5B844F78,A1B35037,64C4F421,41B1B3F8,91E76D1B,C8994D5C,EA29B31A"/><T3/><D3/><U40/><E103/><V60/><F122/><W18/><G71/><T126/><D121/><U99/><E124/><N who="0" m="47657" /><D77/><U134/><E99/><V63/><F42/><W7/><G123/><T17/><D28/><N who="1" m="19719" /><E82/><V33/><F36/><W112/><G112/><T73/><D73/><U86/><E70/><V125/><F33/><W25/><G109/><T23/><D133/><U37/><E86/><V95/><F125/><W27/><G131/><T5/><D5/><U100/><E100/><V15/><F104/><W16/><G76/><T62/><D41/><U56/><E56/><V44/><F44/><W14/><G54/><T48/><D48/><U96/><E96/><AGARI ba="0,0" hai="12,17,23,47,51,55,61,62,89,94,96" m="47657" machi="96" ten="30,2900,0" yaku="18,1,52,1" doraHai="91" who="0" fromWho="1" sc="250,29,250,-29,250,0,250,0" /><INIT seed="0,1,0,1,5,27" ten="279,221,250,250" oya="0" hai0="13,60,64,112,119,85,116,96,135,120,122,95,47" hai1="104,46,118,87,59,49,35,56,130,18,37,115,24" hai2="108,83,92,82,38,105,78,107,48,4,10,99,67" hai3="81,33,19,55,8,68,58,42,76,88,6,93,63" shuffle="mt19937ar,A4F74E35,25EE0382,447BB391,4F424A92,9961A575,A7372361,7BAD645D,044B2BC7"/><T22/><D112/><U90/><E104/><V114/><F38/><W73/><G68/><T43/><D135/><U98/><E37/><V0/><F114/><W9/><G33/><T52/><D120/><U102/><E115/><V124/><F124/><W62/><G42/><T75/><D75/><U74/><E74/><V5/><F108/><W36/><G36/><T3/><D3/><U30/><E118/><V94/><F5/><W100/><G100/><T77/><D122/><U117/><E117/><V129/><F129/><W84/><G19/><T131/><D131/><U23/><E98/><V15/><F0/><W14/><REACH who="3" step="1"/><G8/><REACH who="3" step="2"/><T69/><D43/><U12/><E102/><V65/><F10/><W34/><G34/><T103/><D69/><U7/><E130/><V25/><F4/><W1/><G1/><T57/><D103/><U26/><E7/><V127/><F127/><W2/><G2/><T53/><D119/><U39/><E39/><V50/><F107/><W45/><G45/><T128/><D47/><U86/><E35/><V71/><F105/><W16/><G16/><T113/><D128/><U28/><E59/><V20/><F71/><W41/><G41/><T133/><D57/><U61/><E56/><V126/><F126/><W17/><G17/><T134/><D116/><U109/><E18/><V106/><F106/><W111/><G111/><T110/><D110/><U97/><E109/><V70/><F70/><W89/><G89/><T51/><D113/><U54/><E90/><V79/><F20/><W31/><G31/><T40/><D22/><U123/><E28/><RYUUKYOKU ba="1,1" sc="279,-10,221,-10,250,-10,240,30" hai3="6,9,14,55,58,62,63,73,76,81,84,88,93" /><INIT seed="1,2,1,2,4,72" ten="269,211,240,270" oya="1" hai0="94,61,102,70,69,71,95,67,104,73,60,68,123" hai1="111,107,56,5,75,63,62,135,48,127,34,18,26" hai2="55,9,51,14,131,120,24,91,19,17,2,76,43" hai3="92,3,81,114,115,113,98,106,21,82,84,7,20" shuffle="mt19937ar,5E0AABDA,35356C25,02B90D13,DF279CEC,39F4E9A8,8759F771,7C821191,E939C7DD"/><U66/><E75/><V57/><F120/><W125/><G106/><T31/><D73/><U64/><E107/><V108/><F108/><W101/><G125/><T28/><D123/><U58/><E127/><V35/><F131/><W74/><G74/><T49/><D61/><U105/><E105/><V103/><F2/><W27/><G82/><T119/><D119/><U96/><E5/><V11/><F103/><W42/><G42/><T36/><D36/><U88/><E135/><V80/><F91/><W112/><N who="3" m="29184" /><DORA hai="130" /><W45/><G45/><T128/><D128/><U6/><E6/><V13/><F43/><W118/><G118/><T99/><REACH who="0" step="1"/><D49/><REACH who="0" step="2"/><U46/><E111/><V59/><F51/><W79/><REACH who="3" step="1"/><G27/><REACH who="3" step="2"/><T132/><D132/><U4/><E26/><V10/><F24/><W44/><G44/><T52/><D52/><U116/><E46/><V0/><F55/><W85/><G85/><T38/><D38/><U32/><E116/><V89/><F0/><W83/><G83/><T121/><D121/><U25/><E25/><V33/><F80/><W15/><G15/><T109/><D109/><U54/><E54/><V93/><F14/><W29/><G29/><AGARI ba="2,3" hai="28,29,31,60,67,68,69,70,71,94,95,99,102,104" machi="29" ten="40,8000,1" yaku="1,1,53,4" doraHai="72,130" doraHaiUra="117,65" who="0" fromWho="3" sc="259,116,211,0,240,0,260,-86" /><INIT seed="2,0,0,1,2,90" ten="375,211,240,174" oya="2" hai0="20,78,107,82,62,126,11,87,52,75,69,84,81" hai1="28,58,0,119,115,74,92,121,106,130,8,123,128" hai2="127,23,102,112,55,70,132,61,26,124,35,71,97" hai3="3,40,118,13,100,134,60,72,88,45,114,110,24" shuffle="mt19937ar,31A8D24D,3F8F2D92,AA879054,38A00718,9284ABEA,1764B72B,65F2D8E0,9C96ABD3"/><V101/><F35/><W43/><G118/><T18/><D107/><U109/><E106/><V29/><F112/><W131/><G114/><T36/><D36/><U120/><E115/><V95/><F132/><W64/><G134/><T30/><D126/><N who="2" m="48170" /><F102/><W14/><G131/><N who="1" m="50218" /><E74/><V44/><F44/><W22/><G110/><T57/><D69/><U104/><E104/><V108/><F108/><W39/><G72/><T53/><D75/><U42/><E109/><V27/><F27/><W5/><G100/><T1/><D30/><U25/><E42/><V93/><F93/><W59/><G40/><T99/><D99/><U32/><E58/><AGARI ba="0,0" hai="23,26,29,55,58,61,70,71,95,97,101" m="48170" machi="58" ten="30,2900,0" yaku="18,1,52,1" doraHai="90" who="2" fromWho="1" sc="375,0,211,-29,240,29,174,0" /><INIT seed="2,1,0,1,2,9" ten="375,182,269,174" oya="2" hai0="25,134,63,56,57,76,85,2,51,39,117,70,95" hai1="106,78,132,1,104,20,65,52,111,31,6,8,110" hai2="109,7,28,135,94,123,30,27,100,87,67,10,128" hai3="69,32,107,133,46,58,44,18,120,92,112,36,105" shuffle="mt19937ar,60CAA675,B43CABE3,25A5BF0A,722D4B94,F5851BBB,AF98D5FC,062E6685,7A29532D"/><V79/><F123/><W34/><G69/><T102/><D39/><U99/><E65/><V125/><F128/><W22/><G120/><T124/><D2/><U38/><E78/><V115/><F115/><W23/><G112/><T101/><D70/><U80/><E38/><V71/><F135/><W59/><G133/><T126/><D134/><U127/><E80/><V0/><F125/><N who="0" m="48234" /><D117/><U26/><E132/><V50/><F109/><N who="1" m="41481" /><E127/><V4/><F4/><W17/><G36/><T41/><D25/><U5/><E5/><V93/><F67/><W15/><REACH who="3" step="1"/><G92/><REACH who="3" step="2"/><T37/><D37/><U61/><E99/><V86/><F71/><W29/><G29/><T72/><D95/><U12/><E12/><AGARI ba="1,1" hai="12,15,17,18,22,23,32,34,44,46,58,59,105,107" machi="12" ten="25,8000,1" yaku="1,1,22,2,52,2,53,0" doraHai="9" doraHaiUra="113" who="3" fromWho="1" sc="375,0,182,-83,269,0,164,93" /><INIT seed="3,0,0,3,0,74" ten="375,99,269,257" oya="3" hai0="124,37,25,111,90,97,115,116,56,28,35,58,5" hai1="3,19,38,55,98,114,68,120,87,84,61,83,26" hai2="122,44,113,20,93,11,69,24,73,52,71,57,82" hai3="23,79,22,130,10,119,31,30,131,49,123,108,64" shuffle="mt19937ar,D0E4FF54,F152934F,039DDD77,71EEC3DD,CFECB851,31628704,6082B27E,F494425B"/><W66/><G123/><T72/><D37/><U101/><E3/><V47/><F113/><W40/><G119/><T36/><D36/><U42/><E38/><V39/><F122/><W77/><G10/><T117/><D72/><U27/><E42/><V107/><F107/><W50/><G40/><T21/><D115/><U135/><E120/><V59/><F39/><W128/><G128/><T2/><D5/><U91/><E114/><V1/><F59/><W92/><G92/><T48/><D2/><U100/><E135/><V33/><F33/><W13/><REACH who="3" step="1"/><G13/><REACH who="3" step="2"/><T76/><D117/><U78/><E68/><V127/><F71/><W94/><G94/><T65/><D116/><U53/><E98/><V34/><F69/><W126/><G126/><T46/><D124/><U86/><E61/><V99/><F127/><W4/><G4/><T129/><D129/><U54/><E19/><V125/><F125/><W18/><G18/><T102/><D97/><U12/><E12/><V70/><F1/><W51/><G51/><T80/><D48/><U75/><REACH who="1" step="1"/><E91/><REACH who="1" step="2"/><V14/><F99/><W43/><G43/><T121/><D90/><U62/><E62/><V7/><F70/><W81/><G81/><T85/><D80/><U45/><E45/><V0/><F44/><W110/><AGARI ba="0,2" hai="22,23,30,31,49,50,64,66,77,79,108,110,130,131" machi="110" ten="25,18000,2" yaku="1,1,0,1,22,2,52,2,53,0" doraHai="74" doraHaiUra="8" who="3" fromWho="3" sc="375,-60,89,-60,269,-60,247,200" owari="315,7,29,-37,209,-14,447,44" /></mjloggm>