<mjloggm ver="2.3"><GO type="225"/><UN n0="%E5%9B%BD%E7%AB%8B%E5%90%9B" n1="%EF%BC%88%EF%BC%8A%EF%BC%9E%EF%BC%9C%EF%BC%89" n2="%E3%83%81%E3%83%A3%E3%82%AA%E3%83%AA" n3="%E9%9B%AA%E5%9B%BD%E8%82%B2%E3%81%A1" dan="17,17,17,17" rate="2059,2188,2130,2076" sx="M,F,M,M"/><TAIKYOKU oya="0"/><INIT seed="0,0,0,0,1,105" ten="250,250,250,250" oya="0" hai0="21,106,131,71,67,114,25,4,77,37,102,109,128" hai1="7,118,57,115,63,55,117,127,125,121,53,94,10" hai2="43,133,123,19,72,14,41,129,97,15,60,119,99" hai3="74,32,36,40,56,50,87,30,90,20,33,58,130" shuffle="mt19937ar,7395F209,F16BC524,A1E1C4B7,89961FFB,D4145A61,C571100F,C392BD81,8CC2DD2A"/><T46/><D114/><U26/><E121/><V104/><F123/><W12/><G130/><N who="0" m="49707" /><D4/><U84/><E115/><V73/><F129/><W68/><G68/><T135/><D135/><U95/><E26/><V44/><F60/><W23/><G36/><T124/><D124/><N who="1" m="47691" /><E55/><V89/><F133/><W86/><G74/><T93/><D106/><U18/><E18/><V11/><F119/><N who="1" m="45577" /><E84/><V122/><F122/><W6/><G86/><T91/><D102/><U2/><AGARI ba="0,0" hai="2,7,10,53,57,63,94,95" m="45577,47691" machi="2" ten="30,1100,0" yaku="18,1" doraHai="105" who="1" fromWho="1" sc="250,-5,250,11,250,-3,250,-3" /><INIT seed="1,0,0,5,1,109" ten="245,261,247,247" oya="1" hai0="91,76,101,114,94,87,57,73,51,22,63,21,2" hai1="18,41,34,8,29,45,62,71,58,3,54,72,107" hai2="7,99,65,131,46,123,83,44,27,33,66,104,12" hai3="64,32,103,126,121,128,19,77,105,43,100,117,10" shuffle="mt19937ar,138FE8EF,172676AB,8D0101E5,652AE5BB,CE208787,D7E993D1,3A9C2C2F,0B54B072"/><U102/><E72/><V134/><F123/><W36/><G121/><T28/><D2/><U92/><E107/><V17/><F134/><W74/><G32/><T118/><D118/><U35/><E29/><V86/><F131/><W0/><G128/><T108/><D108/><U53/><E71/><V98/><F7/><W113/><G126/><T111/><D111/><U31/><E31/><V6/><F6/><W122/><G64/><N who="2" m="24681" /><F33/><W119/><G122/><T82/><D114/><U96/><E53/><V84/><F27/><W4/><G19/><T79/><D79/><U106/><E106/><V112/><F104/><W59/><G59/><T23/><D51/><U1/><E1/><V110/><F110/><W5/><G5/><T50/><D50/><U75/><E75/><V129/><F129/><W132/><G113/><T56/><D56/><U130/><E130/><V133/><F133/><W37/><G132/><T26/><REACH who="0" step="1"/><D101/><REACH who="0" step="2"/><U13/><E3/><V67/><F112/><W124/><G124/><T93/><D93/><U89/><E102/><N who="3" m="38954" /><G105/><T70/><D70/><U60/><E60/><V48/><F48/><AGARI ba="0,1" hai="8,13,18,34,35,41,45,48,54,58,62,89,92,96" machi="48" ten="30,1500,0" yaku="7,1" doraHai="109" who="1" fromWho="2" sc="235,0,261,25,247,-15,247,0" /><INIT seed="1,1,0,4,4,118" ten="235,286,232,247" oya="1" hai0="91,16,65,97,17,108,13,83,25,37,15,8,88" hai1="21,2,41,36,112,86,69,95,3,92,47,18,114" hai2="133,43,124,75,28,26,85,80,7,90,52,116,63" hai3="71,115,35,94,31,66,64,34,62,11,46,38,50" shuffle="mt19937ar,CD7C3FBC,9BE08654,C7671189,8DEFD82B,2A57B132,F49097C1,1975C80C,0639DC8F"/><U33/><E69/><V6/><F116/><W121/><G115/><T93/><D108/><U122/><E33/><V127/><F75/><W67/><G121/><T39/><D65/><U42/><E122/><V10/><F43/><W23/><G38/><T105/><D105/><U1/><E41/><V77/><F77/><W107/><G107/><T0/><D0/><U72/><E72/><V117/><F117/><W126/><G126/><N who="2" m="48169" /><F133/><W79/><G79/><T68/><D68/><U104/><E104/><V9/><F9/><W60/><G11/><T98/><D25/><U129/><E129/><V89/><F89/><W102/><G23/><T54/><D54/><U119/><E119/><V32/><F10/><W101/><G67/><T40/><D40/><U12/><REACH who="1" step="1"/><E86/><REACH who="1" step="2"/><V131/><F131/><W110/><G71/><T74/><D74/><U111/><E111/><V48/><F85/><W73/><G110/><T24/><D39/><U14/><E14/><V19/><F32/><W120/><G73/><T22/><D37/><U81/><E81/><V49/><F80/><W103/><G120/><T128/><D128/><U132/><E132/><V100/><F6/><W56/><G35/><T123/><D123/><U78/><E78/><V53/><F7/><W106/><G106/><T51/><D15/><U27/><E27/><V45/><F26/><W134/><G134/><T76/><D76/><U57/><E57/><V70/><F70/><W113/><G56/><T82/><D82/><U30/><E30/><V96/><F28/><W130/><G31/><T55/><D83/><U87/><E87/><RYUUKYOKU ba="1,1" sc="235,-10,276,30,232,-10,247,-10" hai1="1,2,3,12,18,21,36,42,47,92,95,112,114" /><INIT seed="1,2,1,5,2,35" ten="225,306,222,237" oya="1" hai0="117,95,43,29,70,90,2,42,1,58,84,4,38" hai1="82,24,23,83,135,22,96,87,67,16,104,92,115" hai2="98,93,14,27,101,88,49,69,119,48,85,62,8" hai3="133,56,124,108,25,91,6,28,12,41,26,89,123" shuffle="mt19937ar,B3A1BC53,5F15F5EA,0349FBD8,62A3AF42,5BBB8E10,C51A752F,53C971A0,28B53193"/><U110/><E115/><V45/><F119/><W50/><G123/><T36/><D70/><U107/><E135/><V127/><F127/><W5/><G133/><T60/><D117/><U97/><E67/><V103/><F27/><W65/><G124/><T111/><D111/><U7/><E110/><V68/><F103/><W77/><G77/><T132/><D132/><U10/><E23/><V46/><F49/><W118/><G108/><T47/><D29/><U102/><E96/><V131/><F131/><W53/><G118/><T34/><D34/><U21/><E21/><V128/><F128/><W55/><G41/><T20/><D20/><U44/><E44/><V3/><F62/><W125/><G65/><T121/><D121/><U72/><E72/><V13/><F13/><W19/><G55/><T105/><D105/><U39/><E39/><V114/><F114/><W130/><G130/><T0/><D0/><U78/><E82/><V54/><F46/><W11/><G125/><T30/><D30/><U15/><AGARI ba="2,1" hai="7,10,15,16,22,24,78,83,87,92,97,102,104,107" machi="15" ten="20,3900,0" yaku="0,1,7,1,54,1" doraHai="35" who="1" fromWho="1" sc="225,-15,306,55,222,-15,237,-15" /><INIT seed="1,3,0,1,1,114" ten="210,361,207,222" oya="1" hai0="70,22,36,69,9,12,58,94,15,82,27,4,2" hai1="128,126,31,87,83,71,59,14,100,54,122,61,28" hai2="92,76,8,21,111,119,23,17,62,67,49,81,95" hai3="25,45,66,96,51,132,104,117,19,42,106,89,3" shuffle="mt19937ar,2447B841,E8B2E91C,6F084567,BF9BF4C1,837CC426,36FD28EE,0E75E779,00CEDF2C"/><U101/><E71/><V35/><F35/><W91/><G132/><T60/><D36/><U65/><E122/><V63/><F111/><W85/><G3/><T74/><D94/><U68/><E126/><V20/><F119/><W127/><G127/><T107/><D107/><U79/><E128/><V97/><F49/><W99/><G66/><T105/><D105/><U0/><E0/><V110/><F110/><W123/><G123/><T131/><D131/><U26/><E28/><V120/><F120/><W93/><G117/><T56/><D56/><U118/><E14/><V38/><F38/><W13/><G25/><T32/><D74/><U11/><E11/><V134/><F134/><W29/><G29/><N who="0" m="19519" /><D82/><U80/><E80/><V47/><F47/><W108/><G108/><T64/><D15/><U109/><E118/><V86/><F67/><W44/><G44/><T6/><D4/><U116/><E116/><V77/><F76/><W18/><G18/><AGARI ba="3,0" hai="2,6,9,12,18,22,58,60,64,69,70" m="19519" machi="18" ten="30,1000,0" yaku="24,1" doraHai="114" who="0" fromWho="3" sc="210,19,361,0,207,0,222,-19" /><INIT seed="2,0,0,2,0,135" ten="229,361,207,203" oya="2" hai0="69,111,110,57,40,5,63,115,35,41,103,60,46" hai1="42,47,65,92,20,32,11,1,72,105,101,75,99" hai2="29,109,36,102,55,7,124,76,122,8,62,131,37" hai3="85,100,24,43,45,98,118,80,44,86,17,104,82" shuffle="mt19937ar,161EA18F,A917313C,3A2AD819,280EC8D4,AFBC40FF,4E51A124,6797B1A9,38D27A5C"/><V91/><F122/><W132/><G118/><T33/><D115/><U23/><E65/><V107/><F76/><W26/><G132/><T78/><D78/><U12/><E32/><V13/><F131/><W108/><G108/><N who="0" m="41515" /><D5/><U25/><E1/><V74/><F74/><W31/><G17/><T84/><D84/><U121/><E121/><V21/><F109/><W53/><G53/><N who="0" m="33839" /><D103/><U59/><E59/><V117/><F117/><W9/><G9/><T15/><D15/><U70/><E70/><V112/><F112/><W93/><G104/><T90/><D90/><U19/><E20/><V4/><F4/><W56/><G56/><T66/><D41/><U114/><E105/><V120/><F120/><W28/><G43/><T49/><AGARI ba="0,0" hai="33,35,40,46,49,63,66,69" m="33839,41515" machi="49" ten="30,1100,0" yaku="14,1" doraHai="135" who="0" fromWho="0" sc="229,11,361,-3,207,-5,203,-3" /><INIT seed="3,0,0,3,1,95" ten="240,358,202,200" oya="3" hai0="14,79,10,50,6,41,83,0,33,124,114,22,130" hai1="39,3,118,86,51,93,49,67,44,73,43,65,134" hai2="40,27,5,8,113,2,30,128,96,87,34,19,31" hai3="54,42,102,38,131,12,122,55,105,120,85,53,61" shuffle="mt19937ar,E892D74B,8C79EB9D,172A900E,A961D3A9,07D2112B,2EE87041,4B35335D,2497062E"/><W66/><G131/><T112/><D33/><U70/><E73/><V80/><F113/><N who="0" m="43626" /><D130/><U48/><E3/><V11/><F128/><W47/><G12/><T109/><D109/><U88/><E118/><V36/><F36/><W18/><G18/><N who="0" m="10583" /><D124/><U121/><E134/><V123/><F40/><W57/><REACH who="3" step="1"/><G85/><REACH who="3" step="2"/><T58/><D0/><U52/><E121/><V77/><F123/><W127/><G127/><T1/><D1/><U68/><E68/><V72/><F72/><W126/><G126/><T76/><D6/><U46/><E70/><V99/><REACH who="2" step="1"/><F31/><REACH who="2" step="2"/><W64/><G64/><T78/><D41/><U63/><E67/><V104/><F104/><W108/><G108/><T90/><D76/><U125/><E125/><V9/><F9/><W7/><G7/><T107/><D10/><U98/><E86/><V89/><F89/><W35/><G35/><T101/><D79/><U92/><E88/><V71/><F71/><W74/><G74/><T45/><D90/><U4/><E65/><V119/><F119/><W60/><G60/><T84/><D107/><U37/><E63/><V117/><F117/><W135/><G135/><T116/><D116/><U25/><E4/><V75/><F75/><W15/><G15/><AGARI ba="0,2" hai="2,5,8,11,15,19,27,30,34,77,80,87,96,99" machi="15" ten="40,8000,1" yaku="1,1,52,2,53,1" doraHai="95" doraHaiUra="26" who="2" fromWho="3" sc="240,0,358,0,192,100,190,-80" owari="240,-11,358,36,292,4,110,-29" /></mjloggm>