<mjloggm ver="2.3"><GO type="185"/><UN n0="%E3%81%B0%E3%81%8F%E3%81%92%E3%81%A3%E3%81%8D" n1="%E7%B1%B3%E5%85%89%E5%80%B6%E6%A5%BD%E9%83%A8" n2="%E3%81%B5%E3%81%8F%EF%BC%A3%EF%BD%88%EF%BD%81%EF%BD%8E%E2%99%AA" n3="" dan="16,16,16,0" rate="2221,2176,2176,1500" sx="M,F,F,C"/><TAIKYOKU oya="0"/><INIT seed="0,0,0,0,5,60" ten="350,350,350,0" oya="0" hai0="40,80,3,64,43,116,109,125,126,128,132,85,44" hai1="106,47,67,94,55,53,92,82,118,130,76,104,134" hai2="72,112,127,111,73,58,49,101,114,108,54,39,59" hai3="" shuffle="mt19937ar,A4B8B8BE,73D721FA,936CDBC6,799EEC3D,3A06CB01,33D8826D,F2E22C48,4ECF8C5B"/><T1/><D116/><U50/><E118/><V133/><F101/><T56/><D128/><U117/><E117/><V122/><N who="2" m="31264" /><V66/><F73/><T37/><D43/><U99/><E92/><V129/><F72/><T113/><D113/><U89/><E130/><V2/><F2/><T102/><D132/><U75/><E134/><V88/><F88/><T52/><D64/><U135/><E135/><V91/><F91/><T97/><D109/><U105/><E67/><V98/><F98/><T110/><D110/><N who="2" m="42026" /><F133/><T100/><D85/><U93/><E93/><V33/><F33/><T69/><D69/><U95/><E95/><V115/><F39/><T86/><D102/><U90/><REACH who="1" step="1"/><E55/><REACH who="1" step="2"/><V45/><F129/><T42/><D42/><U57/><E57/><N who="2" m="21515" /><F127/><T0/><D126/><U62/><E62/><V34/><F34/><T35/><D125/><U71/><E71/><V61/><F115/><T119/><D119/><U68/><E68/><AGARI ba="0,1" hai="45,49,54,61,66,68,112,114" m="21515,42026,31264" machi="68" ten="30,8000,1" yaku="14,1,34,2,52,2" doraHai="60" who="2" fromWho="1" sc="350,0,340,-80,350,90,0,0" /><INIT seed="1,0,0,5,2,126" ten="350,260,440,0" oya="1" hai0="72,121,84,132,86,79,69,113,123,85,129,3,108" hai1="50,44,96,77,127,87,71,114,83,1,93,98,54" hai2="118,124,56,47,119,38,111,133,122,42,32,106,76" hai3="" shuffle="mt19937ar,21B7604B,CAA9CAAD,3FB8BF1B,B7696BFB,13BDE271,ABC54B22,B5A6536C,261E7BC2"/><U73/><E1/><V58/><N who="2" m="31264" /><V67/><F76/><T35/><D3/><U46/><E71/><V110/><F106/><T112/><D35/><U130/><E127/><V92/><F92/><T105/><D69/><U2/><E2/><V45/><F32/><T134/><D105/><U94/><E114/><N who="0" m="44137" /><D108/><U63/><E63/><V48/><F133/><N who="0" m="51306" /><D129/><U81/><E130/><V52/><F124/><T34/><D34/><U128/><E128/><V70/><F70/><T39/><D39/><U135/><E135/><V49/><F58/><T65/><D65/><U120/><N who="1" m="30752" /><U43/><E96/><V66/><F66/><T88/><D88/><U131/><E98/><V55/><REACH who="2" step="1"/><F67/><REACH who="2" step="2"/><T116/><D116/><AGARI ba="0,1" hai="38,42,45,47,48,49,52,55,56,110,111,116,118,119" m="31264" machi="116" ten="40,12000,2" yaku="1,1,2,1,34,3,52,1,54,1,53,0" doraHai="126" doraHaiUra="82" who="2" fromWho="0" sc="350,-120,260,0,430,130,0,0" /><INIT seed="2,0,0,2,4,58" ten="230,260,560,0" oya="2" hai0="111,71,66,102,85,112,105,104,44,81,97,82,93" hai1="99,126,129,108,52,75,117,133,47,80,38,63,41" hai2="50,1,89,91,124,48,46,121,120,94,119,72,110" hai3="" shuffle="mt19937ar,AEB953DC,E248BFE7,83FB67B0,1A406658,B2E5632A,F1F7C202,AF2F8DD6,0F649B8D"/><V79/><N who="2" m="30752" /><V125/><N who="2" m="31008" /><V74/><F1/><T37/><D82/><U114/><E99/><V100/><F119/><T95/><D105/><U32/><E52/><V101/><F110/><T86/><D86/><U57/><E63/><V109/><F109/><T127/><D111/><U96/><E57/><V73/><F46/><T34/><D34/><U33/><E96/><V36/><F36/><T90/><D112/><U68/><E80/><V39/><F39/><T62/><D127/><U116/><E41/><V43/><F43/><T118/><D118/><U70/><E47/><V67/><F67/><T2/><D2/><U130/><E116/><V61/><F61/><T122/><N who="0" m="31264" /><T92/><D37/><U0/><E70/><V88/><F79/><T59/><REACH who="0" step="1"/><D44/><REACH who="0" step="2"/><U115/><E115/><V132/><F132/><T3/><D3/><U113/><E113/><V135/><F135/><T134/><D134/><U42/><E33/><V55/><F94/><T45/><D45/><U123/><E42/><V87/><F87/><T69/><AGARI ba="0,1" hai="59,62,66,69,71,81,85,90,92,93,95,97,102,104" m="31264" machi="69" ten="30,6000,1" yaku="1,1,0,1,52,2,53,1" doraHai="58" doraHaiUra="54" who="0" fromWho="0" sc="220,70,260,-20,560,-40,0,0" /><INIT seed="4,0,0,4,5,97" ten="290,240,520,0" oya="0" hai0="110,124,70,72,122,113,108,82,101,87,54,60,73" hai1="76,69,53,33,55,52,41,117,106,79,48,43,74" hai2="94,114,64,0,42,135,32,75,51,40,99,127,2" hai3="" shuffle="mt19937ar,E8979CC5,C0D83AF9,8E5153BA,6BF3B777,EB016D98,EEAC829B,16E3C099,336989D5"/><T45/><N who="0" m="31264" /><T47/><D124/><U84/><E33/><V62/><F32/><T121/><N who="0" m="31008" /><T91/><D113/><U44/><E69/><V95/><F75/><T83/><D101/><U125/><E74/><N who="0" m="28777" /><D82/><U1/><E106/><V61/><F99/><T104/><D104/><U119/><E1/><V100/><F100/><T81/><D81/><U133/><E125/><V103/><F103/><T3/><D3/><U128/><E84/><V57/><F127/><T77/><D91/><U56/><E79/><V123/><N who="2" m="31520" /><V58/><F51/><T39/><D39/><U35/><E76/><V59/><F59/><T132/><D132/><U66/><E133/><V107/><F107/><T85/><D85/><U63/><E35/><V116/><F135/><T80/><D80/><U46/><E128/><V37/><F0/><T67/><D54/><U93/><E93/><V50/><F95/><T71/><D71/><U68/><E68/><V98/><F94/><T109/><AGARI ba="0,0" hai="45,47,60,67,70,77,83,87,108,109,110" m="28777,31008,31264" machi="109" ten="40,5200,0" yaku="10,1,52,2" doraHai="97" who="0" fromWho="0" sc="290,52,240,-26,520,-26,0,0" /><INIT seed="4,1,0,0,5,52" ten="342,214,494,0" oya="0" hai0="41,91,51,96,123,95,119,1,69,46,45,59,39" hai1="84,44,85,83,117,122,79,102,109,65,120,115,36" hai2="100,40,3,72,97,55,71,121,101,130,64,53,114" hai3="" shuffle="mt19937ar,B32AD1AD,1F17FE4E,781A2174,181B6D7B,C66FEA6D,4B856708,FB12C892,5FC7A92B"/><T77/><N who="0" m="31520" /><T118/><D1/><U70/><N who="1" m="30752" /><U105/><N who="1" m="31264" /><U43/><E109/><V47/><N who="2" m="31008" /><V86/><F72/><T33/><D33/><U127/><E117/><V49/><F3/><T106/><D69/><U75/><E127/><V107/><F101/><T35/><D35/><U76/><E115/><V110/><F110/><T32/><D32/><U62/><REACH who="1" step="1"/><E79/><REACH who="1" step="2"/><V34/><F114/><T57/><D77/><U132/><E132/><V63/><F34/><T111/><D111/><U89/><E89/><V94/><F130/><T88/><D106/><U74/><E74/><V99/><F86/><T87/><D119/><U54/><E54/><V90/><AGARI ba="1,1" hai="40,47,49,53,55,63,64,71,90,94,97,99,100,107" m="31008" machi="90" ten="20,2000,0" yaku="0,1,7,1,52,1" doraHai="52" who="2" fromWho="2" sc="342,-14,204,-8,494,32,0,0" /><INIT seed="5,0,0,1,1,94" ten="328,196,526,0" oya="1" hai0="69,53,76,107,77,109,102,1,89,135,86,78,106" hai1="121,73,54,50,101,114,97,96,72,93,32,36,68" hai2="87,61,59,70,85,46,49,45,39,125,105,124,108" hai3="" shuffle="mt19937ar,A412A14A,42600ECD,9835EE99,1714E02E,1151805E,00EDAA08,81D98E31,718BC182"/><U119/><N who="1" m="31008" /><U115/><E36/><V56/><F105/><N who="0" m="39946" /><D1/><U41/><E41/><V129/><F87/><T42/><D69/><U35/><E68/><V103/><F103/><T44/><D53/><U110/><E110/><V64/><F85/><T127/><D44/><U3/><E3/><V37/><F129/><T65/><D65/><U74/><E119/><V51/><F108/><T79/><D42/><U100/><E32/><V55/><F125/><T47/><D47/><U117/><E35/><V126/><F126/><T0/><D0/><U122/><N who="1" m="31264" /><U62/><E62/><V48/><F124/><T90/><D127/><U130/><E130/><V131/><F49/><T95/><D109/><U80/><E80/><V133/><F133/><T38/><D38/><N who="2" m="14346" /><F131/><T81/><D135/><U82/><E82/><V91/><F91/><T67/><D67/><U60/><E60/><V98/><F98/><AGARI ba="0,0" hai="76,77,78,79,81,86,89,90,95,98,102" m="39946" machi="98" ten="30,12000,2" yaku="35,5,52,1" doraHai="94" who="0" fromWho="2" sc="328,120,196,0,526,-120,0,0" /><INIT seed="6,0,0,3,3,59" ten="448,196,406,0" oya="2" hai0="122,135,49,35,98,58,134,68,55,89,56,108,84" hai1="132,97,106,76,101,74,71,63,53,88,50,96,33" hai2="130,118,72,1,90,41,67,57,43,103,32,77,44" hai3="" shuffle="mt19937ar,4F65E5E6,29AF9F71,5502D0FC,0B2655D4,8EB657B2,DA07BD3E,B533B2F6,1D6280D6"/><V129/><F1/><T133/><N who="0" m="31264" /><T60/><D35/><U52/><E33/><V66/><F32/><T78/><D108/><U121/><N who="1" m="31008" /><U123/><N who="1" m="31520" /><U73/><E132/><V75/><F118/><T91/><D68/><U114/><E114/><V119/><F119/><T102/><D78/><U117/><E117/><V131/><F103/><T115/><D84/><U93/><E76/><V65/><F57/><T110/><D115/><U70/><E70/><V80/><F75/><T2/><D110/><U46/><REACH who="1" step="1"/><E53/><REACH who="1" step="2"/><V99/><F43/><T116/><D116/><U45/><E45/><V113/><F113/><T111/><D111/><U126/><E126/><V42/><F42/><T0/><D0/><U128/><E128/><V61/><F90/><T54/><D2/><U95/><E95/><AGARI ba="0,1" hai="49,54,55,56,58,60,89,91,95,98,102,133,134,135" m="31264" machi="95" ten="40,5200,0" yaku="20,1,52,2" doraHai="59" who="0" fromWho="1" sc="448,62,186,-52,406,0,0,0" owari="510,46,134,-47,406,1,0,0" /></mjloggm>