<mjloggm ver="2.3"><GO type="225"/><UN n0="%EF%BC%A6%EF%BC%B8%E9%9B%80%E5%A3%AB" n1="%73%69%64%65" n2="%E8%B6%85%E3%83%92%E3%83%A2%E3%83%AA%E3%83%AD" n3="%E9%9B%81%E7%BA%8F" dan="16,17,17,16" rate="2052,2107,2091,2042" sx="M,M,F,M"/><TAIKYOKU oya="0"/><INIT seed="0,0,0,1,0,124" ten="250,250,250,250" oya="0" hai0="37,4,101,16,109,34,35,78,107,25,106,23,121" hai1="90,40,98,131,13,104,89,95,46,65,93,63,82" hai2="87,61,70,60,41,24,68,53,73,58,45,117,135" hai3="118,92,113,51,119,102,2,27,132,85,133,103,11" shuffle="mt19937ar,19203D9D,ECD1897E,0047209D,BB2C17B4,6F012BF5,A469D18F,26297134,393497DB"/><T54/><D121/><U97/><E104/><V116/><F73/><W91/><G51/><T108/><D37/><U66/><E82/><V29/><F87/><W120/><G27/><T88/><D78/><U126/><E126/><V36/><F135/><N who="3" m="51787" /><G11/><T12/><D106/><U8/><E63/><V15/><F15/><W7/><G7/><T75/><D75/><U125/><E125/><V115/><F115/><W31/><G31/><T42/><D42/><U71/><E71/><V56/><F24/><W72/><G2/><T19/><D4/><U123/><E123/><V94/><F29/><W52/><G52/><T105/><D105/><U1/><E1/><V128/><F94/><W30/><G30/><T122/><D122/><U114/><E114/><V77/><F77/><W62/><G62/><T38/><D38/><U84/><E84/><V20/><F20/><W22/><G22/><N who="0" m="11527" /><D54/><U83/><E83/><V33/><F33/><W18/><G18/><T79/><D79/><U134/><E134/><V110/><F110/><N who="0" m="42602" /><D88/><U6/><REACH who="1" step="1"/><E131/><REACH who="1" step="2"/><V14/><F128/><W39/><G120/><T44/><D44/><U74/><E74/><V55/><REACH who="2" step="1"/><F14/><REACH who="2" step="2"/><W21/><G72/><T69/><D69/><AGARI ba="0,2" hai="36,41,45,53,55,56,58,60,61,68,69,70,116,117" machi="69" ten="40,12000,2" yaku="1,1,2,1,9,1,34,3,53,0" doraHai="124" doraHaiUra="100" who="2" fromWho="0" sc="250,-120,240,0,240,140,250,0" /><INIT seed="1,0,0,1,4,65" ten="130,240,380,250" oya="1" hai0="18,63,124,105,106,28,39,58,115,11,79,95,24" hai1="131,94,57,99,19,27,7,41,44,122,111,128,0" hai2="52,45,66,30,26,74,102,29,21,49,35,20,109" hai3="132,123,116,48,118,8,59,97,92,50,119,117,130" shuffle="mt19937ar,A646AC30,4AD73068,5CA48A1F,D120D8D4,C6E7C840,726FEE45,A31E885F,8B246FF7"/><U129/><E122/><V84/><F74/><W53/><G123/><T69/><D115/><U72/><E72/><V70/><F109/><W67/><G132/><T83/><D39/><U60/><E0/><V108/><F108/><W98/><G130/><T112/><D124/><U90/><E111/><V78/><F102/><W75/><G75/><T114/><D114/><U1/><E1/><V33/><F33/><W77/><G77/><T100/><D112/><U71/><E7/><V3/><F3/><W133/><G133/><T51/><D51/><U73/><E73/><V15/><F35/><W121/><G121/><T6/><D18/><U87/><E27/><V110/><F110/><W31/><G31/><T127/><D127/><U4/><E4/><V25/><F15/><W43/><G67/><T46/><D46/><U17/><E99/><V55/><F55/><W89/><N who="3" m="29696" /><DORA hai="85" /><W47/><REACH who="3" step="1"/><G8/><REACH who="3" step="2"/><T23/><D11/><U10/><E10/><V103/><F66/><W38/><G38/><T40/><D28/><U81/><E131/><V91/><F78/><W86/><AGARI ba="0,1" hai="43,47,48,50,53,59,86,89,92,97,98" m="29696" machi="86" ten="60,8000,1" yaku="1,1,0,1,12,1,52,1,53,0" doraHai="65,85" doraHaiUra="16,134" who="3" fromWho="3" sc="130,-20,240,-40,380,-20,240,90" /><INIT seed="2,0,0,0,4,76" ten="110,200,360,330" oya="2" hai0="57,23,129,132,64,98,93,79,118,124,89,27,109" hai1="95,96,54,68,69,45,46,14,5,75,3,6,62" hai2="16,112,115,100,42,24,63,25,36,49,67,119,78" hai3="80,97,66,114,8,35,32,91,53,52,92,113,88" shuffle="mt19937ar,0AC47F02,7540AC7E,EC53A281,778AD206,29F88810,69FE8022,8A3341A3,9DC7FB19"/><V1/><F36/><W31/><G66/><T71/><D109/><U39/><E3/><V41/><F119/><W90/><G8/><T111/><D111/><U10/><E75/><V47/><F1/><W101/><G31/><T7/><D118/><U56/><E6/><V17/><F42/><W2/><G2/><T127/><D71/><U43/><REACH who="1" step="1"/><E46/><REACH who="1" step="2"/><V38/><F112/><N who="3" m="43115" /><G80/><T22/><D7/><U102/><AGARI ba="0,1" hai="5,10,14,39,43,45,54,56,62,68,69,95,96,102" machi="102" ten="20,2700,0" yaku="1,1,0,1,7,1,53,0" doraHai="76" doraHaiUra="126" who="1" fromWho="1" sc="110,-7,190,37,360,-13,330,-7" /><INIT seed="3,0,0,3,3,65" ten="103,227,347,323" oya="3" hai0="53,43,54,36,67,108,11,89,38,75,52,110,98" hai1="106,66,99,20,122,119,134,34,21,49,97,90,24" hai2="23,77,92,31,79,105,107,76,124,30,95,1,27" hai3="61,84,26,120,71,57,44,33,16,123,82,102,45" shuffle="mt19937ar,AC1161EC,55EC35FA,1EB465CD,A4CC90C6,914511CB,1F095F99,A48FF9A2,4BC7296B"/><W109/><G71/><T132/><D75/><U25/><E122/><V116/><F116/><W115/><G115/><T70/><D11/><U74/><E74/><V28/><F1/><W15/><G102/><T42/><D98/><U0/><E0/><V22/><F124/><W2/><G2/><T80/><D80/><U101/><E119/><V83/><F83/><W60/><G120/><T111/><D89/><U32/><E134/><V55/><F55/><N who="3" m="33855" /><G123/><T5/><D5/><U40/><E40/><V69/><F69/><W19/><G33/><T48/><D132/><U78/><E49/><V130/><F130/><W4/><G109/><T14/><D14/><U12/><E12/><V51/><F51/><W47/><G61/><N who="0" m="40303" /><D48/><U131/><E78/><V100/><F100/><W126/><G126/><T113/><D113/><U103/><E90/><V3/><F3/><W58/><G58/><T88/><D88/><U135/><E135/><V7/><F7/><W39/><G39/><T46/><D46/><U133/><E133/><V18/><REACH who="2" step="1"/><F23/><REACH who="2" step="2"/><N who="3" m="13671" /><G4/><T8/><D8/><U63/><E24/><V129/><F129/><W96/><G96/><T37/><AGARI ba="0,1" hai="36,37,38,42,43,52,53,54,108,110,111" m="40303" machi="37" ten="50,12000,2" yaku="29,2,14,1,34,2,52,1,54,1" doraHai="65" who="0" fromWho="0" sc="103,130,227,-30,337,-30,323,-60" owari="233,-12,197,-20,307,31,263,1" /></mjloggm>