<mjloggm ver="2.3"><GO type="185"/><UN n0="%53%54%4F%53%48%49%59%41" n1="%E5%8D%81%E5%85%AD%E5%A4%9C%E2%80%A0%E5%92%B2%E5%A4%9C" n2="%E3%81%A8%E3%81%8A%E3%82%8B%53%43%31" n3="" dan="17,16,16,0" rate="2145,2181,2086,1500" sx="M,F,M,C"/><TAIKYOKU oya="0"/><INIT seed="0,0,0,2,4,76" ten="350,350,350,0" oya="0" hai0="92,35,2,89,96,74,134,101,1,123,44,128,71" hai1="39,122,65,32,48,103,132,106,100,41,131,80,72" hai2="67,130,114,88,78,120,79,75,69,133,83,51,112" hai3="" shuffle="mt19937ar,D0EC3825,2DC5CFB2,BB391D75,662B5B6F,E3046766,7A996C04,12EFFE7C,A7451A32"/><T111/><N who="0" m="31520" /><T87/><D74/><U49/><N who="1" m="31264" /><U119/><E32/><V93/><N who="2" m="30752" /><V121/><N who="2" m="31008" /><V45/><F130/><T127/><D35/><U73/><E119/><V56/><F69/><T70/><D128/><U86/><E132/><V135/><F79/><T116/><D116/><U109/><E109/><V3/><F3/><T117/><D117/><U107/><E131/><V102/><F102/><T110/><D134/><N who="2" m="51210" /><F56/><T59/><D127/><U118/><E118/><V66/><F112/><T129/><D129/><U64/><E103/><V58/><F58/><T54/><D44/><U85/><E100/><V53/><F114/><T108/><D71/><U90/><E72/><V50/><F50/><T63/><REACH who="0" step="1"/><D70/><REACH who="0" step="2"/><U105/><E73/><V99/><AGARI ba="0,1" hai="45,51,53,66,67,75,78,83,88,93,99" m="51210,31008,30752" machi="99" ten="30,6000,1" yaku="20,1,52,3,54,1" doraHai="76" who="2" fromWho="2" sc="340,-40,350,-20,350,70,0,0" /><INIT seed="1,0,0,2,3,77" ten="300,330,420,0" oya="1" hai0="130,116,86,112,123,107,101,125,40,119,42,74,66" hai1="102,105,38,79,32,98,70,109,80,72,126,132,84" hai2="3,129,117,78,87,69,58,122,43,51,99,71,65" hai3="" shuffle="mt19937ar,45B9D4F1,F5C23513,E4B50205,A9B636CD,A86963C4,8FB47529,AA6DDACA,7C6D9E73"/><U53/><E32/><V34/><N who="2" m="31264" /><V39/><F117/><N who="0" m="45130" /><D112/><U124/><E38/><V56/><F3/><T134/><N who="0" m="31520" /><T111/><D74/><U0/><E70/><V37/><F34/><T2/><D2/><U59/><E0/><V48/><F129/><T103/><D130/><U47/><E47/><V73/><F73/><T97/><D134/><U33/><E33/><V62/><F99/><T75/><D75/><U52/><E132/><V100/><F100/><T49/><D103/><U35/><E35/><V76/><F87/><T110/><D125/><U108/><E72/><V55/><F78/><T85/><D66/><U118/><E118/><V61/><F76/><T114/><D114/><U131/><E131/><V63/><F63/><T67/><D67/><U41/><E126/><V81/><F81/><T44/><D42/><U127/><E41/><V91/><F65/><T60/><D60/><U96/><E127/><V54/><F91/><T133/><D133/><U135/><E124/><V88/><F88/><T50/><D50/><U82/><E135/><V120/><N who="2" m="30752" /><V68/><F68/><T46/><D46/><U83/><E102/><V64/><F64/><T94/><D86/><U92/><E84/><V113/><F43/><RYUUKYOKU ba="0,0" sc="300,10,330,-20,420,10,0,0" hai0="40,44,49,85,94,97,101,107,110,111" hai2="37,39,48,51,54,55,56,58,61,62,69,71,113" /><INIT seed="2,1,0,1,4,55" ten="310,310,430,0" oya="2" hai0="106,61,44,52,59,0,48,63,120,82,54,131,43" hai1="78,2,33,96,41,121,32,69,71,95,115,85,97" hai2="35,77,105,66,101,118,73,122,45,76,75,114,47" hai3="" shuffle="mt19937ar,2D394FC0,28D3A2CE,6A5209CC,0F7A7159,E1FCAC29,C9D11276,DF6ADFDA,6FC67F87"/><V129/><N who="2" m="31264" /><V88/><F114/><T125/><N who="0" m="30752" /><T68/><D0/><U99/><N who="1" m="31008" /><U124/><E2/><V74/><F35/><T108/><D106/><U134/><E115/><V119/><F129/><T87/><D131/><U90/><E134/><V104/><F66/><T83/><D125/><U89/><E124/><V51/><F51/><T58/><D108/><U80/><E41/><V62/><F62/><T107/><D107/><N who="2" m="41034" /><F101/><T57/><D68/><U67/><E33/><V135/><F135/><T36/><D87/><U100/><E32/><V1/><F1/><T133/><D133/><U46/><E71/><V42/><F42/><T126/><D126/><U92/><E46/><N who="2" m="17419" /><F88/><T128/><D128/><U130/><E130/><V116/><AGARI ba="1,0" hai="73,74,75,76,77,116,118,119" m="17419,41034,31264" machi="116" ten="50,6400,0" yaku="28,2,52,1" doraHai="55" who="2" fromWho="2" sc="310,-33,310,-33,430,66,0,0" /><INIT seed="2,2,0,3,2,135" ten="277,277,496,0" oya="2" hai0="120,47,64,49,2,66,88,50,128,114,92,32,86" hai1="125,53,76,93,121,59,113,101,117,112,42,69,105" hai2="40,96,39,44,36,61,130,45,81,77,102,134,122" hai3="" shuffle="mt19937ar,73985A4B,561742A5,A187C94B,EC8B7CDE,AEFB9047,265CAAB6,4978C94B,5CD12FE1"/><V63/><N who="2" m="31264" /><V46/><F130/><T116/><N who="0" m="30752" /><T33/><D2/><U73/><N who="1" m="31008" /><U118/><E69/><V3/><F3/><T100/><D128/><U71/><E71/><V82/><F134/><T84/><D116/><N who="1" m="44651" /><E42/><V48/><F45/><T109/><D109/><U35/><E35/><V38/><F46/><T107/><D114/><N who="1" m="44139" /><E53/><V54/><F54/><T89/><D100/><U41/><E41/><V131/><F131/><T108/><D107/><U58/><E59/><V65/><F77/><T111/><D47/><U56/><E56/><V119/><F119/><T60/><D92/><U34/><E58/><V133/><F133/><T106/><D106/><U51/><E51/><V98/><F65/><T91/><D91/><U78/><E34/><V99/><REACH who="2" step="1"/><F102/><REACH who="2" step="2"/><T83/><REACH who="0" step="1"/><D83/><AGARI ba="2,1" hai="36,38,39,40,44,48,61,63,81,82,83,96,98,99" m="31264" machi="83" ten="50,9600,0" yaku="1,1,2,1,52,1,53,0" doraHai="135" doraHaiUra="55" who="2" fromWho="0" sc="277,-100,277,0,486,110,0,0" /><INIT seed="2,3,0,2,5,127" ten="177,277,596,0" oya="2" hai0="95,100,46,124,1,108,77,117,85,105,80,86,39" hai1="101,66,71,111,64,87,50,82,56,135,125,59,93" hai2="33,48,49,121,134,109,81,123,44,102,57,35,60" hai3="" shuffle="mt19937ar,7468142F,D8F733A4,5281F18A,28C52B0D,68E5676D,08FDBDAB,97EE919B,A13C30ED"/><V120/><N who="2" m="30752" /><V113/><N who="2" m="31008" /><V92/><N who="2" m="31520" /><V72/><F113/><T38/><D124/><U73/><E73/><V47/><F134/><T106/><D1/><U68/><E111/><V132/><F132/><T94/><D108/><U78/><E125/><V112/><F112/><T0/><D0/><U2/><E2/><V74/><F109/><T53/><D117/><U63/><E135/><V70/><F70/><T52/><D100/><U83/><E83/><V55/><F102/><T34/><D80/><U96/><E50/><V97/><F97/><T42/><D42/><U115/><E115/><V129/><F92/><T3/><D3/><U79/><E79/><V62/><F57/><T116/><D116/><U131/><E71/><V104/><F81/><T36/><D36/><U99/><E68/><V40/><F104/><T32/><REACH who="0" step="1"/><D46/><REACH who="0" step="2"/><U75/><E101/><V89/><F40/><T54/><D54/><U67/><E82/><V58/><F55/><T61/><D61/><U90/><E63/><V126/><F126/><T91/><D91/><U84/><E90/><V98/><F89/><T130/><D130/><U45/><E131/><V118/><F118/><T41/><D41/><U69/><E67/><V103/><F103/><RYUUKYOKU ba="3,1" sc="167,20,277,-10,596,-10,0,0" hai0="32,34,38,39,52,53,77,85,86,94,95,105,106" /><INIT seed="4,4,1,0,1,132" ten="187,267,586,0" oya="0" hai0="86,67,113,42,104,32,90,107,70,46,95,60,88" hai1="72,81,63,121,45,44,39,125,119,122,34,116,128" hai2="58,103,102,87,49,100,130,82,110,76,105,0,2" hai3="" shuffle="mt19937ar,C5C44A61,F02071C8,B1217344,61F8FC62,35C630A3,9B91E44C,5355E819,5CC21306"/><T78/><D32/><U48/><N who="1" m="31008" /><U47/><N who="1" m="31264" /><U98/><E39/><V99/><F110/><T69/><D69/><U50/><E34/><V41/><F130/><T108/><D108/><U117/><E128/><V114/><F114/><T53/><D113/><U75/><E63/><V35/><F35/><T77/><D53/><U101/><E125/><V64/><F102/><T73/><D90/><U92/><REACH who="1" step="1"/><E81/><REACH who="1" step="2"/><V59/><F82/><T106/><REACH who="0" step="1"/><D73/><AGARI ba="4,2" hai="44,45,47,48,50,72,73,75,92,98,101,116,117,119" m="31264,31008" machi="73" ten="50,8000,1" yaku="1,1,2,1,52,2,53,0" doraHai="132" doraHaiUra="3" who="1" fromWho="0" sc="187,-88,257,108,586,0,0,0" /><INIT seed="5,0,0,0,1,60" ten="99,365,586,0" oya="1" hai0="67,2,43,34,102,128,91,73,59,74,126,103,85" hai1="68,116,119,3,81,115,82,90,131,56,32,92,106" hai2="64,100,124,0,134,97,95,99,35,122,101,125,69" hai3="" shuffle="mt19937ar,811EC5A8,A3B7F769,40B62397,C416CECB,3F1579FB,A21A690D,1DF22CA7,AFA767CB"/><U51/><E3/><V70/><N who="2" m="31264" /><V121/><N who="2" m="31008" /><V77/><F0/><T114/><D2/><U72/><E32/><V66/><F35/><T87/><D34/><U88/><E68/><V129/><F129/><T86/><D43/><U111/><E106/><V107/><F77/><T36/><D36/><U61/><E131/><V130/><F130/><T133/><D128/><U42/><E115/><V45/><F134/><T71/><D114/><U57/><E111/><V39/><F39/><T96/><D133/><U113/><E113/><V118/><F45/><T105/><D126/><N who="2" m="48746" /><F118/><T65/><D71/><AGARI ba="0,0" hai="64,66,69,70,71,95,97,99,100,101,107" m="48746,31008,31264" machi="71" ten="30,8000,1" yaku="18,1,52,4" doraHai="60" who="2" fromWho="0" sc="99,-80,365,0,586,80,0,0" /><INIT seed="6,0,0,5,3,70" ten="19,365,666,0" oya="2" hai0="69,121,102,80,77,117,39,114,120,64,107,85,128" hai1="97,93,32,123,75,52,90,94,54,51,135,57,38" hai2="2,66,133,63,74,33,62,48,68,104,40,53,47" hai3="" shuffle="mt19937ar,B2920B59,E87275D5,0424118B,663A3084,BAD69E4D,BDDBB9FB,C8146E64,4C4A3340"/><V72/><F104/><T86/><D102/><U83/><N who="1" m="31520" /><U110/><E32/><V37/><F2/><T71/><D85/><U131/><E110/><V42/><F33/><T132/><D80/><U134/><E131/><V45/><F133/><T61/><D86/><U109/><E109/><V116/><F116/><T100/><D77/><U113/><E113/><V78/><F78/><T118/><D100/><U65/><E65/><V36/><F63/><T56/><D56/><AGARI ba="0,0" hai="36,37,40,42,45,47,48,53,56,62,66,68,72,74" machi="56" ten="30,18000,2" yaku="7,1,9,1,24,2,52,2" doraHai="70" who="2" fromWho="0" sc="19,-180,365,0,666,180,0,0" owari="-161,-76,365,-3,846,79,0,0" /></mjloggm>