<mjloggm ver="2.3"><GO type="225"/><UN n0="%E3%82%88%E3%81%A3%E3%81%A1" n1="%4E%6F%2E%32" n2="%E6%B7%B1%E5%A4%9C%E3%81%AE%E5%AE%B4" n3="%E9%9B%81%E7%BA%8F" dan="16,16,16,16" rate="2077,2079,2046,2079" sx="M,M,M,M"/><TAIKYOKU oya="0"/><INIT seed="0,0,0,4,5,20" ten="250,250,250,250" oya="0" hai0="90,5,70,66,99,44,9,24,64,12,69,127,25" hai1="11,46,103,84,4,41,111,85,39,22,135,74,14" hai2="114,121,68,67,102,86,65,53,95,113,112,61,71" hai3="92,105,21,62,32,10,7,100,125,49,31,35,2" shuffle="mt19937ar,9A8C08A9,FE1347F7,D3BC8668,2CB25135,BA761B5D,3B5D2292,62CAED3A,F056619F"/><T119/><D119/><U58/><E74/><V89/><F121/><W106/><G125/><T6/><D127/><U75/><E135/><V77/><F77/><W81/><G49/><T55/><D69/><U56/><E75/><V47/><F102/><W82/><G92/><N who="0" m="56727" /><D70/><U37/><E111/><V109/><F109/><W48/><G48/><N who="0" m="29063" /><D5/><U93/><E37/><V28/><F28/><W57/><G35/><T117/><D117/><U72/><E72/><V78/><F78/><W126/><G126/><T50/><D50/><U83/><E103/><V118/><F118/><W98/><G32/><T122/><D122/><U124/><E124/><V94/><F47/><W104/><G106/><T8/><D8/><U0/><E4/><V54/><F95/><W133/><G133/><T120/><D120/><U3/><E93/><V34/><F34/><W110/><G110/><T96/><D96/><U101/><E39/><V79/><F79/><W36/><G36/><T1/><D1/><U29/><E101/><V131/><F131/><W60/><G105/><T73/><D73/><U128/><E128/><V19/><F112/><W107/><G104/><T116/><D116/><U87/><E0/><V42/><F113/><W63/><G57/><T123/><D123/><U130/><E58/><V27/><F114/><W15/><G2/><T43/><D43/><U26/><E56/><V88/><F42/><W80/><G80/><T108/><D108/><U51/><E130/><V13/><F68/><W52/><G52/><T129/><D129/><U16/><E3/><V59/><F71/><W91/><G91/><AGARI ba="0,0" hai="11,14,16,22,26,29,41,46,51,83,84,85,87,91" machi="91" ten="30,8000,1" yaku="6,1,7,1,8,1,52,1,54,1" doraHai="20" who="1" fromWho="3" sc="250,0,250,80,250,0,250,-80" /><INIT seed="1,0,0,5,4,67" ten="250,330,250,170" oya="1" hai0="61,17,108,16,14,117,79,28,22,52,84,78,1" hai1="18,37,129,134,50,6,89,92,124,48,55,2,33" hai2="101,115,70,49,87,120,7,135,112,110,38,80,127" hai3="12,73,122,119,93,65,66,75,21,40,82,29,26" shuffle="mt19937ar,E881E2DE,BEEA8EC8,159CFA81,BA79DC61,D8A497BF,32D78EFE,B8CB9705,0C34B990"/><U114/><E33/><V25/><F38/><W5/><G119/><T103/><D1/><U96/><E114/><V23/><F112/><W85/><G122/><T35/><D117/><U72/><E37/><V123/><F115/><W69/><G40/><T30/><D108/><U90/><E72/><V60/><F110/><W71/><G93/><T81/><D103/><U83/><E129/><V31/><F127/><W42/><G42/><T121/><D121/><U64/><E64/><V8/><F135/><W43/><G43/><T128/><D128/><U111/><E111/><V132/><F132/><W19/><G5/><T45/><D35/><U125/><E134/><V3/><F101/><W46/><G46/><T13/><D79/><U51/><E18/><V116/><F116/><W34/><G66/><T98/><D98/><U104/><E104/><V113/><F113/><W63/><REACH who="3" step="1"/><G71/><REACH who="3" step="2"/><T54/><D45/><N who="1" m="28047" /><E125/><V58/><F70/><W4/><G4/><T27/><D61/><U11/><E124/><V39/><F60/><W20/><G20/><N who="0" m="15463" /><D84/><N who="1" m="50335" /><E2/><V57/><F39/><W130/><G130/><T62/><D81/><U91/><E6/><V97/><F123/><W32/><G32/><T94/><D62/><U100/><E11/><V56/><F120/><W44/><G44/><T133/><D133/><U36/><E36/><V41/><F41/><W53/><G53/><T9/><D94/><U0/><E0/><V15/><F3/><W47/><G47/><T95/><D95/><U88/><AGARI ba="0,1" hai="50,51,88,90,91,92,96,100" m="50335,28047" machi="88" ten="30,3000,0" yaku="8,1,54,1" doraHai="67" who="1" fromWho="1" sc="250,-10,330,40,250,-10,160,-10" /><INIT seed="1,1,0,4,2,113" ten="240,370,240,150" oya="1" hai0="70,129,21,23,86,32,95,99,88,13,34,116,97" hai1="18,19,62,10,39,118,2,112,46,68,80,59,92" hai2="130,14,133,106,91,47,0,89,94,114,102,5,25" hai3="17,77,3,42,122,124,65,75,81,121,49,63,100" shuffle="mt19937ar,D5FA1214,6945D88F,B001F55B,2E03600D,9A87CB75,6B4B3AA5,8FC0C5CF,008FAB5D"/><U110/><E112/><V24/><F114/><W117/><G3/><T120/><D70/><U58/><E68/><V125/><F106/><W20/><G100/><T90/><D120/><U40/><E92/><V30/><F0/><W61/><G124/><T135/><D135/><U6/><E110/><V43/><F130/><W38/><G38/><T29/><D129/><U1/><E1/><V73/><F73/><W54/><G42/><T109/><D109/><U79/><E118/><V16/><F125/><W48/><G48/><T108/><D108/><U45/><E45/><V96/><F133/><W66/><G63/><T76/><D76/><U31/><E31/><V71/><F71/><W93/><G93/><T115/><D115/><U126/><E126/><V82/><F5/><W111/><G111/><T78/><D78/><U83/><E83/><V101/><F101/><W134/><G134/><T27/><D116/><U132/><E59/><V33/><F24/><N who="3" m="14351" /><G117/><T12/><D95/><U123/><E123/><N who="3" m="47114" /><G61/><T87/><D27/><U72/><REACH who="1" step="1"/><E132/><REACH who="1" step="2"/><V53/><F82/><W26/><G81/><T55/><D55/><AGARI ba="1,1" hai="2,6,10,18,19,39,40,46,55,58,62,72,79,80" machi="55" ten="30,12000,1" yaku="1,1,2,1,7,1,25,2,53,0" doraHai="113" doraHaiUra="64" who="1" fromWho="0" sc="240,-123,360,133,240,0,150,0" /><INIT seed="1,2,0,0,0,86" ten="117,493,240,150" oya="1" hai0="62,50,46,30,127,123,32,126,79,68,76,27,98" hai1="125,132,97,80,114,95,13,129,45,37,120,55,4" hai2="92,56,82,115,119,35,74,34,14,39,88,15,42" hai3="44,64,134,112,41,9,103,17,63,16,87,102,108" shuffle="mt19937ar,7C8306D7,2A0FFACC,B55B2C66,EF37C347,AD640F9B,586B1477,86654F7D,B9E2669C"/><U8/><E120/><V1/><F1/><W70/><G112/><T116/><D116/><U48/><E114/><V7/><F115/><W130/><G130/><T52/><D123/><U23/><E132/><V100/><F119/><W31/><G108/><T78/><D68/><U61/><E125/><V81/><F74/><W93/><G31/><T113/><D113/><U53/><E37/><V40/><F39/><W105/><G134/><T58/><REACH who="0" step="1"/><D98/><REACH who="0" step="2"/><U121/><E121/><V2/><F34/><W104/><G103/><T29/><D29/><U131/><E131/><V66/><F35/><W57/><G70/><T75/><D75/><U12/><E129/><V83/><F100/><W111/><G111/><T71/><D71/><U47/><E97/><N who="2" m="57479" /><F2/><W96/><G9/><T3/><D3/><U0/><E8/><N who="2" m="4383" /><F15/><W122/><G122/><T19/><D19/><U107/><E13/><V28/><F28/><W59/><G105/><T24/><D24/><U33/><E12/><V26/><F26/><W60/><G104/><T135/><D135/><U36/><E0/><V90/><F90/><W124/><G124/><T67/><AGARI ba="2,1" hai="27,30,32,46,50,52,58,62,67,76,78,79,126,127" machi="67" ten="30,4000,0" yaku="1,1,0,1,54,1,53,0" doraHai="86" doraHaiUra="77" who="0" fromWho="0" sc="107,56,493,-22,240,-12,150,-12" /><INIT seed="2,0,0,3,0,36" ten="163,471,228,138" oya="2" hai0="25,85,106,24,64,127,19,9,102,132,3,111,100" hai1="60,96,21,74,18,83,59,54,99,17,22,112,73" hai2="119,101,42,43,51,121,65,13,88,103,82,68,10" hai3="126,71,44,20,91,113,29,105,98,129,125,31,46" shuffle="mt19937ar,7618CF7F,52853DBE,0DD54AFE,5FA4EED1,ECF34B41,45BA86E2,498C1AFA,1E554D07"/><V14/><F121/><W27/><G71/><T90/><D132/><U53/><E112/><V133/><F119/><W128/><G113/><T63/><D127/><N who="3" m="48649" /><G31/><T7/><D111/><U109/><E109/><V30/><F133/><W6/><G6/><T37/><D37/><U58/><E60/><V93/><F68/><W2/><G2/><T38/><D38/><U84/><E84/><N who="2" m="50199" /><F30/><W15/><G15/><T61/><D61/><U79/><E83/><V114/><F65/><W23/><G23/><T97/><D102/><N who="2" m="38922" /><F114/><W92/><G105/><T35/><D35/><U56/><E56/><V122/><F122/><W130/><AGARI ba="0,0" hai="20,27,29,44,46,91,92,98,128,129,130" m="48649" machi="130" ten="40,2700,0" yaku="19,1,18,1" doraHai="36" who="3" fromWho="3" sc="163,-7,471,-7,228,-13,138,27" /><INIT seed="3,0,0,3,3,54" ten="156,464,215,165" oya="3" hai0="132,1,25,67,87,53,48,57,56,42,60,65,71" hai1="55,24,92,76,23,97,90,36,113,108,70,39,96" hai2="15,81,9,63,69,52,95,101,22,89,34,64,93" hai3="26,106,44,109,38,122,61,86,18,14,29,74,17" shuffle="mt19937ar,B02C0DEB,45AE10BC,10DFEA25,F6B3A231,C3B95077,373F9E56,4143FE5F,26A7963F"/><W129/><G122/><T134/><D1/><U124/><E70/><V6/><F34/><W102/><G74/><T0/><D0/><U41/><E108/><V31/><F101/><W49/><G38/><T75/><D75/><U72/><E124/><V43/><F43/><W32/><G129/><T4/><D4/><U84/><E113/><V79/><F89/><W118/><G118/><T115/><D115/><U28/><E72/><V40/><F40/><W7/><G109/><T103/><D103/><U99/><E39/><V46/><F31/><W126/><G126/><T98/><D98/><U120/><E120/><V73/><F22/><W127/><G127/><T104/><D104/><U111/><E111/><V80/><F80/><W11/><G61/><N who="0" m="38063" /><D25/><U21/><E41/><V85/><F73/><W128/><G128/><T50/><D87/><U27/><E36/><V20/><F20/><W94/><G106/><T100/><D100/><U47/><E76/><V83/><F83/><W35/><G35/><T3/><D3/><U107/><E107/><V5/><F5/><W62/><G62/><T37/><D37/><U51/><E96/><V2/><F2/><W130/><G130/><T105/><D105/><U121/><E121/><V135/><F85/><W78/><G102/><T68/><D68/><U114/><E114/><V116/><F81/><N who="3" m="47415" /><G94/><T131/><D131/><U10/><E10/><V16/><F79/><W12/><G12/><T91/><D91/><U66/><E66/><V8/><F93/><W30/><G30/><AGARI ba="0,0" hai="21,23,24,27,28,30,47,51,55,84,90,92,97,99" machi="30" ten="30,3900,0" yaku="7,1,9,1,8,1" doraHai="54" who="1" fromWho="3" sc="156,0,464,39,215,0,165,-39" owari="156,-19,503,49,215,-3,126,-27" /></mjloggm>