<mjloggm ver="2.3"><GO type="225"/><UN n0="%E3%83%9A%E3%83%AD%E3%81%A1%E3%82%83%E3%82%93" n1="%E4%BA%8C%E4%B8%89%E8%B5%A4%E4%BA%94%EF%BC%94%EF%BC%96%EF%BC%98" n2="%E3%81%91%E3%82%93%E3%81%9F%E3%82%8D%E3%81%86" n3="%E6%A1%9C%E8%8A%B1%E9%96%83%E3%80%85" dan="16,16,16,16" rate="2057,2066,2087,2060" sx="M,M,M,M"/><TAIKYOKU oya="0"/><INIT seed="0,0,0,5,2,91" ten="250,250,250,250" oya="0" hai0="79,36,14,113,80,24,50,57,8,64,21,29,116" hai1="19,9,101,75,35,77,66,122,102,11,38,49,98" hai2="133,56,32,100,71,87,121,7,22,59,97,23,20" hai3="70,68,90,112,61,124,118,103,117,12,18,31,42" shuffle="mt19937ar,7AF925E5,51828D03,51F7AFE6,227CAE5B,CBE85814,3C03B34E,469C6937,EF3A7CBE"/><T27/><D116/><U115/><E38/><V134/><F71/><W28/><G112/><T84/><D36/><U63/><E122/><V65/><F121/><W40/><G103/><T2/><D113/><U82/><E115/><V128/><F32/><W104/><G104/><T110/><D110/><U76/><E35/><V69/><F7/><W105/><G105/><T48/><D2/><U94/><E77/><V41/><F41/><W34/><G34/><T99/><D99/><U44/><E19/><V96/><F128/><W95/><G124/><T120/><D24/><U45/><E102/><V107/><F87/><W13/><G90/><T3/><D3/><U52/><REACH who="1" step="1"/><E45/><REACH who="1" step="2"/><V88/><F133/><W83/><G18/><N who="0" m="8519" /><D120/><U92/><E92/><V132/><F134/><W109/><G109/><T129/><D129/><U16/><E16/><V72/><F132/><W123/><G123/><T4/><D4/><U67/><E67/><V47/><F47/><W119/><G119/><T131/><D131/><U5/><E5/><V89/><F65/><W46/><G46/><T130/><D130/><U85/><E85/><V78/><F100/><W127/><G95/><T114/><D114/><U10/><E10/><V39/><F107/><W55/><G118/><T58/><D64/><U126/><E126/><V30/><F39/><W108/><G117/><T53/><D58/><AGARI ba="0,1" hai="9,11,44,49,52,58,63,66,75,76,82,94,98,101" machi="58" ten="30,12000,2" yaku="1,1,7,1,52,1,54,1,53,2" doraHai="91" doraHaiUra="6" who="1" fromWho="0" sc="250,-120,240,130,250,0,250,0" /><INIT seed="1,0,0,3,4,4" ten="130,370,250,250" oya="1" hai0="45,135,117,10,92,97,58,110,93,36,82,107,53" hai1="47,88,95,19,108,9,59,133,126,74,104,123,18" hai2="2,71,76,62,42,131,65,60,134,27,84,24,102" hai3="77,0,113,75,132,72,119,128,57,83,22,66,1" shuffle="mt19937ar,B4FB526A,1F9DDCA9,846F011A,C0DE2DD1,AC6F21B2,EB7FAA1B,5F74E82B,DA394132"/><U81/><E123/><V91/><F2/><W56/><G113/><T17/><D117/><U7/><E104/><V78/><F131/><W33/><G33/><T50/><D135/><U54/><E133/><V111/><F134/><W38/><G132/><T52/><D110/><U6/><E108/><V31/><F111/><W16/><G128/><T115/><D115/><U15/><E126/><V28/><F102/><W12/><G119/><T87/><D107/><U106/><E106/><V23/><F42/><W39/><G72/><T130/><D130/><U34/><E34/><V29/><F62/><W26/><G57/><T79/><D36/><U68/><E68/><V86/><F86/><W124/><G124/><T32/><D32/><U109/><E109/><V43/><F43/><W90/><G90/><T80/><D80/><U61/><E47/><V55/><F55/><W13/><G13/><T89/><D93/><U46/><E46/><V51/><F51/><W85/><G75/><T41/><D58/><U5/><E19/><V35/><REACH who="2" step="1"/><F29/><REACH who="2" step="2"/><W121/><G121/><T44/><REACH who="0" step="1"/><D45/><REACH who="0" step="2"/><U8/><E74/><V98/><F98/><W112/><G112/><T127/><D127/><U100/><E100/><V11/><F11/><W14/><G39/><T21/><D21/><N who="1" m="11487" /><E81/><AGARI ba="0,2" hai="23,24,27,28,31,35,60,65,71,76,78,81,84,91" machi="81" ten="30,3900,0" yaku="1,1,7,1,53,1" doraHai="4" doraHaiUra="64" who="2" fromWho="1" sc="120,0,370,-39,240,59,250,0" /><INIT seed="2,0,0,4,2,7" ten="120,331,299,250" oya="2" hai0="21,126,31,122,67,18,47,35,25,91,44,95,85" hai1="75,3,92,6,71,120,4,19,34,106,116,127,114" hai2="41,13,40,39,10,76,83,97,51,118,96,20,103" hai3="132,86,45,57,87,111,68,23,78,117,52,121,53" shuffle="mt19937ar,9D3BD073,A95BFBC8,899AC23D,551BED5E,B30A9986,37806F12,50521443,97E15749"/><V42/><F118/><W128/><G117/><T124/><D122/><U60/><RYUUKYOKU type="yao9" ba="0,0" sc="120,0,331,0,299,0,250,0" hai1="3,4,6,19,34,60,71,75,92,106,114,116,120,127" /><INIT seed="2,1,0,5,0,114" ten="120,331,299,250" oya="2" hai0="15,64,60,108,102,42,132,18,92,63,27,69,51" hai1="86,7,90,75,56,96,88,25,124,29,134,97,12" hai2="119,131,111,44,13,72,110,113,24,35,20,40,62" hai3="115,26,59,33,101,3,30,32,53,4,41,71,67" shuffle="mt19937ar,EE199C21,F06E19EB,98917122,5D430875,30FBE30C,F56561FB,5E09E112,203C4ACB"/><V121/><F72/><W31/><G115/><T130/><D130/><U118/><E75/><V36/><F113/><W19/><G41/><T93/><D132/><U78/><E134/><V133/><F35/><W112/><G112/><T126/><D126/><U10/><E124/><V6/><F133/><W17/><G101/><T73/><D73/><U47/><E118/><V107/><F107/><W87/><G67/><T95/><D108/><N who="2" m="41514" /><F121/><W28/><G71/><T74/><D74/><U100/><E47/><V38/><F131/><W55/><G87/><T122/><D122/><U46/><E46/><V128/><F128/><W81/><G81/><T49/><D27/><U94/><E56/><V0/><F0/><W135/><G135/><T21/><D42/><U2/><E2/><V84/><F84/><W98/><G98/><T34/><D34/><N who="3" m="13417" /><G59/><T23/><D23/><N who="1" m="15551" /><E96/><V57/><F38/><W52/><G26/><T77/><D77/><U127/><E127/><V8/><F20/><W48/><G48/><T120/><D120/><U43/><E43/><V129/><F24/><W123/><G123/><T103/><REACH who="0" step="1"/><D60/><REACH who="0" step="2"/><U54/><E78/><V82/><F129/><W37/><G37/><T45/><D45/><U68/><E68/><V109/><F109/><W70/><G70/><T125/><D125/><U91/><E54/><N who="2" m="34103" /><F82/><AGARI ba="1,1" hai="7,10,12,82,86,88,90,91,94,97,100" m="15551" machi="82" ten="30,2000,0" yaku="8,1,54,1" doraHai="114" who="1" fromWho="2" sc="110,0,331,33,299,-23,250,0" /><INIT seed="3,0,0,0,1,80" ten="110,364,276,250" oya="3" hai0="54,13,63,78,20,16,15,90,14,91,105,98,76" hai1="57,113,30,112,0,52,77,64,34,58,106,45,71" hai2="126,87,82,22,75,6,33,101,95,135,93,46,130" hai3="37,84,131,122,104,73,25,8,29,59,123,129,11" shuffle="mt19937ar,8F8DCE22,7ACC8B9F,4579368E,D015A0F5,B32B3F3E,ED85872D,23F463CB,20AF92B6"/><W2/><G73/><T97/><D105/><U66/><E0/><V4/><F33/><N who="3" m="20655" /><G104/><T69/><D69/><U23/><E34/><V83/><F126/><W61/><G37/><T67/><D67/><U110/><E106/><V132/><F46/><W120/><G84/><T103/><D103/><U127/><E77/><N who="2" m="44351" /><F22/><W119/><G119/><T102/><D102/><U35/><E35/><V116/><F116/><W94/><G94/><N who="2" m="35849" /><F6/><N who="3" m="1111" /><G59/><T32/><D32/><U47/><E71/><V62/><F62/><W39/><G61/><T109/><D109/><U49/><E23/><V118/><F4/><W31/><G39/><T60/><D13/><U3/><E49/><V88/><F118/><W53/><G53/><T107/><D107/><U42/><E52/><V72/><F101/><W86/><G86/><T128/><D128/><N who="3" m="49225" /><G11/><T7/><D54/><U92/><E57/><V21/><F130/><W124/><G31/><T89/><D89/><U17/><E30/><V111/><F111/><W24/><G24/><T19/><D20/><U27/><E110/><V41/><F21/><W133/><G133/><N who="2" m="51273" /><F41/><W9/><G9/><T55/><D55/><U43/><E42/><V96/><F72/><W10/><G10/><T114/><REACH who="0" step="1"/><D114/><REACH who="0" step="2"/><U117/><E113/><V40/><F40/><W50/><G50/><T38/><D38/><U99/><E112/><V70/><F70/><W115/><G115/><T18/><D18/><U36/><E17/><V134/><F134/><W74/><G124/><T108/><D108/><U48/><E36/><V1/><F1/><W85/><G74/><T100/><D100/><RYUUKYOKU ba="0,1" sc="100,10,364,-30,276,10,250,10" hai0="7,14,15,16,19,60,63,76,78,90,91,97,98" hai2="83,87,88,96" hai3="85,120,122,123" /><INIT seed="3,1,1,0,5,14" ten="110,334,286,260" oya="3" hai0="26,33,9,45,83,60,19,129,91,95,126,131,11" hai1="37,97,25,92,43,68,27,121,72,59,42,54,115" hai2="50,119,32,90,98,7,116,108,56,38,28,77,41" hai3="10,74,39,44,125,107,123,94,20,127,85,18,35" shuffle="mt19937ar,1DB560E5,D09A3D88,F43D184A,5BCA5641,A22DE969,D86E2912,5392D47B,6400A5CB"/><W132/><G123/><T67/><D126/><N who="3" m="48137" /><G107/><T52/><D83/><U31/><E72/><V34/><F108/><W124/><G74/><T62/><D33/><U51/><E115/><V76/><F38/><W16/><G35/><T100/><D100/><N who="1" m="60455" /><E68/><V24/><F34/><W105/><G105/><T93/><D45/><N who="1" m="26039" /><E37/><V53/><F41/><N who="3" m="22591" /><G124/><T82/><D82/><U30/><E43/><V66/><F66/><W47/><G132/><T4/><D4/><U104/><E104/><V87/><F7/><W69/><G69/><T80/><D80/><U118/><E118/><V110/><F119/><W29/><G47/><T134/><D134/><U2/><E2/><V5/><F116/><W13/><G29/><N who="1" m="10762" /><E121/><V73/><F73/><W130/><G130/><T117/><D117/><U61/><AGARI ba="1,1" hai="25,27,54,59,61" m="10762,26039,60455" machi="61" ten="30,1100,0" yaku="8,1" doraHai="14" who="1" fromWho="1" sc="110,-4,334,24,286,-4,260,-6" owari="106,-29,358,36,282,3,254,-10" /></mjloggm>