<mjloggm ver="2.3"><GO type="225"/><UN n0="%E9%95%B7%E5%B2%A1%E5%A4%A7%E6%98%8E%E7%A5%9E" n1="%EF%BC%88%EF%BC%8A%EF%BC%9E%EF%BC%9C%EF%BC%89" n2="%E3%82%AF%E3%83%AB%E3%83%AB%E2%98%86" n3="%E3%82%88%E3%81%A3%E3%81%A1" dan="16,17,16,16" rate="2022,2167,2082,2048" sx="F,F,F,M"/><TAIKYOKU oya="0"/><INIT seed="0,0,0,3,3,105" ten="250,250,250,250" oya="0" hai0="125,81,70,11,47,63,92,58,0,77,82,9,79" hai1="66,100,44,10,115,117,59,33,69,88,34,128,28" hai2="76,75,53,15,23,72,14,51,96,52,32,1,37" hai3="49,108,73,20,68,18,60,8,104,122,121,86,112" shuffle="mt19937ar,745277DF,96C44484,7B3C765F,F53E29A0,A0712C98,AAF47812,72C58517,BE885B7D"/><T67/><D125/><U131/><E117/><V45/><F32/><W132/><G104/><T54/><D92/><U24/><E100/><V89/><F1/><W91/><G112/><T90/><D90/><U93/><E115/><V116/><F116/><W119/><G119/><T35/><D35/><U57/><E34/><V27/><F37/><W130/><G130/><N who="1" m="49706" /><E44/><V21/><F53/><W65/><G132/><T12/><D0/><U83/><E83/><V62/><F62/><W25/><G108/><T97/><D97/><N who="1" m="57511" /><E10/><V110/><F110/><W129/><G129/><T87/><D47/><U134/><E134/><V85/><F96/><W71/><G71/><T95/><D95/><U113/><E113/><V19/><F76/><W16/><G49/><T80/><D11/><U127/><E127/><V102/><F102/><W48/><G48/><T13/><D9/><U74/><E74/><V98/><F98/><W84/><G73/><T17/><D81/><U31/><E31/><V7/><F15/><W111/><G111/><T29/><D29/><U114/><E114/><V39/><F39/><W64/><G64/><T41/><D13/><U118/><E118/><V107/><F107/><W126/><G126/><T4/><D12/><U5/><E5/><V133/><F133/><W101/><G101/><T30/><D4/><U78/><E78/><V46/><F46/><W40/><G40/><T26/><D41/><U38/><E38/><V106/><F106/><W61/><G8/><T50/><D30/><U2/><E2/><V55/><F7/><W36/><G36/><T124/><D124/><RYUUKYOKU ba="0,0" sc="250,-10,250,30,250,-10,250,-10" hai1="24,28,33,57,59,66,69" /><INIT seed="1,1,0,2,4,38" ten="240,280,240,240" oya="1" hai0="115,98,8,94,73,64,18,125,84,128,80,110,69" hai1="88,33,61,27,57,117,122,10,72,15,95,12,119" hai2="130,44,127,70,109,114,21,133,39,51,40,45,77" hai3="120,124,9,0,53,63,83,87,86,1,67,54,89" shuffle="mt19937ar,4702DD27,AF69A302,67B1C861,1E9B99DE,433E338A,68827727,2C03662A,7B5A5453"/><U134/><E72/><V106/><F106/><W47/><G120/><T36/><D115/><U131/><E122/><V13/><F77/><W23/><G124/><T4/><D36/><U20/><E33/><V90/><F127/><W41/><G23/><T113/><D125/><U105/><E105/><V96/><F70/><W104/><G104/><T111/><D113/><U107/><E107/><V91/><F114/><W103/><G103/><T99/><D73/><U102/><E102/><V74/><F74/><W121/><G121/><T25/><D128/><U42/><E42/><V60/><F130/><W78/><G9/><T112/><D112/><U59/><E59/><V135/><F60/><W26/><G26/><T37/><D37/><U2/><E2/><V58/><F58/><W132/><G132/><N who="2" m="50761" /><F96/><W6/><G6/><T31/><D99/><U76/><E76/><V93/><F93/><W129/><G129/><T52/><D94/><U34/><E134/><V123/><F123/><W75/><G75/><T22/><D98/><N who="1" m="57703" /><E34/><V56/><F56/><N who="3" m="37351" /><G0/><T118/><D69/><U46/><E131/><V11/><F21/><W97/><G1/><T81/><D22/><U32/><E32/><V85/><F85/><W100/><G100/><T126/><D126/><U68/><E68/><V55/><F109/><W16/><G97/><T50/><D111/><U30/><E10/><V48/><F39/><W17/><G86/><T79/><D8/><U65/><E46/><V7/><AGARI ba="1,0" hai="7,11,13,40,44,45,48,51,55,90,91" m="50761" machi="7" ten="30,2000,0" yaku="20,1,52,1" doraHai="38" who="2" fromWho="2" sc="240,-6,280,-11,240,23,240,-6" /><INIT seed="2,0,0,2,3,19" ten="234,269,263,234" oya="2" hai0="78,8,135,24,84,107,103,88,57,79,46,112,38" hai1="28,95,94,130,10,118,66,117,121,122,53,18,106" hai2="37,128,89,62,43,25,45,73,101,72,123,75,41" hai3="20,81,33,108,7,68,110,56,114,35,16,44,58" shuffle="mt19937ar,745B8A1B,8766ECF2,75A87490,8AFF0109,CA7576D8,E3EC46A8,763AB2DC,A1B4FE81"/><V80/><F123/><W15/><G68/><T90/><D112/><U9/><E18/><V124/><F124/><W116/><G116/><T50/><D135/><U40/><E66/><V70/><F128/><W83/><G114/><T42/><D103/><U131/><E40/><V109/><F101/><W26/><G44/><T100/><D100/><U102/><E102/><V31/><F43/><W113/><G113/><T11/><D107/><U14/><E14/><V27/><F109/><N who="3" m="42091" /><G58/><T1/><D90/><U23/><E28/><V82/><F27/><W97/><G97/><T67/><D1/><U119/><E119/><V21/><REACH who="2" step="1"/><F89/><REACH who="2" step="2"/><W39/><G39/><T77/><D38/><U129/><E129/><V96/><F96/><W6/><G56/><T51/><D24/><U0/><E130/><V98/><F98/><W22/><G35/><T132/><D132/><U92/><E131/><V36/><F36/><W64/><G33/><T91/><D91/><U125/><E125/><V120/><F120/><W127/><G127/><T34/><D34/><U104/><E121/><V63/><F63/><W69/><G83/><N who="0" m="49183" /><D51/><U4/><E122/><V30/><F30/><N who="3" m="17735" /><G81/><T111/><D111/><U48/><E117/><V115/><F115/><W86/><G86/><T99/><D99/><U49/><E118/><V134/><F134/><W59/><G69/><T76/><N who="0" m="19456" /><DORA hai="105" /><T54/><D42/><U65/><E106/><V32/><F32/><W12/><G12/><T85/><D85/><U74/><E104/><V93/><F93/><W61/><AGARI ba="0,1" hai="6,7,15,16,22,59,61,64" m="17735,42091" machi="61" ten="30,7900,0" yaku="14,1,52,2,54,1" doraHai="19,105" who="3" fromWho="3" sc="234,-20,269,-20,253,-39,234,89" /><INIT seed="3,0,0,5,2,27" ten="214,249,214,323" oya="3" hai0="128,112,114,115,8,85,84,43,11,6,126,83,28" hai1="88,76,95,63,71,61,36,55,51,57,59,96,66" hai2="100,125,52,122,44,103,91,16,79,89,82,104,64" hai3="113,78,73,86,62,131,32,17,5,35,108,94,106" shuffle="mt19937ar,8A66E566,60F0FDB4,B7081D12,FCF4BBB1,1D675B96,419AE6C3,207F2A51,4EF57B94"/><W118/><G106/><T72/><D126/><U46/><E76/><V31/><F125/><W3/><G73/><T50/><D128/><U101/><E36/><V12/><F122/><W65/><G113/><T1/><D11/><U110/><E110/><V10/><F64/><W53/><G53/><T26/><D43/><U75/><E75/><V37/><F37/><W67/><G108/><T24/><D24/><U25/><E61/><V7/><F31/><W40/><G40/><T129/><D129/><U119/><E119/><V30/><F30/><W102/><G65/><T29/><D50/><U120/><E120/><V15/><F104/><W39/><G17/><T105/><D105/><U116/><E116/><V121/><F121/><W97/><G39/><T56/><D56/><U70/><E46/><V80/><F103/><W107/><G118/><T132/><D132/><U33/><E101/><V9/><F100/><W60/><G60/><T34/><D29/><U127/><E127/><V47/><F47/><W21/><G21/><T4/><D4/><U19/><E33/><V90/><F79/><AGARI ba="0,0" hai="1,6,8,26,28,34,72,79,83,84,85,112,114,115" machi="79" ten="40,2600,0" yaku="11,1,52,1" doraHai="27" who="0" fromWho="2" sc="214,26,249,0,214,-26,323,0" owari="240,-11,249,0,188,-21,323,32" /></mjloggm>