<mjloggm ver="2.3"><GO type="185"/><UN n0="%E3%81%B0%E3%81%8F%E3%81%92%E3%81%A3%E3%81%8D" n1="%E3%81%B5%E3%81%8F%EF%BC%A3%EF%BD%88%EF%BD%81%EF%BD%8E%E2%99%AA" n2="%E3%83%88%E3%83%90%E3%82%BE" n3="" dan="16,16,16,0" rate="2227,2187,2052,1500" sx="M,F,M,C"/><TAIKYOKU oya="0"/><INIT seed="0,0,0,1,2,110" ten="350,350,350,0" oya="0" hai0="53,68,60,70,40,71,108,117,95,109,98,105,39" hai1="73,38,49,37,41,79,89,51,132,118,43,135,116" hai2="128,86,90,35,84,44,33,101,122,99,75,133,119" hai3="" shuffle="mt19937ar,8ED09D62,8CA525FA,7C74B815,382C1694,58CA202D,80EA4715,326C9E4C,C439FFF5"/><T61/><D105/><U113/><E89/><V124/><N who="2" m="31264" /><V106/><F75/><T32/><D32/><U69/><E79/><V52/><F133/><T121/><N who="0" m="31008" /><T67/><D98/><U97/><E73/><V120/><N who="2" m="30752" /><V126/><F128/><T107/><D107/><U129/><E97/><V88/><F119/><T65/><D117/><U50/><E51/><V111/><F111/><N who="0" m="42570" /><D95/><U54/><E54/><V81/><F35/><T91/><D91/><U64/><E64/><N who="0" m="24649" /><D53/><U66/><E66/><V72/><F72/><T62/><D40/><U34/><E34/><V63/><F33/><T102/><D102/><U0/><E0/><V74/><F74/><T93/><D93/><U76/><E76/><V92/><F90/><T77/><D77/><U134/><E134/><V131/><F106/><T56/><D39/><U58/><E129/><V85/><F131/><T114/><D56/><U96/><E96/><V1/><F1/><T47/><D47/><U42/><E42/><V130/><F130/><T57/><D57/><U115/><E58/><V55/><F101/><T104/><D104/><U112/><REACH who="1" step="1"/><E113/><AGARI ba="0,0" hai="60,61,62,68,70,71,113,114" m="24649,42570,31008" machi="113" ten="40,24000,3" yaku="28,2,14,1,10,1,34,2,52,3" doraHai="110" who="0" fromWho="1" sc="350,240,350,-240,350,0,0,0" /><INIT seed="0,1,0,3,4,76" ten="590,110,350,0" oya="0" hai0="106,112,108,126,67,130,79,131,56,36,103,47,100" hai1="123,35,3,74,86,77,105,49,52,134,45,82,58" hai2="59,51,61,57,114,98,133,75,107,55,117,124,110" hai3="" shuffle="mt19937ar,D04D911B,4ADA8ABE,F5648C3D,FE941299,BA76E628,BF98D0F6,C1AE1823,AD112961"/><T111/><D112/><U73/><N who="1" m="31520" /><U128/><E35/><V53/><F114/><T72/><D126/><U90/><E3/><V88/><F75/><T102/><D36/><U71/><E71/><V0/><F0/><T64/><D47/><U109/><E105/><V50/><F124/><T122/><N who="0" m="31264" /><T80/><D56/><U37/><E109/><N who="0" m="42057" /><D106/><U1/><E1/><V118/><F110/><T43/><D43/><U39/><E134/><V54/><F133/><T116/><D116/><N who="2" m="44650" /><F107/><T127/><D127/><U81/><E128/><AGARI ba="1,0" hai="64,67,72,79,80,100,102,103,128,130,131" m="42057,31264" machi="128" ten="40,12000,1" yaku="19,1,14,1,10,1,52,2" doraHai="76" who="0" fromWho="1" sc="590,122,110,-122,350,0,0,0" owari="712,66,-12,-61,350,-5,0,0" /></mjloggm>