<mjloggm ver="2.3"><GO type="225"/><UN n0="%E5%B1%B1%E5%B9%B8%E5%95%86%E5%BA%97" n1="%E7%B7%9A%E5%BD%A2%E8%A8%88%E7%94%BB%E6%B3%95" n2="%E9%95%B7%E5%B2%A1%E5%A4%A7%E6%98%8E%E7%A5%9E" n3="%E5%85%AD%E5%88%86%E5%84%80%E3%82%B2%E3%83%B3%E3%83%89%E3%82%A6" dan="16,16,16,16" rate="2104,2037,2029,2088" sx="M,M,F,F"/><TAIKYOKU oya="0"/><INIT seed="0,0,0,5,5,104" ten="250,250,250,250" oya="0" hai0="82,130,7,35,18,25,134,111,11,39,22,66,9" hai1="115,3,59,5,74,124,57,91,106,107,37,60,1" hai2="26,30,55,128,100,94,4,46,114,76,54,70,95" hai3="93,41,10,71,52,27,119,61,97,133,44,99,24" shuffle="mt19937ar,A09E4BFA,2C70F1D8,6053A467,FCF1ECF6,EAE60B86,306A4B33,25C7332D,3BEA6D7F"/><T101/><D39/><U125/><E37/><V92/><F70/><W13/><G119/><T47/><D134/><U33/><E33/><V72/><F114/><W56/><G133/><T67/><D130/><U38/><E38/><V12/><F128/><W53/><G71/><T121/><D121/><U45/><E45/><V132/><F132/><W85/><G85/><T105/><D47/><U122/><E91/><V116/><F116/><W34/><G53/><T40/><D40/><U129/><E129/><V81/><F100/><W48/><G34/><T23/><D35/><U62/><E5/><V51/><F4/><W88/><G99/><T21/><D82/><U126/><E124/><V79/><F79/><W50/><G61/><T64/><D111/><U80/><E80/><V43/><REACH who="2" step="1"/><F12/><REACH who="2" step="2"/><W89/><G89/><T131/><D131/><U6/><E6/><AGARI ba="0,1" hai="6,10,13,24,27,41,44,48,50,52,56,88,93,97" machi="6" ten="30,7700,0" yaku="7,1,8,1,54,2" doraHai="104" who="3" fromWho="1" sc="250,0,250,-77,240,0,250,87" /><INIT seed="1,0,0,0,1,111" ten="250,173,240,337" oya="1" hai0="47,52,95,69,65,0,84,99,100,79,92,109,10" hai1="70,76,13,28,81,132,31,54,8,36,35,114,62" hai2="40,32,128,118,37,110,75,42,9,123,116,45,96" hai3="58,41,133,3,73,121,5,86,57,124,74,78,22" shuffle="mt19937ar,62ABBAE2,B225A4B5,712EDB6E,EE92F4AE,205D79C3,AB91BCC1,0076349C,AE00AC9C"/><U20/><E114/><V122/><F32/><W71/><G121/><N who="2" m="46089" /><F75/><W80/><G71/><T19/><D109/><U119/><E36/><V63/><F96/><W94/><G133/><T14/><D69/><U135/><E119/><N who="2" m="45611" /><F9/><W39/><G22/><T38/><D38/><U29/><E35/><V1/><F1/><W17/><G17/><T125/><D65/><U18/><E70/><V27/><F27/><W72/><G5/><T113/><D113/><U6/><E54/><V24/><F24/><W87/><G3/><T106/><D0/><U51/><E62/><V90/><F90/><W91/><G73/><T21/><D125/><U107/><E51/><V53/><F110/><W48/><G74/><T88/><D79/><U7/><E107/><V43/><F128/><W120/><G72/><T115/><D115/><U105/><E105/><V64/><F53/><W56/><G120/><T93/><D21/><N who="1" m="11471" /><E81/><V15/><F15/><W134/><G80/><N who="0" m="49159" /><D106/><U112/><E76/><V46/><F37/><W82/><G39/><T129/><D129/><U131/><E131/><V25/><F25/><W97/><G78/><T23/><D23/><U85/><E85/><V4/><F4/><N who="1" m="1577" /><E112/><V77/><F77/><W61/><G87/><T102/><D102/><U55/><E55/><V101/><F101/><W126/><G86/><T127/><D127/><U44/><E44/><V33/><F33/><W104/><G124/><T103/><D103/><U108/><E108/><V117/><F117/><W2/><G126/><T66/><D66/><U26/><E8/><V98/><F98/><W68/><G104/><RYUUKYOKU ba="0,0" sc="250,10,173,10,240,10,337,-30" hai0="10,14,19,47,52,92,93,95,99,100" hai1="20,26,28,29,31,132,135" hai2="40,42,43,45,46,63,64" /><INIT seed="1,1,0,3,1,46" ten="260,183,250,307" oya="1" hai0="37,120,9,26,72,103,42,62,76,3,105,78,84" hai1="44,32,101,133,96,85,19,5,50,52,135,100,116" hai2="61,115,33,99,48,60,79,23,34,80,128,13,81" hai3="125,91,98,17,121,66,70,87,89,69,38,83,104" shuffle="mt19937ar,D9766A00,F16F4AC1,8B731CA6,DD6D6A9F,814786DF,D0D81E05,42AFDE1F,3F660840"/><U27/><E116/><V15/><F115/><W18/><G121/><T29/><D120/><U10/><E85/><V35/><F128/><W74/><G38/><T12/><D62/><U25/><E32/><V119/><F119/><W117/><G117/><T106/><D3/><N who="1" m="319" /><E19/><V2/><F2/><W97/><G74/><T102/><D72/><U14/><E14/><V54/><F99/><W11/><G125/><T53/><D53/><U107/><E101/><V45/><F23/><W63/><G70/><T94/><D103/><U67/><E67/><V95/><F95/><W90/><G104/><T4/><D106/><U57/><E57/><V56/><F61/><W93/><G11/><T112/><D105/><U134/><AGARI ba="1,0" hai="25,27,44,50,52,96,100,107,133,134,135" m="319" machi="134" ten="30,6000,0" yaku="20,1,52,1,54,1" doraHai="46" who="1" fromWho="1" sc="260,-21,183,63,250,-21,307,-21" /><INIT seed="1,2,0,5,0,115" ten="239,246,229,286" oya="1" hai0="135,124,28,76,39,95,132,101,108,7,62,41,56" hai1="20,52,54,80,45,99,79,121,53,87,109,2,128" hai2="126,66,86,11,16,27,130,131,32,8,59,48,111" hai3="9,38,113,65,114,93,92,15,47,10,112,58,51" shuffle="mt19937ar,DDE870B5,6A095D5B,EB3931DA,498277FD,2AF25545,BD529604,99370CED,9EB929C3"/><U105/><E121/><V117/><F111/><W34/><G34/><T122/><D108/><U25/><E109/><V89/><F126/><W13/><G38/><T116/><D124/><U84/><E2/><V82/><F117/><W26/><G26/><T96/><D7/><U63/><E128/><N who="2" m="49195" /><F32/><W55/><G65/><T118/><D76/><U19/><E87/><V100/><F100/><W102/><G47/><T77/><D77/><U110/><E110/><V3/><F3/><W123/><G123/><T94/><D94/><U46/><REACH who="1" step="1"/><E63/><REACH who="1" step="2"/><N who="2" m="38271" /><F48/><W24/><G51/><T64/><D122/><U81/><E81/><V44/><F44/><W107/><G113/><T49/><D49/><U125/><E125/><V75/><F75/><W98/><G114/><T88/><D39/><U83/><E83/><V29/><F29/><W120/><G112/><T21/><D41/><U90/><E90/><V119/><F119/><N who="0" m="45610" /><D88/><U127/><E127/><V129/><F129/><W42/><G42/><T36/><D36/><U60/><E60/><V91/><F91/><W17/><G120/><T106/><D106/><U67/><E67/><V31/><F31/><W14/><G107/><T30/><D30/><U134/><E134/><V70/><F70/><W1/><G1/><T37/><D37/><U12/><E12/><V50/><F50/><N who="3" m="31095" /><G93/><T22/><D28/><U57/><E57/><V68/><F68/><W40/><G40/><T74/><D74/><U33/><E33/><V97/><F97/><W18/><G14/><T73/><D73/><U85/><E85/><V0/><F0/><W4/><G4/><RYUUKYOKU ba="2,1" sc="239,0,236,0,229,0,286,0" hai0="21,22,56,62,64,95,96,101,132,135" hai1="19,20,25,45,46,52,53,54,79,80,84,99,105" hai2="8,11,16,27,82,86,89" hai3="9,10,13,15,17,18,24,92,98,102" /><INIT seed="1,3,1,0,4,83" ten="239,236,229,286" oya="1" hai0="37,90,101,59,19,16,2,91,33,6,121,23,96" hai1="18,115,75,129,54,60,119,113,79,36,104,109,73" hai2="80,105,34,22,93,25,78,48,86,135,1,95,10" hai3="27,134,127,58,55,57,51,84,49,81,9,64,52" shuffle="mt19937ar,3A2695F5,C1ADE392,E603640E,7168746E,6B683563,B40B2AAC,EEEC52AA,797229A5"/><U44/><E119/><V97/><F34/><W114/><G134/><T67/><D37/><U126/><E104/><V94/><F135/><W100/><G127/><T53/><D33/><U39/><E79/><V26/><F105/><W4/><G27/><T66/><D6/><U108/><E126/><V32/><F32/><W118/><G118/><T42/><D42/><N who="1" m="22599" /><E39/><V123/><F123/><W15/><G114/><N who="1" m="43530" /><E18/><N who="0" m="6697" /><D2/><U133/><E133/><V24/><F22/><W45/><G100/><T12/><D12/><U28/><E28/><V69/><F69/><W35/><G35/><T88/><D23/><U124/><E124/><V11/><F97/><W125/><G125/><T50/><D121/><U71/><E129/><V110/><F1/><W89/><G64/><N who="0" m="24619" /><D101/><U117/><E117/><V99/><F99/><AGARI ba="3,1" hai="50,53,59,88,90,91,96,99" m="24619,6697" machi="99" ten="30,3900,0" yaku="8,1,54,2" doraHai="83" who="0" fromWho="2" sc="239,58,236,0,229,-48,286,0" /><INIT seed="2,0,0,1,3,24" ten="297,236,181,286" oya="2" hai0="60,132,2,18,8,122,123,115,34,4,117,57,62" hai1="77,101,41,6,55,78,71,20,9,103,30,96,133" hai2="67,3,112,37,81,1,39,131,91,56,76,26,5" hai3="42,92,46,19,69,106,125,33,128,134,61,100,16" shuffle="mt19937ar,DF6A6AA2,3655E8A0,CCF5C122,DD6A0F7A,542EDD92,00C94CE6,542011B0,B0A92AC9"/><V85/><F112/><W38/><G125/><T126/><D115/><U82/><E71/><V90/><F131/><W127/><G127/><T107/><D126/><U7/><E133/><V11/><F3/><W10/><G128/><T73/><D107/><U32/><E32/><V12/><F1/><W84/><G134/><T97/><D73/><U110/><E41/><V43/><F26/><W44/><G33/><T23/><D132/><U93/><E103/><V35/><F35/><W104/><G46/><T31/><D97/><U29/><E110/><V109/><F109/><W75/><G75/><T86/><D86/><N who="1" m="48463" /><E78/><V118/><F118/><W48/><G38/><T108/><D117/><U47/><E20/><V79/><F79/><W15/><G19/><T102/><D102/><U89/><E89/><V116/><F116/><W49/><G49/><T65/><D62/><U72/><E72/><V114/><F114/><W45/><G45/><T121/><D108/><U130/><E130/><V17/><F17/><W99/><REACH who="3" step="1"/><G84/><REACH who="3" step="2"/><T80/><D123/><U64/><E47/><N who="2" m="24047" /><F39/><W83/><G83/><T0/><D80/><U59/><E6/><V88/><F56/><W124/><G124/><T14/><D0/><U50/><E64/><AGARI ba="0,1" hai="10,15,16,42,44,48,61,64,69,92,99,100,104,106" machi="64" ten="40,5200,0" yaku="1,1,54,1,53,1" doraHai="24" doraHaiUra="58" who="3" fromWho="1" sc="297,0,236,-52,181,0,276,62" /><INIT seed="3,0,0,2,0,50" ten="297,184,181,338" oya="3" hai0="36,104,6,66,51,101,65,81,115,9,27,57,39" hai1="30,37,14,35,131,118,91,29,43,117,88,42,70" hai2="45,76,21,114,31,26,97,68,24,58,109,95,69" hai3="62,121,98,47,107,60,100,44,90,56,1,113,112" shuffle="mt19937ar,A639ADA0,6D097E42,43FCF2FD,66FF5D30,0FD9DCC9,E8B7F39D,B744B0D9,B955F9B7"/><W110/><G121/><T99/><D115/><U40/><E37/><V10/><F114/><W3/><G110/><T74/><D65/><U85/><E131/><V126/><F109/><W108/><G108/><T89/><D27/><N who="1" m="18879" /><E70/><V80/><F126/><W127/><G127/><T102/><D102/><U84/><E30/><V48/><F10/><W49/><G90/><N who="1" m="34346" /><E14/><V18/><F58/><W129/><G129/><T111/><D111/><U5/><E5/><V79/><F68/><W71/><G71/><T61/><D51/><U19/><E19/><V15/><F69/><W78/><G49/><T46/><D46/><U73/><E73/><V34/><F26/><W83/><G113/><T135/><D135/><U132/><E132/><V38/><F38/><W75/><G112/><T11/><D11/><U22/><E22/><N who="2" m="11615" /><F34/><W23/><G23/><T119/><D119/><AGARI ba="0,0" hai="40,42,43,84,85,117,118,119" m="34346,18879" machi="119" ten="30,2000,0" yaku="12,1,54,1" doraHai="50" who="1" fromWho="0" sc="297,-20,184,20,181,0,338,0" owari="277,3,204,-15,181,-22,338,34" /></mjloggm>