<mjloggm ver="2.3"><GO type="225"/><UN n0="%6B%6F%67%65%70%61%6E" n1="%E6%B7%B1%E5%A4%9C%E3%81%AE%E5%AE%B4" n2="%45%56%41%4E%53%49%55" n3="%23%37%34%E5%A4%A7%E6%B2%BB%E9%83%8E" dan="16,16,16,16" rate="2073,2047,2069,2064" sx="M,M,M,M"/><TAIKYOKU oya="0"/><INIT seed="0,0,0,2,2,118" ten="250,250,250,250" oya="0" hai0="77,102,29,73,64,55,94,23,17,30,116,36,121" hai1="74,5,106,51,9,35,68,18,45,53,14,132,44" hai2="69,83,104,1,88,3,15,26,84,13,89,31,63" hai3="33,100,76,65,61,125,40,27,47,86,12,82,4" shuffle="mt19937ar,74BFB559,B9F38D8B,63C2508E,066AF2D1,03154D09,A9201CB6,348B149D,4C36F68E"/><T126/><D116/><U21/><E106/><V111/><F111/><W123/><G125/><T59/><D36/><U93/><E74/><V38/><F104/><W22/><G33/><T37/><D37/><U128/><E68/><V78/><F38/><W101/><G123/><T95/><D126/><U115/><E115/><V24/><F1/><W32/><G32/><T25/><D64/><U0/><E35/><V56/><F69/><W42/><G4/><T2/><D2/><U49/><E128/><V54/><F3/><W98/><G12/><N who="2" m="4681" /><F31/><W135/><G135/><T72/><D121/><U107/><E107/><V133/><F133/><W99/><G61/><T28/><D73/><U92/><REACH who="1" step="1"/><E132/><REACH who="1" step="2"/><V110/><F110/><W80/><G101/><T19/><D72/><U67/><E67/><V124/><F124/><W50/><G65/><T127/><D127/><U114/><E114/><V96/><F96/><W108/><G108/><T79/><D102/><U90/><E90/><AGARI ba="0,1" hai="24,26,54,56,63,78,83,84,88,89,90" m="4681" machi="90" ten="30,2000,0" yaku="8,1,54,1" doraHai="118" who="2" fromWho="1" sc="250,0,240,-20,250,30,250,0" /><INIT seed="1,0,0,5,2,76" ten="250,220,280,250" oya="1" hai0="2,5,90,104,114,35,127,26,111,4,135,122,118" hai1="103,106,132,54,128,39,11,74,120,30,50,48,63" hai2="80,71,73,20,57,88,78,21,85,95,91,42,37" hai3="18,15,3,82,98,19,36,101,108,100,69,7,31" shuffle="mt19937ar,47986A44,3BE00B6B,19AC4AF1,DFA5A14F,D3B05201,70E15077,4DE12422,EF964F41"/><U46/><E120/><V79/><F71/><W56/><G69/><T41/><RYUUKYOKU type="yao9" ba="0,0" sc="250,0,220,0,280,0,250,0" hai0="2,4,5,26,35,41,90,104,111,114,118,122,127,135" /><INIT seed="1,1,0,2,2,130" ten="250,220,280,250" oya="1" hai0="16,3,0,121,50,52,106,75,80,57,25,108,63" hai1="88,133,94,93,17,112,96,102,91,34,68,120,11" hai2="134,100,85,103,53,71,39,98,29,125,104,69,97" hai3="59,129,2,43,4,6,33,20,122,47,35,115,21" shuffle="mt19937ar,ED014C09,770BECF8,AF97D1EC,7CEBE84B,5F8614E0,1E4DFF51,B7573A25,D788B964"/><U24/><E120/><V77/><F39/><W38/><G122/><T105/><D121/><U82/><E68/><V10/><F125/><W61/><G115/><T84/><D75/><U101/><E112/><V48/><F29/><W18/><G129/><T5/><D108/><U127/><E127/><V36/><F36/><W45/><G21/><T37/><D37/><U92/><E34/><V89/><F77/><W124/><G124/><T22/><D3/><U83/><E133/><V73/><F73/><W114/><G47/><T27/><D27/><U13/><E24/><V131/><F131/><W15/><G114/><T40/><D0/><U95/><REACH who="1" step="1"/><E91/><REACH who="1" step="2"/><V111/><F134/><W28/><G35/><T107/><D5/><U42/><E42/><V65/><F71/><W56/><G33/><T44/><D107/><U81/><AGARI ba="1,1" hai="11,13,17,81,82,83,88,92,93,94,95,96,101,102" machi="81" ten="30,11700,0" yaku="1,1,0,1,8,1,54,1,53,0" doraHai="130" doraHaiUra="58" who="1" fromWho="1" sc="250,-40,210,130,280,-40,250,-40" /><INIT seed="1,2,0,3,3,17" ten="210,340,240,210" oya="1" hai0="36,10,64,95,29,104,112,20,61,70,122,11,100" hai1="6,101,35,59,48,25,43,40,133,37,135,76,34" hai2="57,63,90,115,79,85,23,41,106,127,108,116,71" hai3="15,55,114,52,134,129,27,4,47,131,103,73,2" shuffle="mt19937ar,50D2CF73,4C6CD684,1BA6C2D0,998B39EF,7AE5F776,FB4CA6CA,56A76272,00280A53"/><U111/><E76/><V31/><F116/><W13/><G114/><T128/><D112/><U21/><E6/><V28/><F115/><W87/><G73/><T107/><D128/><N who="3" m="49225" /><G134/><N who="1" m="51210" /><E101/><V119/><F119/><W7/><G103/><T44/><D122/><U19/><E111/><V86/><F71/><W93/><G27/><T56/><D70/><U126/><E126/><V118/><F118/><W125/><G125/><T65/><D65/><U74/><E74/><V42/><F106/><W9/><G47/><T98/><D104/><U26/><E37/><V50/><F31/><W110/><G110/><T58/><D107/><U88/><E26/><N who="2" m="16479" /><F50/><W0/><G0/><T78/><D78/><U120/><E120/><V109/><F127/><W83/><G93/><T113/><D113/><U81/><E59/><V24/><F24/><W123/><G123/><T97/><D58/><U92/><E81/><N who="2" m="47295" /><F109/><W3/><G3/><T1/><D1/><U105/><E105/><V67/><F108/><W30/><G30/><T75/><D75/><U84/><E48/><V60/><F63/><W46/><G2/><T132/><D132/><U72/><E72/><V69/><F69/><W54/><G46/><T18/><D29/><U121/><E121/><V22/><F60/><W94/><G94/><N who="0" m="58423" /><D44/><U5/><E5/><N who="3" m="2122" /><G9/><T32/><D36/><U38/><E38/><V80/><F57/><W16/><G16/><T45/><D45/><U82/><E92/><V12/><F67/><W89/><AGARI ba="2,0" hai="13,15,52,54,55,83,87,89" m="2122,49225" machi="89" ten="40,2700,0" yaku="19,1,54,1" doraHai="17" who="3" fromWho="3" sc="210,-9,340,-15,240,-9,210,33" /><INIT seed="2,0,0,5,1,119" ten="201,325,231,243" oya="2" hai0="16,18,15,87,95,25,1,20,118,49,32,34,86" hai1="107,62,78,2,31,23,54,77,29,10,56,128,75" hai2="38,88,121,83,8,99,103,40,110,36,105,106,96" hai3="17,60,41,63,26,79,109,11,129,0,127,126,13" shuffle="mt19937ar,5B7235A9,F0531C10,A6191CAC,66FFAB01,62EBBAFE,32F61206,7717DFBA,71DE6215"/><V21/><F121/><W134/><G134/><T39/><D39/><U42/><E107/><V122/><F122/><W115/><G115/><T108/><D118/><U82/><E128/><V57/><F40/><W135/><G135/><T24/><D1/><U74/><E42/><V58/><F110/><W52/><G129/><T85/><D108/><U133/><E133/><V89/><F21/><W102/><G109/><T6/><D6/><U92/><E23/><V73/><F8/><W72/><G41/><T76/><D76/><U90/><E75/><V33/><F33/><W70/><G102/><T125/><D125/><N who="3" m="47625" /><G70/><T4/><D4/><U5/><E78/><V91/><F83/><N who="3" m="45543" /><G0/><T59/><D34/><U98/><AGARI ba="0,0" hai="2,5,10,29,31,54,56,62,74,77,82,90,92,98" machi="98" ten="20,1500,0" yaku="0,1,7,1" doraHai="119" who="1" fromWho="1" sc="201,-4,325,15,231,-7,243,-4" /><INIT seed="3,0,0,4,1,111" ten="197,340,224,239" oya="3" hai0="80,122,54,72,56,107,62,19,23,104,87,27,125" hai1="63,69,42,20,64,115,55,100,4,135,59,91,13" hai2="22,73,35,0,8,79,16,109,108,53,105,1,14" hai3="5,74,131,88,67,30,78,124,66,50,121,11,6" shuffle="mt19937ar,80B5CEF9,F6B830C8,7F51989F,E329738C,D63786AA,2C7ECB8E,7C89783B,2ED7E313"/><W93/><G121/><T126/><D122/><U38/><E115/><V84/><F105/><W12/><G131/><T29/><D72/><U48/><E135/><V68/><F68/><W34/><G124/><T118/><D118/><U75/><E75/><V18/><F73/><W52/><G5/><T103/><D103/><U106/><E100/><V114/><F53/><W94/><G94/><T120/><D120/><U10/><E106/><V86/><F35/><W99/><G34/><T81/><D81/><U129/><E129/><V46/><F46/><N who="3" m="27735" /><G74/><T117/><D117/><U2/><E91/><V15/><F84/><W28/><G78/><T70/><D70/><U119/><E119/><V123/><F123/><W39/><G39/><T33/><D126/><U45/><E20/><V97/><F97/><W41/><G41/><T113/><D125/><U32/><E32/><V132/><F132/><W128/><G128/><T61/><D61/><U49/><E49/><V9/><F86/><W95/><G95/><T21/><D33/><U36/><E36/><V102/><F102/><W25/><G25/><T92/><D92/><U43/><E43/><V130/><F79/><W51/><G51/><T7/><D7/><U101/><E101/><V58/><F130/><W116/><G116/><T90/><REACH who="0" step="1"/><D113/><REACH who="0" step="2"/><U37/><E37/><V44/><F114/><W76/><G76/><T71/><D71/><U110/><E110/><V40/><F109/><W65/><AGARI ba="0,1" hai="6,11,12,28,30,65,66,67,88,93,99" m="27735" machi="65" ten="30,6000,0" yaku="8,1,54,2" doraHai="111" who="3" fromWho="3" sc="187,-20,340,-20,224,-20,239,70" /><INIT seed="3,1,0,2,0,2" ten="167,320,204,309" oya="3" hai0="86,134,84,17,68,51,60,66,90,49,101,23,15" hai1="117,64,40,24,128,5,135,83,63,131,111,59,113" hai2="43,99,97,18,77,108,76,57,10,29,75,12,19" hai3="78,58,81,85,6,62,36,133,26,25,91,88,72" shuffle="mt19937ar,5751C2B3,8771A455,5D7BB3E3,FB76645B,E7018B30,8FD2B7C7,8E0BE677,FCF296D3"/><W1/><G36/><T16/><D134/><U71/><E135/><V33/><F108/><W95/><G133/><T114/><D114/><U110/><E113/><V79/><F75/><W126/><G126/><T73/><D73/><U39/><E117/><V61/><F43/><W35/><G35/><T94/><D101/><U48/><E5/><N who="2" m="3151" /><F29/><W130/><G130/><N who="1" m="49706" /><E24/><V8/><F33/><W112/><G112/><T0/><D0/><U3/><E3/><V106/><F106/><W54/><G1/><T9/><REACH who="0" step="1"/><D86/><REACH who="0" step="2"/><U102/><E102/><V21/><F99/><W107/><G107/><T38/><D38/><U104/><E104/><V13/><F97/><W30/><G30/><T80/><D80/><U105/><E83/><V115/><F115/><W121/><G121/><T69/><D69/><U45/><E105/><V96/><F96/><W67/><G91/><T129/><D129/><U87/><E87/><V92/><F92/><W127/><G127/><T119/><D119/><U22/><E39/><V123/><F123/><W132/><G132/><T82/><D82/><U20/><E71/><V37/><F37/><W65/><G72/><T122/><D122/><U11/><E110/><V118/><F118/><W52/><G81/><T100/><D100/><U41/><E111/><V14/><F79/><W31/><G78/><T47/><D47/><U44/><E44/><V42/><F77/><W27/><G31/><T89/><D89/><U53/><E40/><V93/><F42/><W120/><G120/><T50/><D50/><U56/><E41/><V116/><F76/><W109/><G109/><RYUUKYOKU ba="1,1" sc="157,30,320,-10,204,-10,309,-10" hai0="9,15,16,17,23,49,51,60,66,68,84,90,94" owari="187,-21,320,32,194,-16,299,5" /></mjloggm>