<mjloggm ver="2.3"><GO type="225"/><UN n0="%E9%AC%BC%E5%93%AD" n1="%23%37%34%E5%A4%A7%E6%B2%BB%E9%83%8E" n2="%E3%83%81%E3%83%A3%E3%82%AA%E3%83%AA" n3="%E5%88%BB%E5%AD%90%E5%B8%82%E6%B0%91" dan="17,16,17,17" rate="2047,2093,2071,2116" sx="M,M,M,M"/><TAIKYOKU oya="0"/><INIT seed="0,0,0,4,4,17" ten="250,250,250,250" oya="0" hai0="79,29,90,26,131,130,94,133,69,21,85,14,43" hai1="39,10,59,9,95,80,16,36,4,23,120,63,25" hai2="34,6,114,78,24,42,108,121,83,35,132,3,5" hai3="19,13,30,40,93,22,15,91,84,31,32,60,50" shuffle="mt19937ar,9AEFCA0F,199C5873,ED5CD0C3,91E3CBC7,1380BF9D,B7A429B9,AC72B1CF,428737C8"/><T70/><D133/><U68/><E120/><V74/><F114/><W125/><G125/><T49/><D79/><U66/><E9/><V51/><F121/><W61/><G15/><T88/><D14/><U45/><E45/><V12/><F132/><W135/><G135/><T41/><D90/><U20/><E68/><N who="0" m="26217" /><D49/><U107/><E107/><V53/><F42/><W117/><G117/><T96/><D96/><U81/><E95/><V113/><F113/><W62/><G32/><T28/><D28/><U103/><E103/><V97/><F3/><W115/><G115/><T126/><D126/><U102/><E102/><V112/><F112/><W101/><G101/><T37/><D37/><U89/><E89/><V67/><F67/><W129/><G129/><AGARI ba="0,0" hai="21,26,29,41,43,85,88,94,129,130,131" m="26217" machi="129" ten="30,5800,0" yaku="19,1,52,1,54,1" doraHai="17" who="0" fromWho="3" sc="250,58,250,0,250,0,250,-58" /><INIT seed="0,1,0,4,1,95" ten="308,250,250,192" oya="0" hai0="50,16,87,132,61,123,111,36,78,72,2,79,113" hai1="112,62,67,126,135,82,89,122,58,115,101,11,46" hai2="34,56,38,10,102,109,134,105,114,60,68,13,117" hai3="124,110,133,93,90,92,69,32,19,5,127,1,29" shuffle="mt19937ar,1E6A91C9,CADC03A8,1C1DC317,A79C486C,8F605231,1072FF68,EE8D665B,68F29A17"/><T20/><D113/><N who="1" m="43595" /><E122/><V52/><F114/><W88/><G69/><T73/><D36/><U24/><E135/><V76/><F38/><W33/><G133/><T131/><D123/><U9/><E126/><N who="3" m="48170" /><G110/><T75/><D132/><U4/><E4/><V26/><F134/><W80/><G80/><T98/><D2/><U118/><E118/><V14/><F109/><W99/><G19/><T119/><D119/><U107/><E46/><V51/><F76/><W128/><G128/><T84/><D131/><U106/><E24/><V121/><F117/><W71/><G71/><T18/><D111/><U85/><E101/><V41/><F121/><W35/><G29/><T86/><D61/><U12/><E12/><V63/><F63/><W97/><G5/><T39/><D39/><U104/><AGARI ba="1,0" hai="9,11,58,62,67,82,85,89,104,106,107" m="43595" machi="104" ten="40,1500,0" yaku="11,1" doraHai="95" who="1" fromWho="1" sc="308,-8,250,18,250,-5,192,-5" /><INIT seed="1,0,0,1,1,63" ten="300,268,245,187" oya="1" hai0="10,3,75,37,41,64,15,2,50,27,22,117,52" hai1="58,6,120,80,16,110,9,104,30,8,125,121,106" hai2="88,25,108,59,55,57,33,95,66,72,131,48,4" hai3="87,96,100,91,74,78,114,69,116,133,49,11,128" shuffle="mt19937ar,0C1B94D4,3EAF6E53,24E3BC56,7C63FFC0,F0692710,1F8BE0DF,FA7F9072,48C2CD05"/><U23/><E125/><V85/><F72/><W129/><G69/><T115/><D115/><U82/><E30/><V38/><F38/><W28/><G28/><T18/><D75/><U45/><E45/><V29/><F108/><W76/><G49/><T46/><D117/><U65/><E110/><V21/><F131/><N who="3" m="50251" /><G11/><T0/><D64/><U62/><E121/><V97/><F4/><W44/><G44/><T107/><D107/><U77/><E120/><V36/><F36/><W130/><N who="3" m="50259" /><W68/><DORA hai="134" /><G68/><T17/><REACH who="0" step="1"/><D37/><REACH who="0" step="2"/><U123/><E123/><V79/><F66/><W89/><G114/><T1/><N who="0" m="0" /><DORA hai="103" /><T40/><AGARI ba="0,1" hai="10,15,17,18,22,27,40,41,46,50,52" m="0" machi="40" ten="60,8000,1" yaku="1,1,4,1,0,1,54,1,53,0" doraHai="63,134,103" doraHaiUra="101,109,61" who="0" fromWho="0" sc="290,90,268,-40,245,-20,187,-20" /><INIT seed="2,0,0,0,0,52" ten="380,228,225,167" oya="2" hai0="17,35,96,99,121,97,45,131,68,78,130,101,51" hai1="100,60,92,82,33,84,30,47,95,128,5,65,36" hai2="109,15,44,48,46,8,122,83,14,112,117,93,29" hai3="25,16,91,53,69,110,32,102,3,66,85,119,75" shuffle="mt19937ar,601EDE36,F874D775,F18DD4C2,B228969D,A42BC792,B462BC4F,1316F82F,2BE5BB5C"/><V115/><F122/><W127/><G75/><T86/><D68/><U49/><E36/><V1/><F117/><W81/><G3/><T72/><D35/><U118/><E118/><V76/><F29/><W59/><G119/><T34/><D34/><U116/><E116/><V89/><F1/><W56/><G69/><T108/><D121/><U38/><E38/><V61/><F61/><N who="3" m="38207" /><G32/><T37/><D37/><U88/><E128/><N who="0" m="49193" /><D108/><U13/><E100/><V94/><F109/><W104/><G104/><N who="0" m="63527" /><D72/><U7/><E33/><V120/><F120/><W125/><G110/><T71/><D71/><U22/><E30/><V26/><F26/><W58/><G102/><T123/><D123/><U50/><E50/><V40/><F46/><W11/><G53/><N who="0" m="29935" /><D17/><U77/><E49/><V54/><F54/><W67/><G67/><T2/><D2/><U12/><E47/><V106/><F106/><W42/><G42/><T19/><D19/><U111/><E111/><V64/><F64/><W129/><G129/><T21/><D21/><U114/><E65/><V23/><F23/><N who="3" m="13543" /><G11/><T73/><D73/><U31/><E31/><V10/><F10/><W90/><G90/><T62/><D62/><U24/><E60/><V28/><F28/><W107/><G107/><T63/><D63/><U39/><E39/><V55/><F55/><W4/><G4/><T20/><D20/><U80/><E22/><V57/><F8/><W41/><G41/><T132/><D132/><U79/><E7/><V18/><F89/><W70/><G70/><T74/><D74/><U103/><E88/><V98/><F40/><RYUUKYOKU ba="0,0" sc="380,15,228,-15,225,-15,167,15" hai0="78,86,97,99" hai3="56,58,81,85,91,125,127" /><INIT seed="3,1,0,0,4,46" ten="395,213,210,182" oya="3" hai0="21,119,77,83,76,132,109,67,99,88,82,116,45" hai1="37,108,25,102,92,125,135,8,93,39,28,5,106" hai2="80,60,128,71,55,120,70,9,105,133,75,134,61" hai3="11,59,3,63,98,1,101,69,13,131,42,107,2" shuffle="mt19937ar,959A4100,30DF4525,EFD152FB,D7CB80E6,6681ADB4,70DA8208,2448E7E2,B68653F6"/><W47/><G69/><N who="2" m="26121" /><F105/><W17/><G131/><T96/><D67/><U33/><E135/><N who="2" m="51723" /><F128/><W111/><G111/><T52/><D21/><U16/><E106/><V64/><F64/><W66/><REACH who="3" step="1"/><G1/><REACH who="3" step="2"/><T89/><D109/><U68/><E108/><V118/><F118/><W81/><G81/><T85/><D116/><U104/><E68/><V58/><F120/><W117/><G117/><T31/><D119/><U72/><E125/><V78/><F9/><W86/><G86/><T22/><D83/><U62/><E8/><V4/><F4/><W50/><AGARI ba="1,1" hai="2,3,11,13,17,42,47,50,59,63,66,98,101,107" machi="50" ten="20,7800,0" yaku="1,1,0,1,7,1,52,1,53,0" doraHai="46" doraHaiUra="126" who="3" fromWho="3" sc="395,-27,213,-27,210,-27,172,91" /><INIT seed="3,2,0,4,0,27" ten="368,186,183,263" oya="3" hai0="76,18,112,70,131,19,133,122,71,91,100,59,67" hai1="23,3,4,41,11,12,121,113,13,114,85,73,65" hai2="43,101,38,35,119,74,51,82,111,109,124,16,5" hai3="47,84,22,81,34,107,36,15,90,0,87,93,44" shuffle="mt19937ar,622D9E4E,306DA3A9,649C3C01,99962224,A02CA1D3,814DBD9B,B1A16B7C,131E65A7"/><W54/><G34/><T63/><D122/><U68/><E121/><V75/><F119/><W64/><G0/><T49/><D100/><U95/><E73/><V56/><F38/><W25/><G107/><T66/><D76/><U88/><E41/><V92/><F5/><W69/><G36/><T77/><D77/><U52/><E3/><V78/><F124/><W89/><G64/><T26/><D133/><U14/><E14/><V132/><F132/><W80/><G69/><T134/><D134/><U24/><E13/><V118/><F118/><W103/><G15/><T45/><D131/><U116/><E116/><V115/><F35/><W48/><G103/><T62/><D112/><U10/><E10/><V104/><F115/><W53/><G93/><T1/><D1/><U7/><E7/><V130/><F130/><W46/><G53/><T60/><D26/><U58/><E68/><V99/><F16/><AGARI ba="2,0" hai="16,22,25,44,46,47,48,54,80,81,84,87,89,90" machi="16" ten="30,11600,0" yaku="7,1,9,1,8,1,54,1" doraHai="27" who="3" fromWho="2" sc="368,0,186,0,183,-122,263,122" owari="368,12,186,-16,61,-34,385,38" /></mjloggm>