<mjloggm ver="2.3"><GO type="225"/><UN n0="%EF%BC%A6%EF%BC%B8%E9%9B%80%E5%A3%AB" n1="%E2%98%85%E3%83%A6%E3%83%94%E3%83%86%E3%83%AB%E2%98%85" n2="%E3%83%81%E3%83%A3%E3%82%AA%E3%83%AA" n3="%4E%6F%2E%32" dan="16,16,17,16" rate="2049,2060,2079,2107" sx="M,M,M,M"/><TAIKYOKU oya="0"/><INIT seed="0,0,0,2,2,133" ten="250,250,250,250" oya="0" hai0="20,4,60,94,15,104,83,128,135,68,108,36,91" hai1="16,103,92,1,5,118,98,96,109,48,102,73,55" hai2="37,77,127,23,29,39,78,58,110,81,111,93,113" hai3="86,24,62,101,70,72,27,89,51,87,54,63,53" shuffle="mt19937ar,02234A76,1DD3BDED,AE8DB9C2,E3922072,53118DA4,4A15623B,618EA12C,C87864AD"/><T3/><D104/><U129/><E73/><V84/><F113/><W132/><G132/><T69/><D135/><U8/><E118/><V100/><F58/><W34/><G72/><T46/><D128/><U31/><E129/><V38/><F77/><W13/><G101/><T47/><D3/><U43/><E109/><N who="2" m="41483" /><F127/><W28/><G24/><T14/><D108/><U66/><E66/><V82/><F82/><W107/><G107/><T71/><D60/><U114/><E114/><V123/><F123/><W30/><G30/><T59/><D59/><U33/><E43/><V106/><F106/><W41/><G70/><T122/><D83/><U50/><E31/><V0/><F0/><W12/><G87/><T105/><D105/><U56/><E33/><V32/><F32/><W21/><G41/><T80/><D80/><U134/><E134/><V6/><F6/><W116/><G116/><T49/><D122/><U117/><E117/><V126/><F126/><W88/><G89/><T65/><D65/><U90/><E98/><N who="2" m="59471" /><F29/><W97/><G97/><T2/><D2/><U44/><E16/><V35/><F35/><W22/><G34/><T10/><D94/><U74/><E74/><V85/><F23/><W61/><G22/><T11/><D20/><U9/><E9/><V115/><F115/><W40/><G40/><N who="0" m="22791" /><D91/><U124/><E124/><V67/><F67/><W19/><G28/><T95/><D95/><U131/><E131/><V57/><F85/><W130/><G130/><T76/><D76/><U45/><E56/><V18/><F57/><N who="3" m="32959" /><G54/><N who="0" m="30015" /><D68/><U79/><E79/><V121/><F121/><RYUUKYOKU ba="0,0" sc="250,0,250,0,250,0,250,0" hai0="4,10,11,14,15,69,71" hai1="1,5,8,44,45,48,50,55,90,92,96,102,103" hai2="18,37,38,39,78,81,84" hai3="12,13,19,21,27,61,62,63,86,88" /><INIT seed="0,1,0,1,3,22" ten="250,250,250,250" oya="0" hai0="126,46,71,11,32,34,124,100,49,80,73,5,110" hai1="99,78,14,59,101,83,111,118,123,122,68,103,109" hai2="92,31,52,85,6,75,125,106,105,44,50,82,20" hai3="120,121,57,40,127,84,64,8,116,86,61,70,87" shuffle="mt19937ar,322DA459,92701427,31475B38,847D99D6,BCD73EDB,9B0796E7,65FCDED6,A667E0E4"/><T26/><D71/><U95/><E68/><V15/><F125/><N who="0" m="48234" /><D100/><N who="1" m="60543" /><E14/><V12/><F75/><W60/><G127/><T133/><D133/><U72/><E59/><V25/><F92/><W19/><G40/><T93/><D93/><U131/><E131/><V91/><REACH who="2" step="1"/><F15/><REACH who="2" step="2"/><N who="3" m="7655" /><G116/><T41/><D73/><U94/><E118/><V45/><F45/><W21/><G120/><N who="1" m="46122" /><E94/><V0/><F0/><W13/><G121/><T130/><D130/><U128/><E128/><V56/><F56/><W17/><G70/><T9/><D46/><U47/><E47/><V66/><F66/><N who="3" m="39183" /><G61/><T112/><D41/><U88/><E88/><V38/><F38/><W89/><G64/><T16/><D49/><U51/><E51/><V7/><F7/><W10/><G89/><T117/><D117/><U65/><E65/><V114/><F114/><W28/><G28/><T23/><D112/><U134/><E134/><V2/><F2/><W135/><G135/><T48/><D48/><U54/><E54/><V27/><F27/><W102/><G102/><AGARI ba="1,1" hai="72,78,83,101,102,103,109,111" m="46122,60543" machi="102" ten="30,2000,0" yaku="34,2" doraHai="22" who="1" fromWho="3" sc="250,0,250,33,240,0,250,-23" /><INIT seed="1,0,0,0,3,124" ten="250,283,240,227" oya="1" hai0="65,112,92,109,96,21,9,64,54,31,36,106,82" hai1="7,125,8,126,62,5,40,72,11,78,95,29,35" hai2="28,102,71,63,132,13,88,103,104,53,120,1,58" hai3="129,42,118,34,98,33,17,130,93,20,0,81,79" shuffle="mt19937ar,A17C3F47,398BA7B3,2021DD01,7392F890,7E23B9F4,7E327868,88A7C405,62A5E3CD"/><U74/><E40/><V91/><F1/><W90/><G0/><T46/><D112/><U110/><E62/><V61/><F120/><W76/><G42/><T80/><D106/><U70/><E70/><V37/><F37/><W25/><G118/><T89/><D36/><U45/><E45/><V83/><F132/><W60/><G60/><T51/><D109/><U75/><E78/><V6/><F28/><W26/><G26/><N who="0" m="16847" /><D9/><N who="1" m="3659" /><E95/><V22/><F6/><N who="1" m="2057" /><E29/><V56/><F71/><W24/><G24/><T87/><D80/><U123/><E35/><V10/><F10/><W43/><G43/><T122/><D122/><U57/><E57/><V128/><F104/><W27/><G79/><AGARI ba="0,0" hai="46,51,54,64,65,79,82,87,89,92,96" m="16847" machi="79" ten="30,1000,0" yaku="8,1" doraHai="124" who="0" fromWho="3" sc="250,10,283,0,240,0,227,-10" /><INIT seed="2,0,0,4,5,60" ten="260,283,240,217" oya="2" hai0="30,32,8,87,55,74,98,115,83,49,125,68,65" hai1="5,82,51,131,69,52,77,40,56,122,41,107,58" hai2="50,99,108,3,66,64,113,9,94,105,57,75,42" hai3="7,80,1,31,61,27,133,104,78,16,128,121,89" shuffle="mt19937ar,496C48BF,D6EC9F2A,BF02C183,1D3CFA43,1250EF17,4A5171AA,2CEB98D6,3E8C9734"/><V73/><F105/><W67/><G121/><T45/><D115/><U114/><E107/><V53/><F113/><W35/><G104/><T72/><D125/><U37/><E114/><V135/><F42/><W12/><G133/><T14/><D98/><U6/><E122/><V24/><F135/><W112/><G128/><T63/><D32/><U22/><E131/><V119/><F119/><W109/><G89/><T126/><D30/><U79/><E69/><V44/><F24/><W103/><G103/><T62/><D62/><U26/><E56/><V59/><F108/><W18/><G109/><T20/><D20/><U4/><E37/><V123/><F123/><W110/><G110/><T48/><D48/><U111/><E111/><V25/><F25/><W19/><G112/><T17/><REACH who="0" step="1"/><D126/><REACH who="0" step="2"/><U38/><E38/><V92/><F9/><W118/><G118/><T127/><D127/><U10/><E10/><V33/><F33/><W100/><G35/><T97/><D97/><U2/><E2/><V129/><F3/><W101/><G1/><T13/><D13/><U134/><E134/><V96/><F129/><W86/><G12/><T21/><D21/><U11/><E11/><V39/><F39/><W34/><REACH who="3" step="1"/><G7/><REACH who="3" step="2"/><T106/><D106/><U102/><E4/><V124/><F124/><W93/><G93/><T95/><D95/><U70/><E5/><V116/><F116/><W76/><G76/><AGARI ba="0,2" hai="8,14,17,45,49,55,63,65,68,72,74,76,83,87" machi="76" ten="30,3900,0" yaku="1,1,7,1,52,1,53,0" doraHai="60" doraHaiUra="90" who="0" fromWho="3" sc="250,59,283,0,240,0,207,-39" /><INIT seed="3,0,0,4,5,28" ten="309,283,240,168" oya="3" hai0="40,79,33,63,102,73,57,41,64,115,14,27,43" hai1="19,77,55,128,131,26,76,92,121,83,53,75,37" hai2="94,89,122,126,46,110,129,8,103,84,62,61,91" hai3="16,74,127,30,38,130,135,107,132,116,49,100,3" shuffle="mt19937ar,2E2BFABE,3C7F9CC5,42868E80,5E54AE4C,531FFF39,3273495A,1650AF7D,1DCBC1CD"/><W18/><G116/><T71/><D115/><U90/><E37/><V111/><F126/><W109/><G38/><T54/><D102/><U78/><E121/><V44/><F129/><N who="1" m="49737" /><E75/><V93/><F8/><W34/><G130/><T12/><D33/><U51/><E83/><V22/><F103/><W82/><G109/><N who="2" m="41481" /><F22/><W133/><G3/><T124/><D124/><U39/><E39/><V45/><F122/><W35/><G127/><T17/><D73/><U113/><E113/><V70/><F70/><W59/><G100/><T42/><D42/><U0/><E0/><V98/><AGARI ba="0,0" hai="44,45,46,61,62,84,89,91,93,94,98" m="41481" machi="98" ten="30,1100,0" yaku="14,1" doraHai="28" who="2" fromWho="2" sc="309,-3,283,-3,240,11,168,-5" owari="306,31,280,3,251,-10,163,-24" /></mjloggm>