<mjloggm ver="2.3"><GO type="185"/><UN n0="%53%54%4F%53%48%49%59%41" n1="%E5%8D%81%E5%85%AD%E5%A4%9C%E2%80%A0%E5%92%B2%E5%A4%9C" n2="%E3%82%89%E3%81%B6%E3%81%A1%E3%81%A3%E3%81%8F" n3="" dan="17,16,16,0" rate="2152,2170,2096,1500" sx="M,F,M,C"/><TAIKYOKU oya="0"/><INIT seed="0,0,0,0,5,106" ten="350,350,350,0" oya="0" hai0="104,44,85,110,128,105,97,67,132,36,115,1,34" hai1="124,99,66,88,117,125,93,68,71,133,89,94,49" hai2="47,86,41,62,43,70,87,57,38,76,116,32,80" hai3="" shuffle="mt19937ar,1D5F33F9,6D743CCF,B489B09E,CF913641,BE745737,72B2AA05,04A84589,33DFFF47"/><T129/><D85/><U64/><E117/><V46/><F116/><T92/><D97/><U69/><E133/><V108/><F70/><T35/><D92/><U33/><E33/><V130/><F130/><T39/><D67/><U114/><E114/><V52/><F108/><T126/><D44/><U134/><E134/><V54/><F32/><T119/><D105/><U58/><E66/><V37/><REACH who="2" step="1"/><F54/><REACH who="2" step="2"/><T131/><D35/><U48/><E64/><V73/><AGARI ba="0,1" hai="37,38,41,43,46,47,52,57,62,73,76,80,86,87" machi="73" ten="20,9000,2" yaku="1,1,2,1,0,1,7,1,9,1,52,1,54,1,53,0" doraHai="106" doraHaiUra="100" who="2" fromWho="2" sc="350,-60,350,-30,340,100,0,0" /><INIT seed="1,0,0,2,2,61" ten="290,320,440,0" oya="1" hai0="94,79,130,121,64,109,83,128,47,57,113,92,62" hai1="65,1,63,75,111,40,54,60,126,67,97,95,90" hai2="114,115,93,0,132,91,105,80,98,37,116,110,103" hai3="" shuffle="mt19937ar,2D8D08B6,9E7AB047,15CF20BF,14EF2841,92C401AD,F3E90E99,1B1BFA4D,344BF6FE"/><U89/><E75/><V35/><F0/><T52/><N who="0" m="31008" /><T124/><D113/><U76/><E1/><V38/><F35/><T81/><D124/><U74/><E111/><V86/><F116/><T45/><D109/><U122/><N who="1" m="31264" /><U123/><N who="1" m="31520" /><U51/><E126/><V78/><F110/><T100/><D83/><U59/><E40/><V104/><F132/><T82/><D82/><U48/><E89/><V77/><F37/><T102/><D102/><U69/><E74/><V36/><F36/><T129/><D100/><U133/><E133/><V125/><F38/><T135/><D135/><U53/><REACH who="1" step="1"/><E76/><REACH who="1" step="2"/><N who="2" m="29291" /><F125/><T118/><D118/><U85/><E85/><V3/><F3/><T96/><D96/><U71/><E71/><V87/><F86/><T73/><D45/><U58/><E58/><V41/><F41/><T101/><D101/><U117/><E117/><V72/><F72/><T119/><D119/><U49/><AGARI ba="0,1" hai="48,49,51,53,54,59,60,63,65,67,69,90,95,97" m="31520,31264" machi="49" ten="30,12000,2" yaku="1,1,0,1,52,4,53,0" doraHai="61" doraHaiUra="106" who="1" fromWho="1" sc="290,-60,310,130,440,-60,0,0" /><INIT seed="1,1,0,3,3,106" ten="230,440,380,0" oya="1" hai0="46,127,36,49,79,74,47,61,76,123,72,80,39" hai1="35,85,95,66,82,124,69,109,70,73,105,63,122" hai2="101,33,112,81,110,48,67,68,108,90,98,40,37" hai3="" shuffle="mt19937ar,EA04EFFC,18D44083,95119A26,418AD664,A8972A46,94EEE369,6CEEC70A,BEC401FF"/><U42/><N who="1" m="31264" /><U56/><E35/><V128/><F33/><T64/><N who="0" m="31520" /><T88/><D127/><U125/><E105/><V103/><F128/><T62/><D88/><U93/><E109/><V96/><F112/><T115/><D115/><U121/><N who="1" m="31008" /><U134/><E42/><V57/><F37/><T38/><D49/><U129/><E129/><V117/><F68/><N who="1" m="26217" /><E134/><V86/><F117/><T100/><D100/><U55/><E55/><V53/><F67/><T118/><D118/><U107/><E107/><V113/><F113/><T116/><D116/><U32/><E32/><V65/><F65/><T92/><D92/><U2/><E2/><V84/><F40/><T114/><D114/><U54/><E54/><V58/><F84/><T60/><D64/><U41/><E41/><V119/><F119/><T75/><REACH who="0" step="1"/><D80/><REACH who="0" step="2"/><U94/><E94/><V102/><F81/><T71/><D71/><U120/><N who="1" m="30752" /><U0/><E95/><V59/><F48/><T44/><AGARI ba="1,1" hai="36,38,39,44,46,47,60,61,62,72,74,75,76,79" m="31520" machi="44" ten="50,24000,5" yakuman="40" doraHai="106" doraHaiUra="43" who="0" fromWho="0" sc="220,252,440,-161,380,-81,0,0" /><INIT seed="2,0,0,2,1,3" ten="472,279,299,0" oya="2" hai0="42,2,68,87,56,72,86,126,78,73,88,110,81" hai1="100,37,97,102,91,44,101,109,114,60,80,54,128" hai2="119,95,98,94,46,74,45,99,104,61,77,55,1" hai3="" shuffle="mt19937ar,78953D07,3BB0996B,97553A59,4338B0E9,34B1C6EF,97DF9D43,6C08C48B,D38E3ACC"/><V117/><F1/><T120/><N who="0" m="30752" /><T0/><D68/><U47/><E114/><V51/><F104/><T48/><D0/><U40/><E109/><V107/><F107/><T36/><D2/><U59/><E128/><V52/><F77/><T130/><D110/><U89/><E97/><V53/><F74/><T132/><D130/><U50/><REACH who="1" step="1"/><E80/><REACH who="1" step="2"/><V90/><F61/><T65/><D132/><U82/><E82/><V121/><N who="2" m="31008" /><V69/><F69/><T39/><D126/><U124/><E124/><V63/><F63/><T75/><D75/><U71/><E71/><V85/><F85/><T111/><D73/><U76/><E76/><V64/><F64/><AGARI ba="0,1" hai="37,40,44,47,50,54,59,60,64,89,91,100,101,102" machi="64" ten="40,1300,0" yaku="1,1,53,0" doraHai="3" doraHaiUra="35" who="1" fromWho="2" sc="472,0,269,23,299,-13,0,0" /><INIT seed="4,0,0,4,0,95" ten="472,292,286,0" oya="0" hai0="47,125,40,105,96,119,65,130,113,41,122,116,88" hai1="129,127,77,55,89,99,51,81,120,131,52,35,83" hai2="0,33,134,46,91,117,103,101,80,36,59,67,112" hai3="" shuffle="mt19937ar,D92E38C8,F65BD6BC,7D6FE551,C9F0153C,C31D0DDE,CEFE7D0D,8118BF78,2B9C63F6"/><T62/><N who="0" m="31264" /><T84/><D113/><U45/><N who="1" m="30752" /><U93/><E35/><V69/><F112/><T63/><D130/><N who="1" m="49675" /><E127/><V123/><N who="2" m="31520" /><V109/><F109/><T73/><D73/><U111/><E111/><V54/><F117/><T133/><D133/><U74/><E83/><V102/><F134/><T114/><D114/><U66/><E66/><V56/><F33/><T97/><D125/><U32/><E32/><V68/><F0/><T87/><D65/><U44/><E44/><V92/><F80/><T100/><D47/><U104/><E104/><V90/><F67/><T2/><D105/><U115/><E115/><V34/><F34/><T118/><D118/><U42/><AGARI ba="0,0" hai="42,45,51,52,55,74,77,81,89,93,99" m="49675,30752" machi="42" ten="30,5900,0" yaku="19,1,52,2,54,1" doraHai="95" who="1" fromWho="1" sc="472,-39,292,59,286,-20,0,0" /><INIT seed="5,0,0,5,4,78" ten="433,351,266,0" oya="1" hai0="100,66,38,52,53,0,67,47,86,126,135,64,70" hai1="36,37,87,99,34,116,39,51,74,45,108,85,82" hai2="48,132,123,63,105,40,119,133,57,118,112,46,88" hai3="" shuffle="mt19937ar,88D90214,A5ED4A78,55E4A95A,DAE53C42,7417C900,AFE7078E,1D51F098,09B1486A"/><U55/><E34/><V81/><N who="2" m="31520" /><V50/><F105/><T103/><D0/><U90/><E116/><V110/><F110/><T122/><N who="0" m="31264" /><T113/><D113/><U80/><E108/><V106/><F106/><T130/><D130/><U69/><E69/><V2/><F2/><T83/><D70/><U91/><E74/><V32/><F32/><T115/><D115/><U134/><E99/><V98/><F112/><T77/><D135/><AGARI ba="0,0" hai="36,37,39,45,51,55,80,82,85,87,90,91,134,135" machi="135" ten="50,9600,0" yaku="9,1,52,2" doraHai="78" who="1" fromWho="0" sc="433,-96,351,96,266,0,0,0" /><INIT seed="5,1,0,5,1,67" ten="337,447,266,0" oya="1" hai0="56,68,78,35,111,130,0,89,100,126,135,79,114" hai1="32,41,106,46,76,80,123,55,97,117,70,90,122" hai2="91,64,66,95,124,134,85,61,71,129,81,34,119" hai3="" shuffle="mt19937ar,8F7EB0B9,9C2384D3,186A399F,58542D89,A310E573,DF5CBB3A,438EDEEE,9AF555E5"/><U43/><N who="1" m="31264" /><U37/><N who="1" m="31520" /><U96/><E32/><V125/><F34/><T77/><D35/><U103/><E117/><V51/><F119/><T94/><D0/><U131/><E131/><V2/><F2/><T38/><D130/><U92/><E43/><V101/><F129/><T113/><D38/><U53/><REACH who="1" step="1"/><E70/><REACH who="1" step="2"/><V75/><F134/><T74/><D68/><U3/><E3/><V72/><F124/><T1/><D135/><U86/><AGARI ba="1,1" hai="37,41,46,53,55,76,80,86,90,92,96,97,103,106" m="31520,31264" machi="86" ten="20,12000,2" yaku="1,1,0,1,7,1,52,2,53,1" doraHai="67" doraHaiUra="99" who="1" fromWho="1" sc="337,-61,437,132,266,-61,0,0" /><INIT seed="5,2,0,1,1,106" ten="276,569,205,0" oya="1" hai0="32,42,61,52,114,134,62,86,88,124,85,87,66" hai1="122,97,1,2,3,89,48,99,128,119,109,56,69" hai2="76,37,67,74,107,104,58,118,49,123,93,40,35" hai3="" shuffle="mt19937ar,C768492F,6BD6532C,68142207,3810619D,75863C0F,3724D6B7,79EE8EC1,88F7275F"/><U116/><N who="1" m="31264" /><U84/><E69/><V121/><N who="2" m="31008" /><V60/><N who="2" m="31520" /><V96/><F118/><T101/><D32/><U72/><E72/><V47/><F35/><T112/><D134/><U90/><E128/><V71/><F76/><T77/><D42/><U82/><E109/><V81/><F81/><T120/><N who="0" m="30752" /><T34/><D34/><U126/><E126/><V130/><F130/><T43/><D43/><U41/><E41/><V44/><F74/><T103/><D77/><U33/><E33/><V108/><F108/><T46/><D124/><U0/><N who="1" m="0" /><DORA hai="110" /><U98/><REACH who="1" step="1"/><E90/><REACH who="1" step="2"/><V79/><F79/><T68/><D88/><U92/><E92/><V129/><F129/><T57/><REACH who="0" step="1"/><D46/><REACH who="0" step="2"/><U45/><E45/><V94/><F47/><T59/><D59/><U95/><E95/><V38/><F93/><T36/><D36/><U50/><E50/><V65/><F38/><T39/><D39/><U105/><E105/><V131/><F131/><T111/><D111/><U102/><E102/><AGARI ba="2,2" hai="52,57,61,62,66,68,85,86,87,101,102,103,112,114" m="30752" machi="102" ten="40,12000,2" yaku="1,1,52,3,54,1,53,1" doraHai="106,110" doraHaiUra="63,132" who="0" fromWho="1" sc="266,144,559,-124,205,0,0,0" /><INIT seed="6,0,0,5,0,116" ten="410,435,205,0" oya="2" hai0="43,70,96,41,127,56,90,104,113,94,75,67,106" hai1="83,112,37,46,86,84,58,93,1,102,59,81,118" hai2="73,120,34,36,51,105,35,45,98,72,76,79,78" hai3="" shuffle="mt19937ar,1A374ECB,5F6450D1,C51924D8,E39A9438,3278DEE8,2D8B390B,66BA5D56,377C9E7D"/><V131/><N who="2" m="30752" /><V85/><F36/><T133/><D70/><U63/><E1/><V109/><F131/><T3/><D3/><U121/><N who="1" m="31008" /><U55/><E118/><V65/><F109/><T38/><D75/><U48/><E112/><V68/><F85/><T115/><D133/><U0/><E0/><V49/><F65/><T97/><D127/><U50/><E37/><V61/><F61/><T60/><D38/><U92/><E102/><V32/><F68/><T42/><REACH who="0" step="1"/><D97/><REACH who="0" step="2"/><U88/><E59/><V77/><N who="2" m="19456" /><DORA hai="123" /><V95/><F105/><AGARI ba="0,1" hai="41,42,43,56,60,67,90,94,96,104,105,106,113,115" machi="105" ten="50,1600,0" yaku="1,1,53,0" doraHai="116,123" doraHaiUra="126,128" who="0" fromWho="2" sc="400,26,435,0,205,-16,0,0" owari="426,3,435,38,189,-41,0,0" /></mjloggm>