<mjloggm ver="2.3"><GO type="225"/><UN n0="%E9%9B%B2%E9%9B%80%E6%81%AD%E5%BC%A5" n1="%E9%95%B7%E5%B2%A1%E5%A4%A7%E6%98%8E%E7%A5%9E" n2="%E5%88%BB%E5%AD%90%E5%B8%82%E6%B0%91" n3="%E5%B1%B1%E5%B9%B8%E5%95%86%E5%BA%97" dan="17,16,17,17" rate="2194,2055,2115,2159" sx="M,F,M,M"/><TAIKYOKU oya="0"/><INIT seed="0,0,0,1,0,34" ten="250,250,250,250" oya="0" hai0="29,112,122,54,71,60,62,127,110,35,1,57,48" hai1="41,133,119,45,98,84,82,11,67,21,91,26,89" hai2="36,125,32,99,31,109,120,104,22,75,134,115,106" hai3="76,19,111,108,94,23,130,51,68,18,52,37,3" shuffle="mt19937ar,C12DF914,0A63B65B,76E7E304,1957905A,179F6FC4,739E40B0,9BC561AB,D9E1BA44"/><T44/><D122/><U74/><E119/><V10/><RYUUKYOKU type="yao9" ba="0,0" sc="250,0,250,0,250,0,250,0" hai2="10,22,31,32,36,75,99,104,106,109,115,120,125,134" /><INIT seed="0,1,0,4,0,133" ten="250,250,250,250" oya="0" hai0="17,67,87,115,114,101,25,110,88,8,57,109,106" hai1="45,16,95,126,1,135,36,127,107,74,105,56,84" hai2="69,15,66,80,120,38,18,51,0,72,32,34,96" hai3="130,7,122,31,26,108,5,33,102,125,129,94,83" shuffle="mt19937ar,C792699D,A321F6C0,B9B128F7,5A5A5756,0760E9B6,CCE49063,2B25CDEF,F4100187"/><T19/><D101/><U23/><E74/><V10/><F38/><W37/><G37/><T134/><D106/><U53/><E1/><V52/><F66/><W103/><G122/><T79/><D79/><U55/><E135/><V104/><F69/><W49/><G108/><N who="0" m="41579" /><D134/><U28/><E28/><V90/><F0/><W70/><G83/><N who="0" m="49279" /><D8/><U112/><E112/><N who="0" m="43049" /><D25/><U118/><E118/><V20/><F104/><W6/><G70/><T113/><N who="0" m="43057" /><T63/><AGARI ba="1,0" hai="17,19,57,63,67" m="43057,49279,41579" machi="63" ten="50,12000,1" yaku="4,1,14,1,10,1,54,1" doraHai="133" who="0" fromWho="0" sc="250,123,250,-41,250,-41,250,-41" /><INIT seed="0,2,0,0,0,49" ten="373,209,209,209" oya="0" hai0="17,55,41,132,1,58,88,108,69,73,14,3,72" hai1="109,134,16,122,61,33,60,2,30,68,26,89,57" hai2="107,124,83,13,52,40,130,35,118,97,50,91,119" hai3="25,82,131,135,51,92,105,103,125,6,80,65,67" shuffle="mt19937ar,83A3FBB9,B15BBE9D,6E9B4878,198F3AC0,04B264DD,B863F1A2,9B16E31F,8A27A43D"/><T123/><D123/><U77/><E122/><V7/><F35/><W23/><G105/><T63/><D132/><U98/><E2/><V94/><F107/><W20/><G135/><T120/><D120/><U29/><E134/><V42/><F124/><W106/><G106/><T110/><D69/><U48/><E77/><V24/><F24/><W102/><G6/><T19/><D41/><U21/><E109/><N who="0" m="42089" /><D19/><U104/><E104/><V75/><F130/><W32/><G32/><T76/><D88/><U36/><E36/><V31/><F31/><N who="1" m="11785" /><E33/><V116/><F75/><N who="0" m="28746" /><D76/><U34/><E34/><V5/><F83/><W101/><G131/><T117/><D117/><U8/><E68/><V133/><F133/><W39/><G39/><T114/><D114/><U126/><E126/><V96/><F96/><W81/><G125/><T113/><D113/><U27/><E27/><V78/><F78/><W54/><G25/><T10/><AGARI ba="2,0" hai="1,3,10,14,17,55,58,63" m="28746,42089" machi="10" ten="30,6000,0" yaku="14,1,10,1,52,1" doraHai="49" who="0" fromWho="0" sc="373,66,209,-22,209,-22,209,-22" /><INIT seed="0,3,0,2,4,116" ten="439,187,187,187" oya="0" hai0="0,70,6,87,9,104,86,50,39,60,126,19,25" hai1="107,53,91,57,2,46,55,42,35,81,74,79,102" hai2="89,73,8,111,92,54,132,130,82,31,62,99,128" hai3="49,5,84,112,97,10,7,118,43,17,20,113,123" shuffle="mt19937ar,EAA3D2A5,9633390A,EC41680C,B37C1F91,9905FE0F,6F444CBE,D506B1C7,CB040E65"/><T36/><D104/><U125/><E2/><V12/><F31/><W80/><G118/><T103/><D103/><U40/><E35/><V66/><F54/><W3/><G97/><T71/><D126/><U134/><E125/><V93/><F93/><W32/><G7/><T109/><D50/><U56/><E134/><V61/><F132/><W64/><G64/><T34/><D71/><U44/><E102/><V83/><F111/><W58/><G32/><T37/><D109/><U122/><E107/><V106/><F106/><W117/><G117/><T63/><D70/><U33/><E33/><V94/><F94/><W13/><G123/><T114/><D114/><U45/><E122/><V108/><F108/><W121/><G121/><T110/><D110/><U98/><E98/><V75/><F75/><W18/><G18/><T105/><D105/><U88/><E55/><V59/><F61/><W76/><G58/><T38/><D38/><U22/><E22/><V90/><F90/><W65/><G65/><T129/><D129/><N who="2" m="49770" /><F73/><W52/><G52/><T78/><D87/><U27/><E27/><V131/><F131/><W51/><REACH who="3" step="1"/><G43/><REACH who="3" step="2"/><T4/><D4/><AGARI ba="3,1" hai="4,8,12,59,62,66,82,83,89,92,99" m="49770" machi="4" ten="30,1000,0" yaku="19,1" doraHai="116" who="2" fromWho="0" sc="439,-19,187,0,187,29,177,0" /><INIT seed="1,0,0,5,5,109" ten="420,187,216,177" oya="1" hai0="64,49,118,15,102,39,45,50,61,69,9,60,12" hai1="83,5,121,42,110,134,113,130,90,47,24,34,115" hai2="88,99,76,29,125,131,54,3,32,103,123,133,23" hai3="31,101,85,72,62,18,79,120,36,86,97,84,135" shuffle="mt19937ar,ABA45EF9,9EE253C7,078059D0,9429BBA2,FAA55E0F,D309A2AA,5784BEBA,4EA4CB12"/><U59/><E121/><V35/><F3/><W92/><G36/><T68/><D118/><U112/><E110/><V8/><F76/><W98/><G31/><T108/><D108/><U17/><E134/><V56/><F8/><W124/><G62/><T106/><D39/><U58/><E130/><V63/><F131/><W44/><G44/><T81/><D81/><U114/><N who="1" m="28672" /><DORA hai="132" /><U94/><E5/><V89/><F133/><W4/><G4/><T105/><D50/><U13/><E83/><V104/><F123/><W73/><G18/><T129/><D129/><U2/><E2/><V38/><F38/><W119/><G135/><T91/><D91/><U33/><E34/><V21/><F35/><W122/><G119/><T30/><D30/><U96/><E24/><V107/><F107/><N who="3" m="63919" /><G124/><T55/><D102/><U65/><E33/><V20/><REACH who="2" step="1"/><F125/><REACH who="2" step="2"/><W57/><G79/><T93/><D9/><U111/><E111/><V95/><F95/><W66/><G122/><T87/><D93/><U52/><E94/><V74/><F74/><W82/><G120/><T25/><D106/><U10/><E10/><V53/><F53/><W80/><G73/><T128/><D55/><U16/><E52/><V127/><F127/><W41/><G72/><T48/><D105/><U70/><E65/><V67/><F67/><W26/><G82/><T27/><D64/><U19/><E70/><V71/><F71/><W28/><G80/><T117/><D128/><U1/><E1/><V37/><F37/><W100/><G66/><T0/><D117/><U6/><E13/><V51/><F51/><RYUUKYOKU ba="0,1" sc="420,-10,187,-10,206,30,177,-10" hai2="20,21,23,29,32,54,56,63,88,89,99,103,104" /><INIT seed="2,1,1,1,0,96" ten="410,177,236,167" oya="2" hai0="88,22,39,72,78,1,38,91,108,82,67,43,65" hai1="84,18,103,120,86,125,132,133,36,123,5,79,32" hai2="2,14,106,11,68,94,59,55,89,50,99,27,95" hai3="30,116,51,62,102,128,12,17,35,77,44,42,49" shuffle="mt19937ar,FCE4FD5B,CE110C26,95F6B53E,1D6D0D47,1AFFDA55,420246A0,7F4914E0,476C96C5"/><V20/><F2/><W9/><G116/><T112/><D112/><U83/><E32/><V131/><F68/><W45/><G128/><T26/><D108/><U64/><E36/><V73/><F73/><W127/><G127/><T110/><D110/><U98/><E5/><V24/><F131/><W122/><G77/><T7/><D39/><U119/><E64/><V130/><F130/><W100/><G122/><N who="1" m="46634" /><E125/><V114/><F106/><W92/><G92/><T135/><D135/><N who="1" m="51787" /><E18/><N who="2" m="8543" /><F114/><W60/><G30/><T126/><D126/><U61/><E61/><N who="3" m="23658" /><G35/><T28/><D67/><U34/><E34/><V134/><F134/><W111/><G111/><T10/><D65/><U124/><E124/><V117/><F117/><W81/><G81/><T19/><D28/><U105/><E119/><V4/><F4/><W107/><G107/><T87/><D87/><AGARI ba="1,1" hai="79,83,84,86,87,98,103,105" m="51787,46634" machi="87" ten="30,8000,1" yaku="13,1,20,1,34,2,52,1" doraHai="96" who="1" fromWho="0" sc="410,-83,177,93,236,0,167,0" /><INIT seed="3,0,0,5,0,102" ten="327,270,236,167" oya="3" hai0="48,24,81,50,23,87,4,57,46,124,109,31,115" hai1="75,7,74,134,34,85,14,66,110,36,13,91,71" hai2="78,44,90,100,111,86,67,105,130,2,107,38,61" hai3="127,88,11,114,19,12,43,41,39,118,95,45,63" shuffle="mt19937ar,4F826636,48083E97,148299E9,DD0B9774,979E4AD4,C8562AAE,C367EDB8,09864F6D"/><W73/><G118/><T6/><D109/><U9/><E36/><V125/><F2/><W37/><G114/><T80/><D115/><U93/><E34/><V98/><F111/><W1/><G73/><T8/><D124/><U27/><E110/><V51/><F38/><W133/><G127/><T69/><D69/><U42/><E42/><V64/><F125/><W15/><G1/><T104/><D104/><U65/><E134/><V17/><F130/><W106/><G106/><T70/><D70/><U25/><E71/><V132/><F132/><W5/><G63/><T54/><D8/><U18/><E74/><V53/><F78/><W116/><G116/><T129/><D129/><U10/><REACH who="1" step="1"/><E75/><REACH who="1" step="2"/><V0/><F0/><W40/><G133/><T121/><D121/><U56/><E56/><V21/><F61/><W68/><G68/><T59/><D80/><U52/><E52/><V119/><F119/><W16/><G39/><T3/><D3/><U82/><E82/><V103/><F67/><AGARI ba="0,1" hai="7,9,10,13,14,18,25,27,65,66,67,85,91,93" machi="67" ten="40,8000,1" yaku="1,1,8,1,53,2" doraHai="102" doraHaiUra="20" who="1" fromWho="2" sc="327,0,260,90,236,-80,167,0" owari="327,8,350,34,156,-24,167,-18" /></mjloggm>