<mjloggm ver="2.3"><GO type="225"/><UN n0="%E3%81%BF%E3%81%A3%E3%81%A4%E3%81%83%EF%BD%9E" n1="%E9%9B%81%E7%BA%8F" n2="%61%6E%62%79%33" n3="%E3%81%BE%E3%81%AB%E3%82%83%E3%82%80%E3%82%93" dan="17,16,16,16" rate="2136,2064,2075,2015" sx="F,M,M,M"/><TAIKYOKU oya="0"/><INIT seed="0,0,0,0,5,47" ten="250,250,250,250" oya="0" hai0="71,63,113,109,34,32,104,94,43,24,103,112,11" hai1="85,119,33,121,72,124,133,6,29,61,8,38,55" hai2="18,35,19,58,79,110,106,67,84,13,81,48,98" hai3="69,134,89,117,51,31,20,2,52,120,28,90,17" shuffle="mt19937ar,8DA8AA5C,2BB14259,EAA6180F,AE611501,7BDEEA9B,45D82EBC,1107B84F,48721A7A"/><T101/><D104/><U66/><E121/><V64/><F35/><W87/><G117/><T123/><D123/><U88/><E119/><V80/><F106/><W1/><G69/><T116/><D116/><U127/><E38/><V95/><F81/><N who="3" m="49391" /><G1/><T44/><D11/><U42/><E42/><V105/><F105/><W26/><G2/><T73/><D73/><U77/><E133/><V75/><F75/><W9/><G134/><T118/><D118/><U36/><E36/><V82/><F82/><W23/><G120/><T115/><D109/><U57/><E77/><V92/><F110/><W49/><G90/><T39/><D94/><U70/><E72/><V100/><F95/><W59/><G9/><T130/><D130/><U16/><E29/><N who="3" m="11338" /><G23/><T53/><D24/><U131/><E33/><V65/><F13/><W135/><G135/><T129/><D129/><U132/><E131/><V21/><F21/><W12/><G12/><T56/><D71/><U96/><E132/><V97/><F97/><W45/><G45/><T76/><D76/><U25/><E96/><V107/><F107/><W60/><AGARI ba="0,0" hai="17,20,26,49,51,52,59,60" m="11338,49391" machi="60" ten="30,7900,0" yaku="8,1,52,2,54,1" doraHai="47" who="3" fromWho="3" sc="250,-39,250,-20,250,-20,250,79" /><INIT seed="1,0,0,3,3,42" ten="211,230,230,329" oya="1" hai0="116,12,104,66,96,99,122,95,53,38,17,48,73" hai1="21,44,82,84,65,18,132,59,119,46,37,54,31" hai2="81,77,110,75,62,61,20,60,45,0,129,80,36" hai3="71,9,118,101,6,2,16,123,109,69,55,107,14" shuffle="mt19937ar,6C7E6AFC,D7D3CEC1,8A058C2F,D475E76D,3D4F9CEB,B1FB38DF,D538D9A7,D95CE124"/><U49/><E119/><V7/><F129/><W89/><G123/><T23/><D38/><U78/><E132/><V56/><F110/><W5/><G109/><T124/><D73/><U13/><E37/><V43/><F20/><W128/><G128/><T135/><D116/><U79/><E79/><V11/><REACH who="2" step="1"/><F81/><REACH who="2" step="2"/><W94/><G118/><T103/><D122/><U64/><E31/><V33/><F33/><W27/><G9/><T111/><D111/><U133/><E133/><V41/><F41/><W130/><G130/><T102/><D135/><U63/><REACH who="1" step="1"/><E65/><AGARI ba="0,1" hai="0,7,11,36,43,45,56,60,61,62,65,75,77,80" machi="65" ten="30,12000,2" yaku="1,1,7,1,25,2,52,1,53,1" doraHai="42" doraHaiUra="105" who="2" fromWho="1" sc="211,0,230,-120,220,130,329,0" /><INIT seed="2,0,0,2,1,14" ten="211,110,350,329" oya="2" hai0="36,58,21,56,53,48,70,63,76,16,26,103,78" hai1="15,52,99,121,115,61,135,44,98,28,40,46,101" hai2="2,43,111,79,41,127,42,119,122,95,131,86,94" hai3="87,49,17,12,50,11,124,39,22,0,130,92,81" shuffle="mt19937ar,9BC0376D,7DFC67BF,1031832F,9F3693FD,D239938E,2D47EFA9,5A512627,884A5B14"/><V112/><F2/><W10/><G39/><T93/><D36/><U9/><E115/><V20/><F112/><W134/><G130/><T91/><D103/><U105/><E121/><V108/><F122/><W117/><G117/><T132/><D70/><U54/><E135/><V71/><F71/><W106/><G134/><T85/><D132/><U37/><E28/><V89/><F119/><W73/><G106/><T90/><D90/><U34/><E34/><V31/><F131/><W113/><G113/><T1/><D1/><U18/><E46/><V57/><F127/><W30/><G124/><T128/><D128/><U4/><E61/><V102/><F79/><N who="3" m="46527" /><G73/><T97/><D85/><U82/><E82/><V23/><F57/><W7/><G0/><T60/><D48/><N who="3" m="18537" /><G7/><T67/><AGARI ba="0,0" hai="16,21,26,53,56,58,60,63,67,76,78,91,93,97" machi="67" ten="20,12000,2" yaku="0,1,7,1,25,2,8,1,52,1,54,1" doraHai="14" who="0" fromWho="0" sc="211,120,110,-30,350,-60,329,-30" /><INIT seed="3,0,0,0,0,124" ten="331,80,290,299" oya="3" hai0="95,119,100,94,55,62,98,82,115,31,4,96,72" hai1="25,129,110,13,109,54,108,71,52,27,36,70,46" hai2="111,7,59,99,97,14,88,133,69,53,63,112,73" hai3="58,0,43,42,28,19,86,135,18,48,39,23,122" shuffle="mt19937ar,95210174,7793133E,F1211A92,9F2D65A4,814D1F3A,734E3AC7,527D05DE,BFF83FD2"/><W26/><G122/><T79/><D119/><U17/><E36/><V78/><F112/><W20/><G0/><T56/><D115/><U132/><E132/><V114/><F114/><W113/><G113/><T37/><D37/><U5/><E5/><V104/><F133/><W3/><G3/><T1/><D31/><U80/><E80/><V76/><F111/><W66/><G135/><T45/><D45/><U121/><E121/><V90/><F69/><W41/><G39/><T117/><D117/><U120/><E120/><V116/><F116/><W102/><G102/><T38/><D38/><U93/><E93/><V84/><F73/><W47/><G86/><N who="0" m="48479" /><D1/><U107/><E107/><V24/><F104/><W11/><G11/><T68/><D68/><U49/><E54/><V21/><F14/><W74/><G74/><T127/><D72/><U33/><E25/><V125/><F7/><W123/><G123/><T126/><D4/><U134/><E134/><V10/><F10/><W22/><G22/><T75/><D75/><U40/><E40/><V9/><F9/><W128/><G128/><T34/><D34/><U15/><E71/><V50/><F125/><N who="0" m="47626" /><D98/><N who="2" m="37386" /><F50/><W91/><G28/><T51/><D51/><U77/><E70/><V8/><F8/><W101/><G101/><T103/><D103/><U29/><E77/><N who="2" m="29803" /><F84/><W30/><G91/><T6/><D6/><U67/><E67/><V65/><F65/><W118/><G118/><T131/><D131/><U87/><E87/><V57/><F57/><W89/><G89/><T12/><D12/><N who="1" m="4683" /><E17/><AGARI ba="0,0" hai="17,21,24,53,59,63,88,90" m="29803,37386" machi="17" ten="30,2000,0" yaku="8,1,54,1" doraHai="124" who="2" fromWho="1" sc="331,0,80,-20,290,20,299,0" owari="331,33,60,-34,310,6,299,-5" /></mjloggm>