<mjloggm ver="2.3"><GO type="225"/><UN n0="%41%6D%41" n1="%E9%95%B7%E5%B2%A1%E5%A4%A7%E6%98%8E%E7%A5%9E" n2="%E6%A1%9C%E8%8A%B1%E9%96%83%E3%80%85" n3="%E3%83%9B%E3%83%A2%E3%83%8F%E3%83%A0" dan="16,16,16,16" rate="2049,2073,2064,2087" sx="M,F,M,M"/><TAIKYOKU oya="0"/><INIT seed="0,0,0,4,2,129" ten="250,250,250,250" oya="0" hai0="111,77,22,37,47,121,71,17,44,114,54,46,101" hai1="86,3,20,58,5,95,64,13,40,70,36,31,69" hai2="63,7,28,65,104,92,84,68,23,83,1,91,130" hai3="122,96,39,60,38,125,14,57,74,24,97,100,90" shuffle="mt19937ar,DA37CFEB,C6085E38,27B477DA,66C5E0BA,1D9C81A7,97F834A3,EBEE5154,DF56BE1E"/><T78/><D114/><U26/><E3/><V62/><F104/><W73/><G125/><T48/><D121/><U79/><E36/><V117/><F130/><W82/><G122/><T11/><D71/><U93/><E40/><V76/><F117/><W49/><G49/><T0/><D111/><U56/><E70/><V89/><F63/><W34/><G14/><T103/><D0/><U53/><E69/><V50/><F50/><W32/><G74/><T102/><D11/><N who="1" m="4335" /><E64/><V6/><F1/><W55/><G73/><T87/><D37/><U15/><E15/><V106/><F106/><W118/><G118/><T2/><D2/><U109/><E109/><V18/><F28/><W35/><G24/><N who="0" m="14415" /><D87/><U12/><E12/><V42/><F42/><W112/><G112/><T66/><D66/><U80/><E56/><AGARI ba="0,0" hai="44,46,47,48,54,56,77,78,101,102,103" m="14415" machi="56" ten="30,1500,0" yaku="8,1" doraHai="129" who="0" fromWho="1" sc="250,15,250,-15,250,0,250,0" /><INIT seed="0,1,0,3,3,107" ten="265,235,250,250" oya="0" hai0="104,60,86,25,74,133,135,40,14,1,17,124,102" hai1="35,117,42,82,128,69,81,84,67,33,57,106,118" hai2="43,62,9,96,5,80,101,61,105,112,53,26,108" hai3="8,54,55,12,95,88,51,121,18,58,94,21,24" shuffle="mt19937ar,F4CA6997,D613023D,9F655BA1,F3A3BED8,162EB362,4AD07053,58F16634,9B10D868"/><T127/><D1/><U98/><E69/><V109/><F112/><W116/><G116/><T129/><D40/><U103/><E128/><V132/><F132/><N who="0" m="50762" /><D25/><U31/><E42/><V92/><F43/><W64/><G64/><T63/><D129/><U22/><E82/><V0/><F80/><W125/><G125/><N who="0" m="48203" /><D86/><U83/><E117/><V91/><F26/><W76/><G76/><T36/><D36/><U73/><E118/><V71/><F71/><W126/><G126/><T38/><D38/><U123/><E84/><V113/><F113/><W41/><G41/><T70/><D74/><U79/><E81/><V111/><REACH who="2" step="1"/><F53/><REACH who="2" step="2"/><W120/><G55/><T72/><D70/><U34/><E67/><V7/><F7/><W75/><G75/><T56/><D56/><U32/><E57/><V119/><F119/><W20/><G121/><T89/><D72/><U93/><E123/><V52/><F52/><W13/><G120/><T4/><D4/><U11/><E73/><V99/><AGARI ba="1,1" hai="0,5,9,61,62,91,92,96,99,101,105,108,109,111" machi="99" ten="40,5200,0" yaku="1,1,0,1,14,1,53,0" doraHai="107" doraHaiUra="23" who="2" fromWho="2" sc="265,-27,235,-14,240,65,250,-14" /><INIT seed="1,0,0,1,2,111" ten="238,221,305,236" oya="1" hai0="34,5,100,70,98,101,28,103,96,86,79,91,126" hai1="89,84,12,66,67,27,57,38,76,114,35,72,58" hai2="132,82,37,53,129,15,18,69,74,32,71,104,22" hai3="47,26,9,50,65,80,6,63,128,3,68,134,11" shuffle="mt19937ar,3F544641,80CA9960,A0EC2A40,8DE9E3E6,2A1969C5,6C0FD0DF,5BC4FBFD,939FB5EC"/><U25/><E38/><V30/><F37/><W8/><G134/><T122/><D70/><U77/><E72/><V109/><F104/><W93/><G128/><T105/><D5/><U54/><E12/><V102/><F109/><W133/><G133/><T125/><D28/><U94/><E114/><V56/><F132/><W48/><G80/><N who="0" m="47391" /><D34/><U95/><E35/><V19/><F102/><N who="0" m="39530" /><D122/><U45/><E45/><V130/><F19/><W119/><G119/><T55/><D55/><U42/><E42/><V51/><F74/><W127/><G127/><T43/><D43/><U73/><E73/><V33/><F33/><W64/><G64/><T21/><D21/><U75/><E75/><V46/><F32/><W115/><G115/><T107/><D107/><U112/><E112/><V29/><F69/><W113/><G113/><T62/><D62/><U78/><E95/><AGARI ba="0,0" hai="91,95,96,98,103,105,125,126" m="39530,47391" machi="95" ten="30,2000,0" yaku="34,2" doraHai="111" who="0" fromWho="1" sc="238,20,221,-20,305,0,236,0" /><INIT seed="2,0,0,4,3,10" ten="258,201,305,236" oya="2" hai0="20,95,105,129,61,77,83,121,124,120,110,97,82" hai1="35,49,67,71,86,32,31,126,63,8,24,12,68" hai2="87,73,29,89,36,94,102,111,85,76,90,26,37" hai3="122,64,88,98,103,13,48,104,91,108,84,134,39" shuffle="mt19937ar,D29A50C4,E747494B,94694896,19ED030A,9597E449,01CF0324,C18A52CD,E88AD5BB"/><V59/><F111/><W60/><G39/><T1/><D1/><U72/><E72/><V133/><F133/><W55/><G108/><T99/><D110/><U114/><E114/><V51/><F102/><W5/><G134/><T69/><D20/><U131/><E131/><V6/><F6/><W106/><G106/><T56/><D69/><U33/><E126/><V112/><F112/><W34/><G34/><T38/><D38/><U17/><E71/><V57/><F73/><W16/><G5/><T52/><D129/><U19/><E86/><V81/><F76/><W22/><G122/><T135/><D135/><U4/><REACH who="1" step="1"/><E49/><REACH who="1" step="2"/><V45/><F37/><W43/><G84/><T66/><D124/><U65/><E65/><V27/><F36/><W46/><G43/><T125/><D125/><U23/><AGARI ba="0,1" hai="4,8,12,17,19,23,24,31,32,33,35,63,67,68" machi="23" ten="30,4000,0" yaku="1,1,0,1,52,1,53,0" doraHai="10" doraHaiUra="101" who="1" fromWho="1" sc="258,-10,191,50,305,-20,236,-10" /><INIT seed="3,0,0,3,2,46" ten="248,241,285,226" oya="3" hai0="70,19,32,38,39,18,116,83,101,85,62,55,88" hai1="41,84,9,51,35,114,123,131,82,24,128,102,22" hai2="100,94,93,23,52,0,27,72,132,135,95,48,126" hai3="1,36,14,103,57,80,58,43,108,60,17,31,92" shuffle="mt19937ar,B647DCE6,A7A1E238,0146F787,C047E335,CCC3EEDD,EFECF3FB,E2A7A6A2,676159C9"/><W111/><G1/><T99/><D116/><U30/><E114/><V42/><F0/><W44/><G31/><T106/><D38/><U53/><E123/><V45/><F72/><W5/><G5/><T134/><D39/><U91/><E102/><V117/><F117/><W121/><G121/><T104/><D104/><U29/><E41/><V2/><F2/><W74/><G74/><T26/><D134/><N who="2" m="51242" /><F126/><W54/><G80/><T73/><D73/><U133/><E133/><V10/><F10/><W113/><G113/><T119/><D119/><U125/><E125/><V37/><F100/><W8/><G103/><T90/><D90/><U81/><E81/><V28/><F93/><W49/><REACH who="3" step="1"/><G92/><REACH who="3" step="2"/><T63/><D83/><U13/><E30/><V112/><F112/><W107/><G107/><T98/><D106/><U129/><E35/><V97/><F97/><W105/><G105/><T96/><D101/><U71/><E71/><V78/><F78/><W77/><G77/><T124/><D124/><U130/><E131/><V40/><F95/><W59/><G59/><T6/><D6/><U4/><REACH who="1" step="1"/><E130/><REACH who="1" step="2"/><V127/><F127/><W56/><G56/><AGARI ba="0,2" hai="4,9,13,22,24,29,51,53,56,82,84,91,128,129" machi="56" ten="40,8000,1" yaku="1,1,2,1,52,1,53,1" doraHai="46" doraHaiUra="3" who="1" fromWho="3" sc="248,0,231,100,285,0,216,-80" owari="248,-10,331,32,285,4,136,-26" /></mjloggm>