<mjloggm ver="2.3"><GO type="185"/><UN n0="%E5%8D%81%E5%85%AD%E5%A4%9C%E2%80%A0%E5%92%B2%E5%A4%9C" n1="%E4%B8%89%E7%94%B0%E6%9D%91%E8%8C%9C" n2="%E3%80%93%E3%81%84%E3%81%A1%E3%81%AF%E3%82%89%E3%80%93" n3="" dan="16,17,18,0" rate="2174,2181,2262,1500" sx="F,F,M,C"/><TAIKYOKU oya="0"/><INIT seed="0,0,0,5,2,111" ten="350,350,350,0" oya="0" hai0="80,64,128,60,122,107,51,114,109,54,74,110,129" hai1="65,82,81,112,92,85,49,38,118,119,71,121,77" hai2="46,98,113,47,120,33,67,97,131,134,106,36,88" hai3="" shuffle="mt19937ar,EE62DBD6,F08FE4EB,9D7526D6,2DD655EF,C428F473,CEC945D1,F7B1120B,4EC82EDB"/><T75/><N who="0" m="31264" /><T42/><D107/><U58/><N who="1" m="31008" /><U52/><E38/><V37/><N who="2" m="30752" /><V115/><F67/><T127/><D42/><U133/><E133/><V84/><F106/><T117/><D117/><U94/><E112/><V62/><F62/><T44/><D127/><U48/><E119/><V68/><F84/><T56/><D114/><U57/><E118/><V3/><F134/><T72/><REACH who="0" step="1"/><D80/><REACH who="0" step="2"/><U103/><E82/><V130/><F33/><T34/><D34/><U83/><E83/><V39/><F39/><T125/><D125/><U59/><E81/><V132/><F132/><T89/><D89/><U79/><E77/><V70/><F88/><T102/><D102/><U78/><E103/><V135/><F135/><T93/><D93/><U90/><E92/><V2/><AGARI ba="0,1" hai="2,3,36,37,46,47,68,70,97,98,113,115,130,131" m="30752" machi="2" ten="25,9000,2" yaku="0,1,22,2,52,3" doraHai="111" who="2" fromWho="2" sc="340,-60,350,-30,350,100,0,0" /><INIT seed="1,0,0,1,5,122" ten="280,320,450,0" oya="1" hai0="77,49,103,47,91,33,45,90,89,88,123,134,58" hai1="74,96,92,133,53,59,128,110,93,126,64,71,106" hai2="34,124,68,102,55,70,115,36,39,67,86,50,80" hai3="" shuffle="mt19937ar,EDAEDEF6,FEF41AB3,D15D5921,96AA76C7,882203AF,4E852E08,794A41B2,1880E4ED"/><U62/><E133/><V1/><F34/><T111/><N who="0" m="31520" /><T132/><D33/><U76/><E128/><V129/><F1/><T48/><D103/><U127/><E110/><V135/><F129/><T79/><D58/><U3/><E3/><V40/><F135/><T43/><D111/><U97/><E106/><V82/><F102/><T85/><D134/><U100/><E76/><V131/><F131/><T116/><D116/><U130/><E130/><V46/><F115/><T66/><D66/><U105/><E74/><V54/><F124/><N who="1" m="47657" /><E97/><V107/><F107/><T118/><D118/><U98/><E96/><V35/><F35/><T37/><D132/><U108/><E108/><V83/><F86/><T101/><D101/><U120/><N who="1" m="30752" /><U112/><E112/><V32/><F32/><T113/><D113/><U94/><E105/><V69/><REACH who="2" step="1"/><F67/><REACH who="2" step="2"/><T73/><D73/><U75/><E75/><V0/><F0/><T60/><D85/><U119/><E119/><V2/><F2/><T61/><D79/><U41/><E41/><V114/><F114/><T38/><D77/><U81/><E81/><V72/><F72/><T104/><D104/><U109/><E109/><V52/><AGARI ba="0,1" hai="36,39,40,46,50,52,54,55,68,69,70,80,82,83" machi="52" ten="40,9000,2" yaku="1,1,0,1,29,2,54,1,53,1" doraHai="122" doraHaiUra="42" who="2" fromWho="2" sc="280,-30,320,-60,440,100,0,0" /><INIT seed="2,0,0,3,4,108" ten="250,260,540,0" oya="2" hai0="73,95,89,59,120,54,81,105,56,39,97,107,119" hai1="33,128,71,117,82,130,83,109,63,135,85,51,47" hai2="3,44,72,133,123,46,113,2,79,126,43,75,91" hai3="" shuffle="mt19937ar,1909F97C,6E74299F,764409FB,7299F586,F664978F,1FF3C8F6,96FB502A,2A4E663E"/><V36/><N who="2" m="31520" /><V78/><F126/><T127/><N who="0" m="30752" /><T118/><D39/><U74/><E109/><V110/><F110/><T53/><D127/><U101/><E117/><V77/><F133/><T62/><D73/><U92/><E135/><V67/><F67/><T121/><N who="0" m="31008" /><T50/><REACH who="0" step="1"/><D81/><REACH who="0" step="2"/><U76/><E33/><V90/><F75/><T0/><D0/><U34/><E83/><V103/><F72/><T66/><D66/><U99/><E34/><V131/><F3/><T64/><D64/><U80/><E71/><V111/><F2/><T96/><D96/><U48/><E128/><V55/><F131/><T134/><D134/><U38/><E130/><V93/><F111/><T112/><D112/><U1/><E1/><V86/><F113/><T114/><D114/><U68/><E68/><V69/><F69/><T58/><D58/><U65/><E65/><V70/><F70/><T122/><N who="0" m="31264" /><T52/><D52/><U32/><E32/><V57/><F57/><T61/><D61/><U42/><REACH who="1" step="1"/><E63/><REACH who="1" step="2"/><V40/><F36/><T125/><D125/><U37/><E37/><V104/><F55/><T115/><D115/><U35/><E35/><V129/><F129/><T100/><D100/><U87/><E87/><RYUUKYOKU ba="0,2" sc="240,10,250,10,540,-20,0,0" hai0="50,53,54,56,59,62,89,95,97,105,107,118,119" hai1="38,42,47,48,51,74,76,80,82,85,92,99,101" /><INIT seed="4,1,2,2,4,69" ten="250,260,520,0" oya="0" hai0="3,72,90,100,105,113,51,42,33,47,121,110,102" hai1="1,101,75,96,118,83,117,35,109,122,58,128,103" hai2="57,88,104,120,60,80,39,40,61,130,107,59,99" hai3="" shuffle="mt19937ar,E0509804,9F48F493,B1AD5787,81407D38,AEF6C2F0,5EA69815,8700923C,952AA577"/><T134/><N who="0" m="31008" /><T86/><D3/><U95/><N who="1" m="31264" /><U127/><E1/><V66/><N who="2" m="30752" /><V106/><F130/><T133/><D33/><U78/><E35/><V62/><F40/><T41/><D72/><U0/><E0/><V115/><F39/><T97/><D113/><U92/><E128/><V34/><F34/><T63/><D102/><U82/><E127/><V131/><F131/><T108/><D63/><U81/><E58/><V50/><F115/><T73/><D73/><U132/><E132/><N who="0" m="50793" /><D42/><U48/><E48/><V93/><REACH who="2" step="1"/><F80/><AGARI ba="1,2" hai="41,47,51,80,86,90,97,100,105,108,110" m="50793,31008" machi="80" ten="30,2900,0" yaku="20,1,52,1" doraHai="69" who="0" fromWho="2" sc="250,51,260,0,520,-31,0,0" /><INIT seed="4,2,0,4,1,128" ten="301,260,489,0" oya="0" hai0="121,134,59,73,112,94,98,60,76,133,2,118,68" hai1="123,90,49,61,3,66,32,63,35,75,77,132,122" hai2="131,100,92,130,107,87,47,101,67,113,80,109,39" hai3="" shuffle="mt19937ar,2030138F,FA43C257,D0DD46FF,DEE142FB,549C7FB7,7C7F5331,D22E40F8,362B656D"/><T119/><N who="0" m="31008" /><T62/><D2/><U0/><N who="1" m="31264" /><U115/><N who="1" m="31520" /><U106/><E106/><V126/><F67/><T89/><D68/><U82/><E115/><V45/><F113/><T55/><D112/><U44/><E0/><V105/><F92/><T95/><D62/><U104/><E3/><V114/><F114/><T124/><D124/><U135/><E104/><V53/><F87/><T57/><D57/><U96/><E96/><V65/><F80/><T34/><D34/><U58/><E90/><V48/><F65/><T41/><D41/><U125/><E125/><V50/><F39/><T127/><D127/><U43/><REACH who="1" step="1"/><E61/><REACH who="1" step="2"/><V37/><F126/><T129/><D98/><U54/><E54/><V78/><F53/><T46/><D89/><U72/><E72/><V1/><F1/><T69/><D60/><U36/><E36/><V99/><F37/><T71/><D55/><U111/><E111/><V81/><F109/><T56/><D73/><U110/><E110/><V102/><F99/><T120/><N who="0" m="30752" /><T93/><D76/><U116/><E116/><V74/><F107/><T70/><D119/><U83/><E83/><V52/><F105/><T38/><D118/><U97/><E97/><V79/><F79/><RYUUKYOKU ba="2,1" sc="301,-20,250,10,489,10,0,0" hai1="32,35,43,44,49,58,63,66,75,77,82,132,135" hai2="45,47,48,50,52,74,78,81,100,101,102,130,131" /><INIT seed="5,3,1,2,3,34" ten="281,260,499,0" oya="1" hai0="37,36,52,135,125,39,117,115,118,63,104,133,60" hai1="33,95,96,121,44,40,112,46,111,89,1,41,108" hai2="106,61,65,102,82,105,93,91,48,35,132,120,97" hai3="" shuffle="mt19937ar,0ACBBB4B,872D936C,47F9DAE8,C55F08CA,52183626,33424121,BBDB8684,C9828266"/><U87/><N who="1" m="31008" /><U72/><E72/><V110/><N who="2" m="30752" /><V101/><F110/><N who="1" m="42025" /><E33/><V75/><F132/><N who="0" m="50762" /><D104/><U0/><E112/><V100/><F35/><T43/><D115/><U86/><E86/><V67/><F48/><T129/><D129/><U42/><E87/><V94/><F65/><T80/><D80/><U56/><E56/><V130/><F130/><T78/><D78/><U134/><E134/><V49/><F49/><T77/><D77/><U50/><E46/><V88/><F82/><T55/><D43/><AGARI ba="3,1" hai="0,1,40,41,42,43,44,50,89,95,96" m="42025,31008" machi="43" ten="30,11600,0" yaku="10,1,52,3" doraHai="34" who="1" fromWho="0" sc="281,-122,260,132,499,0,0,0" /><INIT seed="5,4,0,5,0,95" ten="159,392,499,0" oya="1" hai0="104,121,2,99,50,3,89,130,112,94,98,125,35" hai1="131,115,75,70,128,45,105,114,85,0,64,32,84" hai2="101,36,110,132,90,127,133,111,81,97,65,55,122" hai3="" shuffle="mt19937ar,24B75190,474113B2,09CB16FA,91998E30,96363EEE,5320FF02,BC29CD25,CD970338"/><U34/><E70/><V92/><N who="2" m="31264" /><V88/><F36/><T33/><N who="0" m="31008" /><T62/><D112/><N who="1" m="43051" /><E64/><V124/><F65/><T67/><D130/><N who="1" m="49707" /><E0/><V48/><F111/><T66/><D125/><N who="2" m="48202" /><F110/><T52/><D2/><U61/><E61/><V82/><F82/><T117/><D117/><U102/><E75/><V57/><F81/><T39/><D39/><U42/><E105/><V38/><F38/><T108/><D108/><U126/><E102/><V74/><F74/><T77/><D3/><U68/><E68/><V59/><F59/><T53/><D62/><U83/><E126/><V135/><AGARI ba="4,0" hai="48,55,57,88,90,92,97,101,132,133,135" m="48202,31264" machi="135" ten="40,6000,1" yaku="20,1,18,1,52,2,54,1" doraHai="95" who="2" fromWho="2" sc="159,-24,392,-44,499,68,0,0" /><INIT seed="6,0,0,5,5,60" ten="135,348,567,0" oya="2" hai0="112,50,82,63,98,96,35,109,84,46,95,122,113" hai1="37,131,129,59,64,102,40,47,45,3,1,134,78" hai2="76,83,68,117,91,124,71,34,75,62,33,54,42" hai3="" shuffle="mt19937ar,20E1E7FF,838AEBAE,6E0B875F,18BB75C8,3F043817,7037839E,13748029,1D87D843"/><V58/><F124/><T115/><N who="0" m="31264" /><T89/><D35/><U77/><E134/><V41/><F117/><T94/><D63/><U61/><E102/><V123/><N who="2" m="31520" /><V114/><F114/><T55/><D55/><U110/><E110/><V100/><F100/><T108/><D50/><U70/><E47/><V93/><F68/><T116/><D116/><U87/><E87/><V133/><F133/><T126/><D126/><U51/><E78/><V85/><F42/><T32/><D32/><U125/><E77/><V2/><F2/><T49/><D49/><U81/><E81/><V38/><F38/><T135/><D135/><U128/><E125/><V104/><F41/><T56/><D56/><U67/><E67/><V127/><F127/><T72/><D46/><U0/><E1/><V121/><N who="2" m="31008" /><V57/><F71/><T36/><D36/><U118/><E118/><V103/><F58/><T132/><D132/><U120/><N who="1" m="30752" /><U80/><E80/><V90/><F83/><T39/><D39/><U130/><E130/><V43/><F76/><T105/><D105/><U106/><E106/><V73/><F104/><T107/><D107/><U53/><AGARI ba="0,0" hai="0,3,37,40,45,51,53,59,61,64,70,128,129,131" m="30752" machi="53" ten="40,9000,2" yaku="0,1,24,2,19,1,52,2" doraHai="60" who="1" fromWho="1" sc="135,-30,348,90,567,-60,0,0" owari="105,-49,438,4,507,45,0,0" /></mjloggm>