<mjloggm ver="2.3"><GO type="185"/><UN n0="%E5%8D%81%E5%85%AD%E5%A4%9C%E2%80%A0%E5%92%B2%E5%A4%9C" n1="%E3%80%93%E3%81%84%E3%81%A1%E3%81%AF%E3%82%89%E3%80%93" n2="%EF%BC%BC%28%EF%BC%BE%6F%EF%BC%BE%29%EF%BC%8F%E2%98%85" n3="" dan="16,18,17,0" rate="2143,2248,2167,1500" sx="F,M,M,C"/><TAIKYOKU oya="0"/><INIT seed="0,0,0,3,4,57" ten="350,350,350,0" oya="0" hai0="38,41,43,77,112,134,50,60,71,80,95,106,128" hai1="117,92,0,101,70,54,88,59,120,129,93,72,127" hai2="131,113,102,96,46,68,115,39,66,61,69,65,132" hai3="" shuffle="mt19937ar,17853404,61933619,D26469C5,DAC5E0BB,AACE2ACB,5557A2AD,A01E6491,B368D9E7"/><T47/><D106/><U84/><N who="1" m="30752" /><U105/><E70/><V34/><F34/><T116/><D112/><U114/><E0/><V67/><F131/><T37/><D116/><U119/><E129/><V63/><F132/><T40/><D128/><U125/><E72/><V76/><F67/><T121/><N who="0" m="31008" /><T103/><D134/><U44/><E44/><V130/><F130/><T56/><D103/><U58/><E58/><V1/><F76/><T64/><D95/><U55/><E105/><V100/><F1/><T85/><REACH who="0" step="1"/><D71/><REACH who="0" step="2"/><U78/><E114/><V87/><F102/><T94/><D94/><U53/><E117/><V109/><F109/><T108/><D108/><U86/><E119/><V51/><F100/><T91/><D91/><U48/><E101/><V124/><F69/><T74/><D74/><U104/><E104/><V133/><F68/><T42/><AGARI ba="0,1" hai="37,38,40,41,42,43,47,50,56,60,64,77,80,85" m="31008" machi="42" ten="30,7800,0" yaku="1,1,0,1,52,2,53,0" doraHai="57" doraHaiUra="107" who="0" fromWho="0" sc="340,88,350,-39,350,-39,0,0" /><INIT seed="0,1,0,1,5,67" ten="428,311,311,0" oya="0" hai0="73,112,61,69,113,36,100,57,135,74,77,131,78" hai1="81,130,86,129,48,71,33,60,97,3,50,125,89" hai2="106,75,94,87,43,80,127,46,68,41,108,53,62" hai3="" shuffle="mt19937ar,A13EC81C,1B79DA2C,5BD36641,E983EBD7,A8A7097C,1CBF3271,00EB3A06,CB9BFE61"/><T98/><D36/><U90/><E33/><V126/><F108/><T121/><N who="0" m="31008" /><T82/><D135/><U105/><E3/><V54/><F106/><T120/><N who="0" m="30752" /><T85/><D131/><N who="1" m="50187" /><E125/><V114/><F114/><T52/><D69/><U49/><E105/><V102/><F75/><T63/><D63/><U83/><E97/><V42/><F94/><T132/><D132/><U72/><E72/><V107/><F102/><T84/><D74/><U128/><E128/><V116/><F116/><T45/><D45/><U70/><E60/><V93/><F93/><T37/><D37/><U119/><E119/><V122/><N who="2" m="31264" /><V51/><F107/><T92/><REACH who="0" step="1"/><D77/><REACH who="0" step="2"/><U88/><E86/><AGARI ba="1,1" hai="52,57,61,73,78,82,84,85,86,92,98,100,112,113" m="30752,31008" machi="86" ten="40,12000,1" yaku="1,1,2,1,52,2,54,1,53,0" doraHai="67" doraHaiUra="35" who="0" fromWho="1" sc="418,132,311,-122,311,0,0,0" /><INIT seed="0,2,0,4,5,66" ten="550,189,311,0" oya="0" hai0="58,87,98,67,135,134,107,124,71,119,122,48,33" hai1="116,34,32,131,56,59,127,83,101,46,70,109,57" hai2="96,79,72,93,2,118,51,78,94,110,81,88,104" hai3="" shuffle="mt19937ar,DD8F2147,32D82A9F,58EFA312,6D2D87AC,13961BCC,92AC133E,34986FD5,62B734DF"/><T99/><N who="0" m="31264" /><T55/><D33/><U128/><E116/><V89/><F2/><T50/><D119/><U53/><E127/><V130/><F118/><T45/><D124/><U3/><E3/><V117/><F117/><T38/><D38/><U74/><E109/><V112/><F112/><T115/><D115/><U90/><E101/><V52/><F130/><T121/><N who="0" m="31008" /><T84/><D107/><U97/><E70/><V125/><F125/><T76/><D76/><U44/><E97/><V106/><F110/><T0/><D0/><U60/><E59/><V62/><F79/><T63/><D99/><U103/><E103/><V82/><F62/><T47/><D98/><U40/><E40/><V35/><F82/><T80/><D58/><U41/><E41/><V39/><F39/><T64/><D64/><U133/><E60/><V100/><F35/><T86/><REACH who="0" step="1"/><D80/><REACH who="0" step="2"/><U126/><E83/><V73/><F106/><T54/><AGARI ba="2,1" hai="45,47,48,50,54,55,63,67,71,84,86,87,134,135" m="31008,31264" machi="54" ten="30,12000,2" yaku="1,1,2,1,0,1,9,1,52,3,53,0" doraHai="66" doraHaiUra="113" who="0" fromWho="0" sc="540,134,189,-62,311,-62,0,0" /><INIT seed="0,3,0,3,4,131" ten="674,127,249,0" oya="0" hai0="96,134,109,53,76,68,83,41,84,2,0,119,85" hai1="47,45,86,79,106,57,60,112,70,126,93,36,120" hai2="113,49,110,129,90,103,43,34,82,135,95,66,39" hai3="" shuffle="mt19937ar,17BDD96E,AC49894D,6420A134,745130C5,3575CF60,AA278126,57AF7C34,1DB3D767"/><T71/><D41/><U114/><N who="1" m="30752" /><U78/><E106/><V73/><F34/><T75/><D119/><U32/><E32/><V69/><F113/><N who="1" m="43625" /><E70/><V89/><F39/><T104/><D109/><U125/><E93/><V100/><F110/><T55/><D104/><U1/><E1/><V77/><F129/><T80/><D96/><U40/><E47/><V122/><N who="2" m="31264" /><V62/><F90/><T38/><D38/><U116/><E116/><V3/><F3/><T111/><D111/><U35/><E35/><V133/><F49/><T58/><D58/><U94/><E94/><V132/><F43/><T91/><D75/><U117/><E117/><V42/><F42/><T115/><D115/><U33/><E33/><V52/><F52/><T56/><D56/><U92/><E92/><V72/><F72/><T130/><D130/><U121/><N who="1" m="31008" /><U128/><E128/><V74/><F74/><T98/><D55/><U46/><E46/><V37/><F37/><T81/><D53/><U123/><N who="1" m="31520" /><U67/><E86/><AGARI ba="3,0" hai="62,66,69,73,77,82,86,89,95,100,103,132,133,135" m="31264" machi="86" ten="40,8000,1" yaku="20,1,52,4" doraHai="131" who="2" fromWho="1" sc="674,0,127,-86,249,86,0,0" /><INIT seed="1,0,0,0,5,129" ten="674,41,335,0" oya="1" hai0="39,48,83,59,122,109,103,68,54,133,108,120,42" hai1="64,127,100,128,116,118,90,80,43,107,72,77,73" hai2="36,49,34,130,86,70,113,38,61,74,88,81,111" hai3="" shuffle="mt19937ar,31B09D29,EC42E526,0760685E,EC8338C5,8FB889CD,CD924D4D,78C69018,3C90B7F1"/><U117/><E64/><V101/><F34/><T50/><N who="0" m="30752" /><T84/><N who="0" m="31264" /><T75/><D103/><U91/><E43/><V1/><F1/><T47/><D75/><U126/><E128/><V104/><F130/><T41/><D84/><U69/><E69/><V76/><F113/><T97/><D83/><U71/><E71/><V44/><F111/><N who="0" m="42570" /><D97/><U125/><E73/><V131/><F131/><T119/><D119/><U105/><REACH who="1" step="1"/><E100/><REACH who="1" step="2"/><V135/><F70/><T65/><D68/><U37/><E37/><V123/><F38/><T95/><D65/><U112/><E112/><V55/><N who="2" m="31520" /><V33/><F101/><T45/><D95/><U58/><E58/><V82/><F74/><T32/><D32/><U63/><E63/><V53/><F61/><T66/><D66/><U94/><E94/><V79/><F33/><T78/><D78/><U60/><E60/><V0/><F79/><T57/><D57/><U114/><E114/><V51/><F76/><T102/><D102/><U110/><E110/><V46/><F82/><T85/><D85/><U99/><E99/><V56/><F81/><T115/><D115/><U62/><E62/><V2/><F56/><T132/><AGARI ba="0,1" hai="39,41,42,45,47,48,50,54,59,132,133" m="42570,31264,30752" machi="132" ten="30,9000,2" yaku="14,1,34,2,52,4" doraHai="129" who="0" fromWho="0" sc="674,100,31,-60,335,-30,0,0" owari="774,72,-29,-63,305,-9,0,0" /></mjloggm>