<mjloggm ver="2.3"><GO type="225"/><UN n0="%E3%83%81%E3%83%A3%E3%82%AA%E3%83%AA" n1="%E3%82%88%E3%81%A3%E3%81%A1" n2="%E3%82%AF%E3%83%AB%E3%83%AB%E2%98%86" n3="%E8%B6%85%E3%83%92%E3%83%A2%E3%83%AA%E3%83%AD" dan="17,16,16,17" rate="2165,2083,2042,2093" sx="M,M,F,F"/><TAIKYOKU oya="0"/><INIT seed="0,0,0,1,5,110" ten="250,250,250,250" oya="0" hai0="2,61,101,54,82,92,35,105,96,94,50,64,49" hai1="86,79,71,18,77,48,70,109,90,73,128,3,99" hai2="59,129,104,57,30,5,67,26,56,111,106,102,4" hai3="122,23,112,74,88,20,52,81,43,131,100,89,0" shuffle="mt19937ar,B89271A4,A04F0C5F,2381EF5D,E517CF4D,502F6E77,0D38CF98,7AEDD9B4,9A80F3A1"/><T126/><D2/><U115/><E3/><V14/><F111/><W68/><G0/><T97/><D35/><U78/><E109/><V9/><F67/><W19/><G68/><T116/><D116/><U33/><E73/><V29/><F129/><W6/><G6/><T80/><D126/><U69/><E33/><V16/><F30/><W118/><G118/><T123/><D123/><U83/><E128/><V40/><F40/><W28/><G131/><T85/><D82/><U119/><E119/><V76/><F76/><W84/><G122/><T108/><D108/><U51/><E115/><V27/><F27/><N who="3" m="16511" /><G74/><T91/><D105/><U75/><E75/><V60/><F60/><W93/><G112/><T114/><D114/><U72/><E72/><V87/><F87/><N who="3" m="50287" /><G43/><T58/><REACH who="0" step="1"/><D64/><REACH who="0" step="2"/><U8/><E83/><V55/><F106/><W44/><G100/><AGARI ba="0,1" hai="49,50,54,58,61,80,85,91,92,94,96,97,100,101" machi="100" ten="30,12000,1" yaku="1,1,2,1,7,1,9,1,8,1,53,0" doraHai="110" doraHaiUra="42" who="0" fromWho="3" sc="240,130,250,0,250,0,250,-120" /><INIT seed="0,1,0,0,3,130" ten="370,250,250,130" oya="0" hai0="22,105,41,125,54,32,36,111,107,1,82,24,117" hai1="44,134,132,126,122,92,64,18,42,55,94,87,73" hai2="119,57,121,97,78,12,91,84,93,27,110,80,69" hai3="47,30,0,4,72,28,98,77,104,75,85,67,38" shuffle="mt19937ar,3FC46FCB,F12D0BAA,E0983CC8,E04D9294,2F3C314A,1B01BE81,A7172ED5,FD0FA77B"/><T56/><D32/><U74/><E64/><V6/><F121/><W101/><G67/><T40/><D1/><U79/><E55/><V102/><F69/><W65/><G65/><T106/><D117/><U43/><E18/><V135/><F119/><W129/><G129/><T96/><D125/><U133/><E122/><V90/><F110/><W19/><G19/><T81/><D111/><U123/><E123/><V71/><F71/><W8/><G85/><T17/><D96/><U103/><E126/><V116/><F116/><W66/><G66/><T58/><D58/><U13/><E13/><V51/><F135/><W26/><G77/><T23/><D23/><U60/><E60/><V52/><F27/><W11/><G11/><AGARI ba="1,0" hai="6,11,12,51,52,57,78,80,84,90,91,93,97,102" machi="11" ten="40,2600,0" yaku="8,1,54,1" doraHai="130" who="2" fromWho="3" sc="370,0,250,0,250,29,130,-29" /><INIT seed="1,0,0,3,4,85" ten="370,250,279,101" oya="1" hai0="66,35,97,117,32,123,45,99,103,7,36,42,89" hai1="15,53,5,29,43,59,120,49,62,114,104,84,10" hai2="17,132,51,98,86,46,71,2,28,18,37,22,119" hai3="58,57,87,61,34,135,79,3,128,96,124,73,50" shuffle="mt19937ar,9021B263,88A39177,2C5F6B6D,C4ACFBF5,AB130826,4E1FD59F,8280498B,2E3EF701"/><U116/><E104/><V90/><F119/><W16/><G3/><T118/><D123/><U39/><E120/><V92/><F37/><W113/><G34/><T125/><D125/><U110/><E116/><V76/><F71/><W14/><G73/><T82/><D7/><U24/><E114/><V95/><F2/><W111/><G113/><T13/><D13/><U77/><E110/><V108/><F108/><W122/><G122/><T94/><D66/><U109/><E109/><V54/><F132/><W63/><G111/><T20/><D20/><U78/><E39/><V47/><F47/><W30/><G30/><T12/><D12/><U80/><E43/><V121/><F121/><W72/><G72/><T1/><D1/><U130/><E130/><V81/><REACH who="2" step="1"/><F95/><REACH who="2" step="2"/><W27/><G135/><T60/><D118/><U44/><E44/><V101/><F101/><W6/><G128/><T69/><D117/><U88/><REACH who="1" step="1"/><E62/><REACH who="1" step="2"/><V8/><F8/><W31/><G63/><T26/><D60/><U52/><E52/><V112/><F112/><W106/><G61/><T105/><D105/><U48/><E48/><V56/><F56/><W83/><G50/><T68/><D36/><U38/><E38/><V126/><F126/><W70/><G124/><T4/><D45/><U93/><E93/><V25/><AGARI ba="0,2" hai="17,18,22,25,28,46,51,54,76,81,86,90,92,98" machi="25" ten="30,7900,0" yaku="1,1,0,1,8,1,52,1,53,0" doraHai="85" doraHaiUra="100" who="2" fromWho="2" sc="370,-20,240,-39,269,99,101,-20" /><INIT seed="2,0,0,0,0,12" ten="350,201,368,81" oya="2" hai0="45,50,106,117,134,51,112,55,67,19,4,38,11" hai1="6,81,13,69,1,101,60,68,128,37,30,27,124" hai2="111,21,75,34,131,129,80,0,71,88,16,84,114" hai3="25,31,36,17,2,83,76,49,121,82,132,8,86" shuffle="mt19937ar,D8E6BC1F,050B30D7,FAE21638,E250DCE2,4713B27C,9715A075,6F2014F8,CD62A7B9"/><V70/><F114/><W53/><G36/><T66/><D106/><U133/><E37/><V58/><F34/><W61/><G121/><T110/><D112/><U127/><E1/><V63/><F0/><W62/><G132/><T5/><D134/><U18/><E101/><V54/><F75/><W95/><G95/><T100/><D38/><U33/><E133/><V10/><F10/><W92/><G92/><T22/><D110/><U125/><E6/><N who="0" m="2665" /><D11/><N who="1" m="6463" /><E128/><N who="2" m="49227" /><F111/><W85/><G2/><T48/><D100/><U20/><E60/><V23/><F23/><W26/><G8/><T99/><D99/><U130/><E130/><V74/><F74/><W43/><G43/><N who="0" m="24639" /><D117/><U91/><E33/><V47/><F47/><W46/><G31/><T39/><D39/><U105/><E105/><V115/><F115/><W103/><G103/><T102/><D102/><U14/><E14/><AGARI ba="0,0" hai="14,16,21,54,58,63,70,71,80,84,88" m="49227" machi="14" ten="30,11600,0" yaku="19,1,52,1,54,2" doraHai="12" who="2" fromWho="1" sc="350,0,201,-116,368,116,81,0" /><INIT seed="2,1,0,3,2,116" ten="350,85,484,81" oya="2" hai0="54,75,69,22,53,13,101,68,4,79,2,71,119" hai1="128,121,32,29,84,19,62,50,49,122,135,36,51" hai2="112,64,85,125,40,96,47,39,92,97,124,0,104" hai3="21,103,12,10,99,42,131,117,37,16,27,95,33" shuffle="mt19937ar,94A8125B,C8E1B236,83F5DBF5,F01B1367,3B6F5819,2EA25B05,5FA29173,8EA9BC2E"/><V127/><F112/><W23/><G117/><T6/><D2/><U55/><E36/><V65/><F0/><W35/><G131/><T52/><D119/><U73/><E73/><V18/><F85/><W111/><G111/><T106/><D106/><U77/><E128/><V45/><F104/><W76/><G76/><T17/><REACH who="0" step="1"/><D101/><REACH who="0" step="2"/><U93/><E135/><V57/><F127/><W91/><G103/><T107/><D107/><U78/><E32/><V134/><F134/><W41/><G35/><T87/><D87/><U58/><E29/><V9/><F125/><W100/><G33/><T31/><D31/><U133/><E133/><V15/><F124/><W1/><G37/><T56/><D56/><U26/><E84/><V98/><F57/><W110/><G110/><T89/><D89/><U46/><E93/><V14/><F47/><W34/><G34/><T114/><D114/><U129/><E129/><V118/><F98/><W28/><G100/><T3/><D3/><U126/><E46/><V20/><F97/><W48/><G48/><T120/><D120/><N who="1" m="46187" /><E126/><V30/><F118/><W59/><G59/><T7/><D7/><U11/><E11/><V8/><F8/><W94/><G94/><T60/><D60/><U90/><E90/><V70/><F9/><W43/><G1/><T132/><D132/><U61/><E61/><V108/><F92/><W25/><G10/><T74/><D74/><U105/><E105/><V67/><F108/><W24/><AGARI ba="1,1" hai="12,16,21,23,24,25,27,28,41,42,43,91,95,99" machi="24" ten="30,4000,0" yaku="0,1,8,1,54,1" doraHai="116" who="3" fromWho="3" sc="340,-11,85,-11,484,-21,81,53" /><INIT seed="3,0,0,0,5,81" ten="329,74,463,134" oya="3" hai0="53,123,91,131,74,119,111,103,104,76,29,108,71" hai1="65,73,89,118,59,17,21,82,62,0,114,43,35" hai2="69,31,134,50,116,36,94,122,77,11,84,6,115" hai3="49,101,125,63,124,23,5,102,26,120,4,54,64" shuffle="mt19937ar,C6A678A7,2CB274B6,017BCD4C,0CC81BB9,5210DC42,2A75FBD7,83BAF86C,25E396BA"/><W48/><G120/><T90/><D71/><U68/><E35/><V33/><F36/><W70/><G48/><T112/><D29/><U14/><E0/><V117/><F115/><W88/><G5/><T2/><D2/><U58/><E114/><V86/><F69/><W20/><G4/><T107/><D112/><U9/><E118/><V32/><F122/><W60/><G60/><T55/><D123/><U95/><E43/><V80/><F33/><W41/><G41/><T113/><D113/><U93/><E93/><V72/><F72/><W66/><G66/><T30/><D30/><U79/><REACH who="1" step="1"/><E9/><REACH who="1" step="2"/><V105/><F32/><W22/><G124/><T18/><D119/><U97/><AGARI ba="0,1" hai="14,17,21,58,59,62,65,68,73,79,82,89,95,97" machi="97" ten="20,5200,0" yaku="1,1,2,1,0,1,7,1,53,0" doraHai="81" doraHaiUra="47" who="1" fromWho="1" sc="329,-13,64,62,463,-13,134,-26" owari="316,7,126,-22,450,44,108,-29" /></mjloggm>