<mjloggm ver="2.3"><GO type="171"/><UN n0="%E6%B7%B1%E9%B3%A5" n1="%41%42%49%4C%49%54%59" n2="%E3%81%91%E3%82%93%E3%81%9F%E3%82%8D%E3%81%86" n3="%E3%81%B5%E3%82%8B%E3%81%AD%E3%81%93%40%E4%BD%95%E5%88%87%E3%82%8B" dan="16,17,16,16" rate="2031,2155,2082,2078" sx="M,M,M,M"/><TAIKYOKU oya="0"/><INIT seed="0,0,0,0,3,99" ten="250,250,250,250" oya="0" hai0="5,82,92,47,134,107,39,114,27,26,124,93,108" hai1="18,46,113,28,109,57,21,100,101,131,43,42,133" hai2="76,128,87,11,122,7,95,0,61,4,90,84,97" hai3="132,125,112,116,88,34,103,55,6,98,3,119,123" shuffle="mt19937ar,6C5EAA90,5C08DA48,AE1C7FBB,36097844,77D5CEE4,9062E31F,02F93602,5A9BEB67"/><T53/><D107/><U67/><E131/><V85/><F128/><W60/><G112/><T58/><D114/><U51/><E113/><V126/><F122/><W80/><G34/><T22/><D124/><U36/><E109/><V30/><F126/><W12/><G125/><T56/><D134/><U68/><E133/><V91/><F7/><W77/><G3/><T33/><D33/><U9/><E28/><V49/><F30/><W115/><G115/><T120/><D120/><U66/><E9/><V69/><F49/><W75/><G123/><T102/><D108/><U29/><E29/><V65/><REACH who="2" step="1"/><F76/><REACH who="2" step="2"/><W79/><G79/><T70/><D39/><U129/><E129/><V19/><F19/><W64/><G132/><T71/><D5/><U41/><E36/><V105/><F105/><W17/><G6/><T15/><D15/><U37/><E37/><V38/><F38/><W130/><G130/><T104/><D27/><U23/><E18/><V16/><F16/><W94/><G17/><T62/><D26/><U40/><E68/><V135/><F135/><W13/><G12/><T118/><D71/><U74/><E51/><V72/><F72/><W73/><G73/><T44/><D70/><U59/><E74/><V24/><F24/><W117/><G13/><T14/><D14/><U45/><N who="1" m="10752" /><DORA hai="81" /><U50/><E50/><V96/><F96/><W1/><G98/><T31/><D104/><U54/><E23/><V32/><F32/><W52/><G75/><T121/><D22/><U8/><E21/><V35/><F35/><W20/><G20/><T10/><D121/><RYUUKYOKU ba="0,1" sc="250,-10,250,-10,240,30,250,-10" hai2="0,4,11,61,65,69,84,85,87,90,91,95,97" /><INIT seed="1,1,1,2,3,15" ten="240,240,270,240" oya="1" hai0="55,12,122,108,74,24,52,127,92,102,94,1,5" hai1="114,14,109,104,34,30,44,75,126,59,83,56,13" hai2="10,45,78,119,86,18,11,97,95,105,9,106,33" hai3="118,69,22,16,93,71,133,47,131,67,115,35,41" shuffle="mt19937ar,2B72D11B,3346F2E5,12DF4690,7F902136,02AFBB3D,2155B1F7,A19F784A,D88E093E"/><U7/><E114/><V65/><F119/><W36/><G35/><T32/><D74/><U100/><E126/><V8/><F33/><W53/><G115/><T73/><D73/><U98/><E44/><V27/><F65/><W91/><G131/><T132/><D108/><U90/><E109/><V77/><F45/><W70/><G133/><T39/><D39/><U101/><E101/><V76/><F86/><W135/><G135/><T20/><D132/><U85/><E75/><V113/><F113/><W79/><G79/><T51/><D127/><U62/><E7/><V4/><F27/><W107/><G107/><T103/><D122/><U63/><E30/><V88/><REACH who="2" step="1"/><F18/><REACH who="2" step="2"/><W121/><G118/><T37/><D24/><U21/><E34/><V60/><F60/><W25/><G121/><T28/><D32/><U89/><E63/><V3/><AGARI ba="1,2" hai="3,4,8,9,10,11,76,77,78,88,95,97,105,106" machi="3" ten="30,2000,0" yaku="1,1,0,1,53,0" doraHai="15" doraHaiUra="46" who="2" fromWho="2" sc="240,-6,240,-11,260,43,240,-6" /><INIT seed="2,0,0,4,0,85" ten="234,229,303,234" oya="2" hai0="117,132,78,101,118,5,79,47,17,41,21,35,31" hai1="63,51,43,104,11,121,97,27,53,130,9,131,19" hai2="95,98,129,22,96,71,15,89,111,91,70,6,48" hai3="77,18,46,62,124,28,0,100,24,54,25,75,20" shuffle="mt19937ar,64E70314,D7D3BA09,DF400CB1,33937CA1,3432E3A4,7BE947CC,F870011B,84F974A7"/><V34/><F34/><W94/><G0/><T127/><D127/><U44/><E121/><V40/><F129/><N who="1" m="49161" /><E27/><V69/><F111/><W64/><G124/><T42/><D132/><U107/><E19/><V123/><F123/><W30/><G75/><T14/><D101/><N who="1" m="62511" /><E107/><V112/><F112/><W8/><G77/><T52/><D52/><U60/><E43/><V68/><N who="2" m="17920" /><DORA hai="133" /><V66/><F66/><W125/><G125/><T2/><D42/><U23/><E23/><V67/><F67/><W102/><G8/><AGARI ba="0,0" hai="8,9,11,44,51,53,60,63" m="62511,49161" machi="8" ten="30,1000,0" yaku="19,1" doraHai="85,133" who="1" fromWho="3" sc="234,0,229,10,303,0,234,-10" /><INIT seed="3,0,0,3,1,44" ten="234,239,303,224" oya="3" hai0="115,74,98,65,94,104,93,121,86,96,4,81,24" hai1="103,7,19,38,43,21,16,37,125,109,59,64,28" hai2="91,84,126,92,46,87,107,119,131,129,25,32,70" hai3="52,83,18,0,20,3,62,97,13,23,85,42,5" shuffle="mt19937ar,80AC5EF8,84AE6E59,D8E3E7EF,7F065F70,D041F484,45C6A798,4D540A06,532A3C2E"/><W95/><G42/><T111/><D121/><U30/><E109/><V127/><F70/><W88/><G5/><T69/><D111/><U108/><E108/><V130/><F107/><W110/><G110/><T33/><D115/><U75/><E75/><V12/><F119/><W99/><G99/><T77/><D4/><U60/><E125/><N who="2" m="47627" /><F12/><W63/><G20/><T15/><D15/><U48/><E7/><V61/><F61/><W10/><G23/><T14/><D14/><U39/><E103/><V66/><F66/><W50/><G3/><T89/><D69/><U117/><E117/><V41/><F32/><W40/><G40/><T134/><D134/><U54/><E43/><V27/><F87/><W133/><G0/><T132/><D132/><U101/><E101/><V29/><F29/><W80/><G133/><T26/><D65/><U102/><E102/><V106/><F106/><W49/><G83/><T35/><D94/><U67/><E67/><V122/><F122/><W17/><G17/><T82/><D98/><U8/><E8/><V2/><F2/><W71/><G71/><T36/><D36/><AGARI ba="0,0" hai="25,27,36,41,46,84,91,92,129,130,131" m="47627" machi="36" ten="40,2600,0" yaku="19,1,18,1" doraHai="44" who="2" fromWho="0" sc="234,-26,239,0,303,26,224,0" /><INIT seed="4,0,0,1,3,91" ten="208,239,329,224" oya="0" hai0="49,133,53,17,56,117,120,10,81,114,52,71,99" hai1="29,112,118,131,70,77,66,67,107,11,74,5,104" hai2="3,95,97,92,57,111,65,116,35,30,106,76,124" hai3="14,94,122,87,24,26,82,85,68,32,63,13,128" shuffle="mt19937ar,5C672167,60B2B7AD,61ACD398,3F36E89A,49019E27,D4011B9B,16953C85,D6BFD0BC"/><T79/><D71/><U12/><E118/><V69/><F111/><W15/><G128/><T25/><D117/><U46/><E131/><V9/><F116/><W100/><G122/><T135/><D120/><U40/><E29/><V102/><F124/><W61/><G32/><T96/><D114/><U38/><E112/><V115/><F115/><W75/><G75/><T105/><D53/><U119/><E119/><V80/><F57/><W37/><G37/><T19/><D105/><U88/><E88/><V125/><F125/><W22/><G68/><T2/><D2/><U73/><E73/><N who="2" m="43023" /><F9/><W54/><G54/><T58/><D58/><U109/><E109/><V31/><F31/><N who="3" m="17815" /><G26/><T51/><D51/><U50/><E38/><V44/><F44/><W62/><G82/><T41/><D41/><U16/><E40/><V134/><F3/><W130/><G130/><T21/><D10/><U108/><E11/><V93/><F134/><N who="0" m="51210" /><D19/><U113/><E113/><V83/><F83/><W33/><G33/><T90/><D90/><U27/><E108/><V45/><F45/><W4/><G4/><T121/><D121/><U48/><E70/><V89/><F69/><W18/><G18/><T127/><D127/><U7/><E7/><V64/><F64/><W23/><G23/><T132/><N who="0" m="51218" /><T0/><DORA hai="6" /><D0/><U55/><E66/><V20/><F65/><W129/><G129/><T43/><D43/><U34/><E67/><V123/><F123/><W110/><G110/><T60/><D60/><U36/><E107/><V78/><F35/><W126/><G126/><T84/><AGARI ba="0,0" hai="17,21,25,49,52,56,79,81,84,96,99" m="51218" machi="84" ten="40,3900,0" yaku="5,1,20,1" doraHai="91,6" who="0" fromWho="0" sc="208,39,239,-13,329,-13,224,-13" /><INIT seed="4,1,0,5,1,10" ten="247,226,316,211" oya="0" hai0="88,47,33,110,17,134,101,43,5,76,114,97,41" hai1="21,49,2,61,68,11,75,44,1,54,38,82,73" hai2="107,96,46,86,72,51,37,4,34,93,120,80,19" hai3="83,36,119,133,56,112,6,7,27,78,28,81,69" shuffle="mt19937ar,DFEC3A69,1DC24083,E16F31CC,3AFE18BF,6C02DD68,89EDEAA0,22F464D0,2677E193"/><T9/><D33/><U12/><E38/><V53/><F120/><W92/><G69/><T32/><D32/><U94/><E21/><V30/><F107/><W126/><G119/><T14/><D114/><U40/><E94/><V85/><F72/><W16/><G36/><T70/><D70/><U131/><E131/><V25/><F37/><W23/><G112/><T65/><D134/><U89/><E75/><V129/><F129/><W84/><G133/><T29/><D29/><U55/><E40/><V66/><F66/><W115/><G115/><T124/><D124/><U109/><E109/><V135/><F135/><W118/><G126/><T39/><D110/><U31/><E31/><V128/><F128/><W125/><G125/><T103/><D65/><N who="1" m="41007" /><E55/><V15/><F4/><N who="3" m="1579" /><G118/><T35/><D35/><U113/><E73/><V130/><F130/><W132/><G132/><T108/><D108/><U18/><E113/><V77/><F86/><AGARI ba="1,0" hai="1,2,11,12,18,44,49,54,82,86,89" m="41007" machi="86" ten="30,2000,0" yaku="25,1,52,1" doraHai="10" who="1" fromWho="2" sc="247,0,226,23,316,-23,211,0" /><INIT seed="5,0,0,4,5,9" ten="247,249,293,211" oya="1" hai0="29,117,30,80,97,3,32,68,22,67,51,98,104" hai1="46,92,60,52,17,64,127,70,135,71,33,7,85" hai2="96,100,123,110,121,73,13,16,115,87,119,102,25" hai3="40,65,79,28,129,82,23,106,107,76,59,45,84" shuffle="mt19937ar,FC02DE88,E5B64BFD,63E5BDBA,B1E22946,5BF4731E,09F41440,8CDD3E84,9EB950A5"/><U18/><E33/><V116/><F73/><W44/><G129/><T95/><D3/><U19/><E7/><V66/><F110/><W75/><G75/><T15/><D117/><U26/><E135/><V11/><F66/><W63/><G79/><T4/><D32/><U56/><E127/><V86/><F115/><W47/><G107/><T72/><D72/><U62/><E26/><V69/><F69/><W5/><G106/><T111/><D111/><U120/><E120/><V35/><F102/><W10/><G23/><T24/><D104/><U48/><REACH who="1" step="1"/><E62/><REACH who="1" step="2"/><V88/><F25/><W57/><G28/><T14/><D30/><U39/><E39/><V78/><F35/><W122/><G122/><T41/><D4/><U113/><E113/><V108/><F108/><W126/><G126/><T105/><D24/><U124/><E124/><V27/><F27/><W38/><G59/><T37/><D37/><U125/><E125/><V94/><F123/><W118/><G118/><T114/><D29/><U89/><AGARI ba="0,1" hai="17,18,19,46,48,52,56,60,64,70,71,85,89,92" machi="89" ten="30,3000,0" yaku="1,1,0,1,53,0" doraHai="9" doraHaiUra="93" who="1" fromWho="1" sc="247,-10,239,40,293,-10,211,-10" /><INIT seed="5,1,0,2,0,93" ten="237,279,283,201" oya="1" hai0="44,35,60,52,69,63,102,27,108,8,39,129,105" hai1="15,100,122,51,16,1,128,38,126,31,103,2,45" hai2="50,20,90,120,121,61,25,32,89,65,46,101,26" hai3="80,4,134,79,92,33,12,66,96,62,21,30,48" shuffle="mt19937ar,7D8D0DFD,1DE62672,56566E0C,DDCC4661,FF51D863,F3750D5B,FAAB409C,C8FB847C"/><U42/><E122/><V56/><F101/><N who="3" m="60551" /><G33/><T68/><D108/><U7/><E31/><V85/><F89/><W64/><G134/><T110/><D110/><U55/><E2/><V119/><F119/><W72/><G4/><T83/><D83/><U109/><E7/><V14/><F14/><W47/><G72/><T133/><D133/><U91/><E91/><V81/><F32/><W106/><G106/><T114/><D129/><U127/><E128/><V87/><F87/><N who="3" m="48543" /><G62/><T3/><D114/><U28/><E1/><V76/><F76/><W113/><G113/><T5/><D63/><U34/><E34/><V74/><F74/><W125/><G125/><T53/><D68/><U104/><E104/><V124/><F124/><W19/><G30/><N who="0" m="19935" /><D44/><U17/><E45/><V6/><F6/><W59/><G59/><T75/><D39/><U78/><E38/><V116/><F116/><W40/><AGARI ba="1,0" hai="12,19,21,40,47,48,64,66" m="48543,60551" machi="40" ten="30,2000,0" yaku="8,1,52,1" doraHai="93" who="3" fromWho="3" sc="237,-6,279,-11,283,-6,201,23" /><INIT seed="6,0,0,0,2,39" ten="231,268,277,224" oya="2" hai0="128,122,79,89,127,22,21,23,82,118,105,51,37" hai1="80,83,54,112,8,113,18,87,117,115,100,96,17" hai2="135,102,29,106,114,126,52,86,56,78,88,44,73" hai3="31,103,67,60,16,134,48,19,24,0,99,90,124" shuffle="mt19937ar,15B5A2F7,69A0794D,49743713,9F2B663A,48B1251E,590937E3,A42D949F,37C84E49"/><V111/><F114/><W11/><G124/><T49/><D37/><U110/><E110/><V66/><F126/><W101/><G134/><T85/><D122/><U2/><E117/><V35/><F135/><W3/><G90/><T46/><D127/><U40/><E54/><V123/><F123/><W94/><G101/><T119/><D128/><U132/><E132/><V97/><F111/><W121/><G121/><T98/><D51/><U14/><E2/><V41/><F66/><W13/><G48/><T104/><D79/><N who="1" m="46495" /><E83/><V116/><F116/><N who="0" m="44586" /><D98/><U53/><E53/><AGARI ba="0,0" hai="21,22,23,46,49,53,82,85,89,104,105" m="44586" machi="53" ten="30,1000,0" yaku="12,1" doraHai="39" who="0" fromWho="1" sc="231,10,268,-10,277,0,224,0" /><INIT seed="7,0,0,4,0,75" ten="241,258,277,224" oya="3" hai0="117,42,86,30,27,3,35,84,14,67,133,44,122" hai1="23,125,21,53,49,56,126,7,61,54,20,8,99" hai2="1,55,22,120,100,13,17,97,32,63,68,91,92" hai3="58,73,105,50,38,114,109,39,9,52,69,90,77" shuffle="mt19937ar,CE152092,41DC0C6E,282259F9,DA39A436,D283CA1D,F281C663,044F5D6E,D48198FF"/><W16/><G105/><T87/><D117/><U121/><E121/><V132/><F120/><W94/><G69/><T111/><D122/><U88/><E99/><V131/><F32/><W76/><G109/><T78/><D3/><U34/><E34/><V57/><F132/><W26/><G114/><T110/><D133/><U4/><E88/><V65/><F131/><W108/><G108/><T96/><D67/><U70/><E70/><V59/><F1/><W104/><G104/><T128/><D96/><U82/><E82/><V98/><REACH who="2" step="1"/><F55/><REACH who="2" step="2"/><W31/><G73/><T33/><D128/><U28/><E28/><V103/><F103/><W113/><G113/><T5/><D35/><U107/><E53/><V79/><F79/><W41/><G41/><T119/><D119/><U19/><E54/><V46/><F46/><W12/><G39/><T43/><D111/><U93/><E125/><V0/><F0/><W124/><G38/><T37/><D43/><U72/><E126/><V45/><F45/><W18/><G124/><T80/><D110/><U11/><E49/><V130/><F130/><W118/><G118/><T2/><D2/><U40/><E40/><V106/><AGARI ba="0,1" hai="13,17,22,57,59,63,65,68,91,92,97,98,100,106" machi="106" ten="20,2700,0" yaku="1,1,0,1,7,1,53,0" doraHai="75" doraHaiUra="71" who="2" fromWho="2" sc="241,-7,258,-7,267,37,224,-13" owari="234,-17,251,5,304,41,211,-29" /></mjloggm>