<mjloggm ver="2.3"><GO type="225"/><UN n0="%E3%83%9B%E3%83%AA%E3%83%B1%E3%83%95%E3%83%9F%E3%82%AA" n1="%E3%81%BE%E3%81%AB%E3%82%83%E3%82%80%E3%82%93" n2="%E3%82%AF%E3%83%AB%E3%83%AB%E2%98%86" n3="%E3%82%88%E3%81%A3%E3%81%A1" dan="16,16,16,16" rate="2080,2020,2078,2052" sx="M,M,F,M"/><TAIKYOKU oya="0"/><INIT seed="0,0,0,0,1,13" ten="250,250,250,250" oya="0" hai0="59,19,42,57,74,41,97,22,129,5,34,87,11" hai1="126,26,64,86,99,53,67,113,7,12,100,33,107" hai2="55,23,103,76,132,46,47,63,66,124,43,20,92" hai3="108,96,45,95,10,25,30,106,116,1,21,24,121" shuffle="mt19937ar,3768C6DE,2EC105C5,98BCA33A,DBEBDA6C,2D02230D,5D10BFA7,8C331EC8,132CDF1A"/><T3/><D34/><U84/><E126/><V112/><F112/><W72/><G72/><T27/><D74/><U123/><E113/><V31/><F124/><W36/><G106/><T114/><D114/><U62/><E123/><V17/><F76/><W135/><G121/><T52/><D129/><U48/><E64/><V94/><F132/><W105/><G105/><T79/><D59/><U38/><E38/><V89/><F103/><W54/><G116/><T40/><D97/><U109/><E109/><V44/><F43/><W102/><G135/><T93/><D93/><U118/><E118/><V85/><F55/><W117/><G117/><T2/><D2/><U120/><E120/><V28/><F94/><W29/><G108/><T70/><D70/><U122/><E122/><V115/><F115/><W77/><G77/><T71/><D71/><U131/><E131/><V61/><F23/><W73/><G73/><T0/><D0/><U125/><E125/><V111/><F111/><W51/><G36/><T9/><D9/><U110/><E110/><V60/><REACH who="2" step="1"/><F66/><REACH who="2" step="2"/><W58/><G95/><T39/><D39/><U128/><E67/><V81/><F81/><W49/><G102/><T8/><D8/><N who="1" m="4127" /><E128/><V88/><F88/><W69/><G10/><T18/><D79/><U14/><E100/><V104/><F104/><W16/><G69/><T78/><D78/><U119/><E107/><V80/><F80/><W130/><G130/><T50/><REACH who="0" step="1"/><D87/><REACH who="0" step="2"/><U134/><E86/><V15/><AGARI ba="0,2" hai="15,17,20,28,31,44,46,47,60,61,63,85,89,92" machi="15" ten="30,7900,0" yaku="1,1,0,1,8,1,52,1,53,0" doraHai="13" doraHaiUra="32" who="2" fromWho="2" sc="240,-39,250,-20,240,99,250,-20" /><INIT seed="1,0,0,5,4,38" ten="201,230,339,230" oya="1" hai0="79,110,104,103,13,92,10,108,76,21,121,33,36" hai1="34,49,126,2,130,113,77,88,62,6,98,86,58" hai2="52,125,55,48,67,128,116,9,122,94,12,25,45" hai3="35,71,31,85,8,114,70,60,5,63,43,3,46" shuffle="mt19937ar,CB742207,0A5CD39B,7DA37353,C06F875A,BAE6FA64,5BB89232,C9F6E3CB,DD5F175D"/><U44/><E113/><V69/><F116/><W65/><G114/><T73/><D33/><U117/><E117/><V89/><F122/><W135/><G85/><T11/><D121/><U84/><E34/><V120/><F120/><W37/><G135/><T106/><D36/><U28/><E28/><V24/><F125/><W40/><G40/><T75/><D21/><U129/><E126/><V27/><F128/><N who="1" m="49257" /><E2/><V115/><F115/><W39/><G63/><T83/><D13/><U56/><E6/><N who="2" m="3127" /><F69/><N who="3" m="42151" /><G39/><T109/><D11/><U66/><E58/><V90/><F67/><W0/><G0/><T96/><D10/><U95/><E77/><V19/><F19/><W102/><G102/><T47/><D47/><U78/><E78/><V1/><F1/><W64/><G64/><T112/><D112/><U105/><E105/><V99/><F90/><W23/><G23/><T7/><D7/><U59/><E59/><V32/><F32/><W134/><G134/><T132/><D132/><U15/><E15/><V133/><F133/><W100/><G100/><T72/><D79/><U131/><N who="1" m="49265" /><U26/><DORA hai="127" /><E26/><AGARI ba="0,0" hai="3,5,8,26,31,35,37,43,46,70,71" m="42151" machi="26" ten="30,3900,0" yaku="33,2,52,1" doraHai="38,127" who="3" fromWho="1" sc="201,0,230,-39,339,0,230,39" /><INIT seed="2,0,0,5,4,114" ten="201,191,339,269" oya="2" hai0="0,67,19,9,94,69,49,108,73,39,100,29,1" hai1="87,66,18,47,127,118,33,51,77,54,35,22,119" hai2="134,55,59,96,120,104,24,132,102,75,91,44,60" hai3="84,121,125,58,92,109,10,31,88,74,30,106,131" shuffle="mt19937ar,ED4077D5,D522C1F2,46FD03B3,A0F5EDB6,0CE1D2C9,3711BD71,F87CC998,D4E4E2D9"/><V89/><F75/><W115/><G106/><T14/><D39/><U111/><E66/><V122/><F122/><W128/><G121/><T17/><D73/><U62/><E62/><V13/><F120/><W80/><G115/><T20/><D29/><U11/><E11/><V123/><F123/><W95/><G125/><T81/><D108/><U126/><E111/><V99/><F24/><W8/><G109/><T38/><D38/><U110/><E110/><V90/><F13/><W56/><G74/><T76/><D67/><U85/><E77/><V48/><REACH who="2" step="1"/><F99/><REACH who="2" step="2"/><W72/><G72/><T112/><D112/><U36/><E87/><V25/><F25/><W2/><G2/><T52/><D0/><U116/><E85/><V103/><F103/><W16/><G84/><T57/><D1/><U82/><E82/><V21/><F21/><W41/><G80/><T26/><D81/><U98/><E98/><V130/><F130/><W93/><G128/><T113/><D113/><U117/><E116/><V68/><F68/><W129/><G131/><T63/><D69/><U79/><E79/><V86/><F86/><W53/><G53/><AGARI ba="0,1" hai="44,48,53,55,59,60,89,90,91,96,102,104,132,134" machi="53" ten="40,3900,0" yaku="1,1,53,1" doraHai="114" doraHaiUra="42" who="2" fromWho="3" sc="201,0,191,0,329,49,269,-39" /><INIT seed="2,1,0,1,5,0" ten="201,191,378,230" oya="2" hai0="86,30,73,31,93,85,4,113,37,71,115,111,76" hai1="107,55,57,118,133,34,135,100,39,60,17,97,47" hai2="54,26,123,67,64,61,119,127,28,75,108,87,68" hai3="7,121,3,91,77,125,44,109,29,105,38,99,50" shuffle="mt19937ar,8E9B7329,DDEE5241,5729A536,5135B399,47D7E761,29ECCAE7,E25BCF5E,2297D759"/><V130/><F75/><W69/><G69/><T49/><D37/><U27/><E118/><V6/><F119/><W18/><G38/><T124/><D71/><U25/><E34/><V126/><F123/><W56/><G29/><T8/><D124/><U11/><E17/><V51/><F67/><W96/><G56/><T9/><D49/><U129/><E129/><V66/><F66/><W88/><G18/><T10/><D73/><U46/><E11/><V16/><F130/><W131/><G121/><T70/><D70/><U20/><E20/><V14/><F108/><W95/><G131/><T94/><D76/><U110/><E110/><V72/><F72/><W62/><G109/><T134/><D111/><U117/><E117/><V45/><F87/><N who="0" m="33290" /><D4/><U89/><E89/><V32/><REACH who="2" step="1"/><F6/><REACH who="2" step="2"/><W104/><G125/><T65/><D65/><U114/><E133/><V36/><F36/><W19/><G7/><T84/><D84/><U63/><E135/><V40/><F40/><W21/><G96/><T98/><D98/><U120/><E39/><V42/><F42/><W112/><G99/><T59/><D134/><U13/><E97/><V83/><F83/><W12/><G104/><T82/><D82/><U132/><E107/><V116/><F116/><W78/><G105/><T41/><D41/><U102/><E132/><V15/><F15/><W79/><G95/><N who="0" m="36363" /><D115/><U106/><E114/><V80/><F80/><W90/><G112/><T74/><D74/><U24/><E106/><V48/><F48/><W35/><G12/><T22/><D113/><U122/><E13/><V58/><F58/><RYUUKYOKU ba="1,1" sc="201,-10,191,-10,368,30,230,-10" hai2="14,16,26,28,32,45,51,54,61,64,68,126,127" /><INIT seed="2,2,1,4,5,102" ten="191,181,398,220" oya="2" hai0="128,86,13,98,126,64,20,21,16,35,114,42,129" hai1="133,125,120,14,27,116,135,5,11,31,77,91,15" hai2="73,25,57,45,10,38,47,124,59,3,75,1,108" hai3="71,18,103,130,97,40,51,117,23,17,26,78,63" shuffle="mt19937ar,1FD22873,07FF4B66,D7E2FC34,29F72C1F,17C70B51,39A1B148,CE234152,65395483"/><V54/><F25/><W34/><G78/><T121/><D35/><N who="1" m="20991" /><E116/><V96/><F10/><W132/><G117/><T65/><D121/><U131/><E120/><V29/><F29/><W19/><G132/><N who="1" m="50762" /><E77/><V88/><F38/><W107/><G130/><N who="0" m="50283" /><D114/><U112/><E131/><V4/><F4/><W12/><G40/><T32/><D32/><U61/><E61/><V74/><F96/><W43/><G43/><T100/><D126/><U49/><E49/><V123/><F124/><W7/><G51/><T68/><D68/><U87/><E125/><V28/><F28/><N who="3" m="19735" /><G7/><T69/><D69/><U66/><E66/><AGARI ba="2,1" hai="12,17,18,19,23,63,66,71,97,103,107" m="19735" machi="66" ten="30,2000,0" yaku="25,1,52,1" doraHai="102" who="3" fromWho="1" sc="191,0,181,-26,398,0,220,36" /><INIT seed="3,0,0,2,1,16" ten="191,155,398,256" oya="3" hai0="40,2,31,55,105,11,59,129,79,125,116,45,12" hai1="65,38,50,128,73,53,68,64,42,22,25,27,56" hai2="103,78,37,135,47,1,117,97,14,95,69,23,96" hai3="15,115,119,91,74,82,19,126,51,127,26,20,83" shuffle="mt19937ar,F917FEEC,E9FF30FE,74FE09B0,81D9FA06,769FC010,169D5D89,FAE13233,1F457C69"/><W85/><G115/><T108/><D2/><U75/><E128/><V112/><F1/><W10/><G119/><T110/><D105/><U9/><E9/><V0/><F0/><W77/><REACH who="3" step="1"/><G51/><REACH who="3" step="2"/><T36/><D116/><U57/><E50/><V24/><F112/><W62/><G62/><T100/><D36/><U121/><E38/><V88/><F117/><W102/><G102/><T72/><D100/><U120/><E68/><V90/><F69/><W130/><G130/><T33/><D129/><U118/><E118/><V43/><F103/><W21/><G21/><T28/><D33/><U63/><E63/><V7/><F23/><W99/><G99/><T13/><D108/><U58/><E22/><V35/><F35/><W86/><G86/><T93/><D110/><U8/><E8/><V39/><F97/><W54/><G54/><T134/><D55/><U29/><E53/><V123/><F96/><W41/><G41/><T52/><D40/><U32/><E42/><V124/><F43/><W89/><G89/><T67/><D52/><U49/><E49/><V133/><F90/><W113/><G113/><T87/><D11/><U107/><E107/><V44/><F88/><W66/><G66/><N who="1" m="25706" /><E25/><V30/><F24/><W109/><G109/><T71/><D71/><U4/><E4/><AGARI ba="0,1" hai="4,10,15,19,20,26,74,77,82,83,85,91,126,127" machi="4" ten="40,7700,0" yaku="1,1,52,1,53,1" doraHai="16" doraHaiUra="84" who="3" fromWho="1" sc="191,0,155,-77,398,0,246,87" /><INIT seed="3,1,0,3,1,67" ten="191,78,398,333" oya="3" hai0="53,48,50,25,133,120,116,33,86,61,123,117,65" hai1="64,113,71,75,81,9,85,76,26,8,89,77,114" hai2="112,107,121,101,6,12,98,63,87,13,90,129,80" hai3="44,105,119,11,59,109,66,74,54,69,29,94,62" shuffle="mt19937ar,E18F154F,92FF6838,CA99FF56,54DFC69E,9621F7B3,B25F5A13,0EA64631,DCDD6CD4"/><W2/><G105/><T10/><D10/><BYE who="0" /><U5/><E26/><V78/><F112/><W4/><G74/><T102/><D102/><U34/><E34/><V15/><F129/><W46/><G119/><T104/><D104/><U79/><E75/><UN n0="%E3%83%9B%E3%83%AA%E3%83%B1%E3%83%95%E3%83%9F%E3%82%AA" /><V132/><F132/><W22/><G109/><T1/><D1/><U42/><E42/><V91/><F121/><W100/><G29/><T52/><D86/><U135/><E135/><V84/><F6/><W45/><G22/><T115/><D25/><U125/><E125/><V72/><F63/><W39/><G100/><T23/><D23/><U24/><E24/><V124/><F124/><W28/><G28/><T57/><D33/><U130/><E130/><V14/><F14/><W0/><G94/><T47/><D115/><U16/><E64/><V31/><F31/><W19/><G19/><T21/><D21/><U56/><E56/><V111/><F111/><W108/><G108/><T18/><D18/><U126/><E126/><V40/><F40/><N who="3" m="22559" /><G0/><T106/><D106/><U99/><E99/><V35/><F35/><W7/><G7/><T58/><REACH who="0" step="1"/><D133/><REACH who="0" step="2"/><U127/><E127/><V55/><F87/><W88/><G88/><T51/><D51/><AGARI ba="1,1" hai="2,4,11,45,46,51,54,59,62,66,69" m="22559" machi="51" ten="30,2900,0" yaku="24,1,52,1" doraHai="67" who="3" fromWho="0" sc="181,-32,78,0,398,0,333,42" /><INIT seed="3,2,0,4,5,40" ten="149,78,398,375" oya="3" hai0="26,112,21,44,33,81,69,94,61,41,113,37,51" hai1="4,133,12,100,111,85,106,131,121,88,49,103,29" hai2="104,54,135,74,101,122,2,89,14,129,120,66,71" hai3="10,18,20,8,99,90,117,83,119,35,68,63,23" shuffle="mt19937ar,A91027CD,383E27E3,51719E95,E1CAEB90,93408ECA,A4C05CC7,579D8823,23A20A1A"/><W86/><G35/><T36/><D81/><U78/><E121/><N who="2" m="46699" /><F2/><W72/><G23/><T115/><D33/><U30/><E131/><V32/><F129/><W0/><G72/><T128/><D128/><U1/><E111/><V108/><F108/><W124/><G124/><T59/><D94/><U97/><E133/><V96/><F32/><W57/><G68/><T132/><D69/><U39/><E39/><V34/><F34/><W93/><G117/><T43/><D43/><U46/><E1/><V6/><F74/><W92/><G119/><T70/><D70/><U80/><E103/><V58/><F135/><W22/><G92/><T56/><D56/><U126/><E126/><V118/><F118/><W84/><G20/><T98/><D98/><U7/><E7/><V105/><F89/><W60/><G0/><T107/><D107/><U134/><E134/><V110/><F110/><W79/><G84/><T47/><D132/><U11/><REACH who="1" step="1"/><E78/><REACH who="1" step="2"/><V73/><F101/><W5/><G5/><T125/><D125/><U19/><E19/><V24/><F6/><W28/><G28/><N who="0" m="17487" /><D44/><U45/><E45/><V114/><F114/><W67/><G63/><T102/><D102/><U50/><E50/><V15/><F105/><W82/><G82/><T55/><AGARI ba="2,1" hai="36,37,41,47,51,55,59,61,112,113,115" m="17487" machi="55" ten="30,2000,0" yaku="11,1,52,1" doraHai="40" who="0" fromWho="0" sc="149,36,68,-7,398,-7,375,-12" owari="185,-16,61,-34,391,39,363,11" /></mjloggm>