<mjloggm ver="2.3"><GO type="225"/><UN n0="%E3%83%9B%E3%83%AA%E3%83%B1%E3%83%95%E3%83%9F%E3%82%AA" n1="%E9%95%B7%E5%B2%A1%E5%A4%A7%E6%98%8E%E7%A5%9E" n2="%E3%81%BE%E3%82%8D%E3%81%B0%E3%81%97" n3="%E5%B1%B1%E5%B9%B8%E5%95%86%E5%BA%97" dan="16,16,17,17" rate="2082,2011,2109,2122" sx="M,F,M,M"/><TAIKYOKU oya="0"/><INIT seed="0,0,0,1,0,20" ten="250,250,250,250" oya="0" hai0="72,7,61,27,96,85,80,4,92,0,97,129,70" hai1="94,73,26,108,17,11,39,116,47,132,95,53,31" hai2="41,59,42,5,110,120,38,112,40,74,87,89,45" hai3="128,10,125,76,44,25,127,84,6,117,93,121,52" shuffle="mt19937ar,B7528ED0,60DA9A9B,401FE4F9,49A1D10A,6D954FEA,0F88748B,62EF50A5,55DEB5A0"/><T54/><D72/><U134/><E73/><V57/><F74/><W67/><G67/><T9/><D7/><U119/><E17/><V35/><F112/><W106/><G106/><T34/><D129/><U104/><E11/><V124/><F120/><W102/><G117/><T15/><D0/><U109/><E104/><V56/><F110/><N who="1" m="42601" /><E53/><V65/><F124/><N who="3" m="47691" /><G128/><T63/><D70/><U2/><E2/><V81/><F65/><W8/><G6/><T13/><D13/><U22/><E119/><V135/><F135/><N who="1" m="51753" /><E116/><V78/><F5/><W18/><G121/><T122/><D122/><U23/><E23/><V88/><F35/><W101/><G101/><T58/><D63/><U16/><E31/><V130/><F130/><W105/><G105/><T71/><D71/><U49/><E49/><V66/><F66/><W69/><G69/><T14/><D14/><U43/><AGARI ba="0,0" hai="16,22,26,39,43,47,94,95" m="51753,42601" machi="43" ten="40,8000,1" yaku="14,1,20,1,52,1,54,1" doraHai="20" who="1" fromWho="1" sc="250,-40,250,80,250,-20,250,-20" /><INIT seed="1,0,0,0,0,92" ten="210,330,230,230" oya="1" hai0="112,33,81,5,110,72,74,65,114,10,76,122,103" hai1="97,28,66,102,12,15,119,17,87,93,13,117,99" hai2="113,43,121,9,44,68,22,38,98,35,57,11,82" hai3="49,39,108,6,16,127,78,79,73,56,59,29,116" shuffle="mt19937ar,E8C07F51,9A703E4C,046F3F7A,2118CDC6,7230F7C4,502DE3D1,23E051E1,19F83617"/><U134/><E134/><V85/><F35/><W105/><G39/><T71/><D74/><U8/><E28/><V2/><F2/><W90/><G105/><T50/><D122/><U129/><E129/><V32/><F32/><W131/><G29/><T100/><D33/><U104/><E66/><V3/><F121/><W61/><G6/><T34/><D34/><U27/><E87/><V40/><F68/><W67/><G73/><T54/><D65/><U53/><E53/><V55/><F3/><W4/><G4/><T41/><D41/><U130/><E130/><V135/><F135/><W84/><G131/><T70/><D71/><U14/><REACH who="1" step="1"/><E27/><REACH who="1" step="2"/><V23/><F55/><N who="3" m="31855" /><G116/><T19/><D114/><U125/><E125/><V18/><F113/><W25/><G127/><T88/><D112/><U94/><E94/><V95/><F85/><W106/><G106/><T109/><D54/><U111/><E111/><V133/><F133/><W75/><G75/><T83/><D72/><U132/><E132/><V47/><F95/><N who="3" m="54727" /><G108/><T77/><D110/><U51/><E51/><V126/><F126/><W69/><G69/><T128/><D50/><U7/><E7/><V37/><F37/><W80/><G80/><T118/><D83/><U115/><E115/><V42/><F82/><W21/><AGARI ba="0,1" hai="16,21,25,59,61,67,78,79" m="54727,31855" machi="21" ten="30,2000,0" yaku="8,1,54,1" doraHai="92" who="3" fromWho="3" sc="210,-5,320,-10,230,-5,230,30" /><INIT seed="2,0,0,1,2,68" ten="205,310,225,260" oya="2" hai0="9,63,135,0,95,74,86,105,44,32,108,78,12" hai1="121,37,71,52,51,27,127,97,42,36,16,116,31" hai2="46,117,15,107,120,40,56,75,77,113,4,110,35" hai3="48,88,84,25,112,124,98,38,5,45,1,126,13" shuffle="mt19937ar,3DA85F98,F061B7DE,20091A19,98A253AD,21175510,BB78A93D,2422102F,ED993040"/><V81/><F117/><W87/><G1/><T106/><D32/><U23/><E116/><V115/><F120/><W96/><G25/><T123/><D0/><U133/><E71/><V6/><F35/><W7/><G112/><T128/><D123/><U83/><E121/><V73/><F107/><W131/><G87/><T21/><D74/><U47/><E127/><N who="3" m="48682" /><G131/><T132/><D128/><U2/><E2/><V61/><F73/><W54/><G38/><T22/><D63/><U3/><E3/><V55/><F110/><W103/><G13/><T111/><D44/><U59/><E133/><N who="0" m="51273" /><D106/><U53/><E97/><N who="3" m="37482" /><G103/><T66/><D66/><U67/><E67/><V99/><F99/><W33/><G33/><T10/><D105/><U17/><E36/><V76/><F76/><W14/><G14/><T91/><D78/><U57/><E83/><AGARI ba="0,0" hai="5,7,45,48,54,83,84,88" m="37482,48682" machi="83" ten="30,2000,0" yaku="18,1,54,1" doraHai="68" who="3" fromWho="1" sc="205,0,310,-20,225,0,260,20" /><INIT seed="3,0,0,5,0,86" ten="205,290,225,280" oya="3" hai0="52,61,38,113,55,46,28,47,120,121,14,110,96" hai1="62,19,75,108,105,68,49,13,85,15,114,12,17" hai2="126,90,67,88,56,20,98,25,53,128,117,101,40" hai3="99,34,129,116,31,118,131,18,82,91,30,94,132" shuffle="mt19937ar,66F7EC55,35DF22A4,F81D1294,C7603044,A45522C8,EAB16AA4,8E19321E,31E34AD8"/><W22/><G82/><T29/><D38/><U69/><E75/><V42/><F117/><W92/><G92/><T104/><D14/><U21/><E105/><V3/><F3/><W95/><G95/><T66/><D104/><U63/><E114/><V24/><F128/><N who="3" m="49227" /><G132/><T76/><D76/><U115/><E115/><V64/><F126/><W134/><G134/><T122/><D113/><U51/><E108/><V16/><F24/><N who="3" m="18759" /><G31/><T37/><D110/><U81/><E68/><V102/><F64/><W50/><G50/><N who="1" m="18954" /><E69/><V0/><F67/><W35/><G35/><T73/><D73/><U89/><E17/><V80/><F80/><W26/><AGARI ba="0,0" hai="18,22,26,91,94,99,116,118" m="18759,49227" machi="26" ten="30,3000,0" yaku="19,1,52,1" doraHai="86" who="3" fromWho="3" sc="205,-10,290,-10,225,-10,280,30" owari="195,-20,280,3,215,-13,310,30" /></mjloggm>