<mjloggm ver="2.3"><GO type="225"/><UN n0="%E2%93%85%E5%B0%8F%E5%80%89%E5%AD%9D" n1="%E2%98%85%E3%83%A6%E3%83%94%E3%83%86%E3%83%AB%E2%98%85" n2="%E6%9C%A7%E5%A4%8F%E6%9C%88" n3="%23%37%34%E5%A4%A7%E6%B2%BB%E9%83%8E" dan="16,17,17,16" rate="2091,2071,2147,2064" sx="M,M,M,M"/><TAIKYOKU oya="0"/><INIT seed="0,0,0,1,2,6" ten="250,250,250,250" oya="0" hai0="24,57,32,54,94,114,63,126,89,65,110,118,30" hai1="27,43,10,85,37,83,46,34,59,16,92,111,29" hai2="48,79,133,60,55,1,99,2,47,106,25,9,127" hai3="15,102,49,88,129,74,0,128,124,56,8,33,45" shuffle="mt19937ar,245CE6A7,CA0186E9,92E0CF56,C1773A8F,E8D64B57,E803A21A,F8E59641,EE065DBD"/><T95/><D118/><U44/><E111/><V122/><F122/><W98/><G74/><T14/><D114/><U11/><E92/><V38/><F133/><W109/><G33/><T130/><D110/><U40/><E59/><V105/><F38/><W73/><G73/><T123/><D123/><U71/><E71/><V117/><F117/><W131/><G109/><T81/><D130/><U31/><E31/><V104/><F127/><W96/><G0/><T108/><D108/><U51/><REACH who="1" step="1"/><E16/><REACH who="1" step="2"/><V77/><F105/><W125/><G56/><T17/><D126/><N who="3" m="48745" /><G102/><T119/><D119/><U91/><AGARI ba="0,1" hai="10,11,27,29,34,37,40,43,44,46,51,83,85,91" machi="91" ten="20,8000,1" yaku="1,1,0,1,7,1,52,2,53,0" doraHai="6" doraHaiUra="116" who="1" fromWho="1" sc="250,-40,240,90,250,-20,250,-20" /><INIT seed="1,0,0,2,3,127" ten="210,330,230,230" oya="1" hai0="10,82,38,13,131,20,54,95,93,110,104,51,55" hai1="40,59,8,28,76,78,22,112,65,80,31,61,69" hai2="86,117,119,37,105,42,66,58,88,4,102,5,46" hai3="124,70,109,84,83,132,48,35,41,12,108,130,25" shuffle="mt19937ar,D59EBC06,849BCF1F,E07B52C1,630F043B,616E3DE5,C6C71C3A,AC21B60B,5212E111"/><U91/><E112/><V15/><F105/><W73/><G73/><T67/><D104/><U27/><E69/><V63/><F102/><W3/><G3/><T68/><D38/><U45/><E8/><V43/><F43/><W118/><G70/><T97/><D20/><U126/><E126/><V121/><F121/><W36/><G36/><T103/><D110/><U17/><E91/><V60/><F60/><W72/><G72/><T23/><D23/><U133/><E133/><V75/><F75/><W30/><G124/><T14/><D68/><U56/><E56/><V74/><F74/><W39/><G39/><T123/><D67/><U92/><E92/><V71/><F71/><W90/><G132/><T77/><D123/><U49/><E80/><V99/><F99/><W44/><G118/><T87/><D95/><U94/><REACH who="1" step="1"/><E94/><REACH who="1" step="2"/><V53/><F119/><W9/><REACH who="3" step="1"/><G130/><REACH who="3" step="2"/><T111/><D131/><U7/><E7/><AGARI ba="0,2" hai="7,9,12,25,30,35,41,44,48,83,84,90,108,109" machi="7" ten="40,2600,0" yaku="1,1,2,1,53,0" doraHai="127" doraHaiUra="129" who="3" fromWho="1" sc="210,0,320,-26,230,0,220,46" /><INIT seed="2,0,0,4,2,34" ten="210,294,230,266" oya="2" hai0="118,58,109,75,105,86,42,53,45,22,108,69,19" hai1="72,132,91,104,82,24,29,62,2,67,55,64,20" hai2="92,1,125,129,68,134,11,88,122,103,12,61,47" hai3="17,21,23,9,40,85,49,71,123,50,44,31,13" shuffle="mt19937ar,4F82353E,691B823F,9F57B5C7,225B3C3A,3E4A9D04,E43D18B0,B30E7DCA,F4A809DD"/><V30/><F122/><W77/><G123/><T98/><D75/><U66/><E104/><V114/><F114/><W83/><G71/><T54/><D69/><U52/><E132/><V120/><F120/><W107/><G107/><T28/><D28/><U8/><E72/><V36/><F103/><W48/><REACH who="3" step="1"/><G31/><REACH who="3" step="2"/><T84/><D105/><U25/><E29/><V18/><F30/><W116/><G116/><T59/><D118/><U100/><E100/><V32/><F68/><W95/><G95/><T102/><D109/><U117/><E117/><V99/><F92/><W131/><G131/><T41/><D108/><U127/><E82/><V135/><F129/><W113/><G113/><T51/><D102/><U27/><E127/><V121/><F125/><W56/><G56/><T6/><D59/><U37/><E62/><V65/><F61/><W76/><G76/><T73/><D58/><U90/><E37/><AGARI ba="0,1" hai="9,13,17,21,23,37,40,44,48,49,50,77,83,85" machi="37" ten="40,1300,0" yaku="1,1,53,0" doraHai="34" doraHaiUra="128" who="3" fromWho="1" sc="210,0,294,-13,230,0,256,23" /><INIT seed="3,0,0,3,3,31" ten="210,281,230,279" oya="3" hai0="100,20,51,106,61,74,72,124,8,69,86,113,87" hai1="93,77,65,64,112,28,129,135,39,9,108,131,127" hai2="58,37,126,32,133,42,11,16,3,41,38,47,97" hai3="49,21,103,14,22,105,36,75,118,92,44,123,121" shuffle="mt19937ar,587B4CA2,3A94127C,8F29046D,87B30D2D,C17E7892,6316CA80,519EC651,87B1BD18"/><W102/><G118/><T82/><D51/><U101/><E112/><V119/><F119/><W59/><G75/><N who="0" m="28715" /><D61/><U107/><E77/><V68/><F68/><W62/><G36/><T96/><D69/><U120/><E39/><V73/><F73/><W117/><G117/><T10/><D20/><U45/><E107/><V111/><F111/><W5/><G121/><T88/><D8/><U134/><E108/><V34/><F133/><N who="1" m="50697" /><E120/><V33/><F126/><W132/><G132/><T29/><D10/><U114/><E114/><V80/><F80/><W115/><G115/><T24/><D24/><U23/><E9/><V67/><F97/><W95/><G123/><T4/><D29/><U57/><E127/><V122/><F122/><W56/><G5/><T66/><D4/><U76/><E76/><V85/><F85/><W84/><G105/><T0/><D66/><U70/><E70/><V79/><F79/><W98/><G14/><T63/><D0/><U30/><E45/><V52/><F67/><N who="1" m="25673" /><E57/><N who="3" m="22090" /><G62/><T116/><D63/><U48/><E48/><V35/><F3/><W26/><G26/><T94/><D113/><U83/><E83/><V7/><F7/><W18/><G18/><T43/><D124/><U54/><E54/><V110/><F110/><W12/><G12/><T19/><D116/><U81/><E81/><V109/><F109/><W40/><G103/><N who="0" m="62823" /><D19/><U46/><E46/><N who="2" m="23855" /><F16/><W55/><G40/><T25/><D43/><U99/><E28/><V6/><N who="2" m="8704" /><DORA hai="91" /><V60/><F6/><W71/><G71/><T104/><D104/><U78/><E78/><V128/><F11/><RYUUKYOKU ba="0,0" sc="210,-30,281,10,230,10,279,10" hai1="23,30,93,99,101,129,131" hai2="38,42,47,52,58,60,128" hai3="21,22,44,49,55,84,92,95,98,102" /><INIT seed="3,1,0,0,3,56" ten="180,291,240,289" oya="3" hai0="81,20,125,104,52,50,47,117,28,108,91,43,33" hai1="53,68,31,121,92,15,119,102,60,129,107,90,95" hai2="74,5,34,35,36,76,54,111,8,99,94,29,19" hai3="11,87,101,66,79,4,75,12,55,58,80,63,72" shuffle="mt19937ar,6ED977E8,6AD8D87A,81753770,080A030A,E7184B5C,C9B1F4A8,9BDC1B6E,75FBC1F5"/><W23/><G101/><T83/><D117/><U69/><E121/><V128/><F36/><W7/><G7/><T38/><D108/><U48/><E119/><V118/><F118/><W89/><G23/><T113/><D33/><U112/><E112/><V65/><F111/><W85/><G66/><T2/><D113/><U120/><E120/><V37/><F37/><W18/><G4/><T51/><D2/><U82/><E129/><V93/><F19/><W17/><G17/><T0/><D0/><U124/><E124/><V59/><F65/><W78/><G78/><T123/><D123/><U6/><E107/><V134/><F128/><W133/><G133/><T96/><D125/><U44/><E102/><V30/><F134/><W24/><G24/><N who="0" m="16391" /><D38/><U61/><E31/><V64/><F64/><W71/><G71/><T3/><D3/><U46/><E46/><V22/><F22/><W14/><G12/><T135/><D135/><U32/><E32/><V88/><F35/><W49/><G49/><T115/><D104/><U9/><E68/><V109/><F109/><W45/><G45/><N who="0" m="26047" /><D115/><U127/><E69/><V126/><F126/><W114/><G114/><T86/><D96/><U98/><E127/><V100/><F34/><W106/><G106/><T21/><D21/><U13/><E82/><AGARI ba="1,0" hai="11,14,18,55,58,63,72,75,79,80,82,85,87,89" machi="82" ten="30,2900,0" yaku="7,1,52,1" doraHai="56" who="3" fromWho="1" sc="180,0,291,-32,240,0,289,32" /><AGARI ba="1,0" hai="47,50,52,81,82,83,86,91" m="26047,16391" machi="82" ten="30,2000,0" yaku="8,1,54,1" doraHai="56" who="0" fromWho="1" sc="180,20,259,-20,240,0,321,0" owari="200,-20,239,-11,240,-1,321,32" /></mjloggm>