<mjloggm ver="2.3"><GO type="185"/><UN n0="%E7%A5%9E%E9%80%9F%E2%98%85%2E%63%6F%6D" n1="%53%54%4F%53%48%49%59%41" n2="%E3%81%9F%E3%82%80%E3%81%A8%E3%83%BC" n3="" dan="17,17,16,0" rate="2184,2145,2124,1500" sx="M,M,M,C"/><TAIKYOKU oya="0"/><INIT seed="0,0,0,0,4,112" ten="350,350,350,0" oya="0" hai0="73,111,64,82,3,68,67,53,59,63,38,49,93" hai1="128,102,39,85,110,48,86,54,32,74,69,123,103" hai2="116,115,99,126,52,91,33,79,72,92,124,131,97" hai3="" shuffle="mt19937ar,E80330A0,28FD6747,94580B66,16544CC8,70277324,46FB3C37,C363C4C8,2F40153A"/><T75/><D3/><U55/><N who="1" m="31520" /><U60/><E32/><V106/><F33/><T58/><D111/><U43/><E39/><V35/><F35/><T129/><D129/><U2/><E74/><V100/><F115/><T105/><D105/><U1/><E2/><V36/><F36/><T133/><D133/><U70/><E1/><V121/><N who="2" m="31008" /><V47/><F131/><T76/><D38/><U113/><E128/><V120/><N who="2" m="30752" /><V122/><N who="2" m="31264" /><V77/><F116/><T71/><D75/><U61/><E43/><V34/><F34/><T78/><D78/><N who="2" m="29706" /><F47/><T130/><D130/><U56/><E113/><V62/><F52/><T98/><D64/><U0/><E0/><V94/><F62/><T125/><D125/><N who="2" m="48234" /><F72/><T80/><D80/><U37/><E37/><V81/><F81/><T107/><D107/><AGARI ba="0,0" hai="91,92,94,97,99,100,106,107" m="48234,29706,31264,30752,31008" machi="107" ten="30,12000,2" yaku="18,1,34,2,52,3" doraHai="112" who="2" fromWho="0" sc="350,-120,350,0,350,120,0,0" /><INIT seed="1,0,0,5,3,68" ten="230,350,470,0" oya="1" hai0="122,49,107,59,84,102,115,40,37,87,120,116,127" hai1="109,83,88,134,104,80,133,58,66,61,76,57,63" hai2="2,56,71,43,110,135,97,51,78,126,103,117,50" hai3="" shuffle="mt19937ar,F4D81B0E,1BFE54C6,8464EE28,3DA5A9FF,8D606D3D,93B86E57,C007C93E,6ADC4B4D"/><U77/><E104/><V42/><F2/><T75/><N who="0" m="30752" /><T67/><N who="0" m="31264" /><T128/><D75/><U112/><E112/><V62/><F117/><T34/><D116/><U123/><N who="1" m="31520" /><U45/><E45/><V73/><F71/><T48/><D34/><U39/><E109/><V32/><F32/><T125/><D115/><U101/><E101/><V95/><F110/><T72/><D72/><U79/><E39/><V46/><F135/><N who="1" m="51721" /><E88/><V60/><F126/><T119/><D119/><U1/><E1/><V69/><F69/><T85/><D128/><U36/><E36/><V93/><F73/><T130/><D130/><U131/><E131/><V108/><F108/><T90/><D107/><U94/><E94/><V74/><F74/><T33/><D33/><U38/><E38/><V96/><F78/><T70/><D37/><U53/><AGARI ba="0,0" hai="53,57,58,61,63,66,76,77,79,80,83" m="51721,31520" machi="53" ten="30,2000,0" yaku="20,1,52,1" doraHai="68" who="1" fromWho="1" sc="230,-10,350,20,470,-10,0,0" /><INIT seed="1,1,0,5,2,63" ten="220,370,460,0" oya="1" hai0="47,81,121,76,54,91,55,37,93,65,84,68,130" hai1="94,78,88,106,114,109,72,102,48,116,3,57,2" hai2="51,119,32,118,101,112,92,83,61,107,85,115,58" hai3="" shuffle="mt19937ar,D5903FA2,CB7DC024,C2019F96,9327DF45,DA8863ED,DE500EE3,2486565D,CA283E7A"/><U34/><E34/><V95/><F32/><T36/><N who="0" m="31008" /><T86/><D130/><U87/><E116/><N who="2" m="44587" /><F51/><T77/><D77/><U49/><E114/><N who="2" m="43563" /><F58/><T134/><D134/><U33/><E33/><V127/><F61/><T113/><D113/><U100/><E109/><V71/><F71/><T52/><REACH who="0" step="1"/><D47/><REACH who="0" step="2"/><U79/><E78/><V125/><F125/><T41/><D41/><U60/><E79/><V82/><F127/><T44/><D44/><U111/><E111/><V73/><F73/><T0/><D0/><U39/><E72/><V35/><F35/><T110/><D110/><U131/><E131/><V38/><F38/><T129/><D129/><U43/><E39/><V132/><F132/><T97/><D97/><U98/><E43/><V103/><F85/><T96/><D96/><U74/><E74/><V104/><F103/><T120/><D120/><U126/><E126/><V80/><F101/><T117/><D117/><U42/><E102/><V90/><F90/><T99/><D99/><U67/><REACH who="1" step="1"/><E42/><REACH who="1" step="2"/><V75/><F75/><T64/><D64/><U40/><E40/><V1/><F1/><AGARI ba="1,2" hai="1,2,3,48,49,57,60,67,87,88,94,98,100,106" machi="1" ten="40,7700,0" yaku="1,1,52,1,54,1,53,0" doraHai="63" doraHaiUra="108" who="1" fromWho="2" sc="210,0,360,99,460,-79,0,0" /><INIT seed="1,2,0,4,3,114" ten="210,459,381,0" oya="1" hai0="113,92,118,46,61,116,62,83,38,70,60,77,131" hai1="108,59,73,63,0,39,120,126,117,32,104,97,51" hai2="66,64,110,47,127,84,93,87,68,128,52,55,1" hai3="" shuffle="mt19937ar,06FB29C5,40732CA5,12B78994,60C3E336,B1CE5EF6,22FF1FFE,1F5677A3,32F1B354"/><U115/><RYUUKYOKU type="yao9" ba="2,0" sc="210,0,459,0,381,0,0,0" hai1="0,32,39,51,59,63,73,97,104,108,115,117,120,126" /><INIT seed="1,3,0,0,5,59" ten="210,459,381,0" oya="1" hai0="111,45,85,66,53,119,128,120,48,67,38,90,32" hai1="61,114,74,83,123,42,110,60,36,78,54,46,77" hai2="39,98,131,104,3,113,132,88,76,99,95,135,112" hai3="" shuffle="mt19937ar,9EFE1D07,A219DB0A,2AF4167D,12EBE089,65A955F8,42DCFBBA,2AB9FC4E,6AD717CB"/><U100/><N who="1" m="31520" /><U75/><E114/><N who="2" m="44139" /><F3/><T55/><N who="0" m="30752" /><T96/><D32/><U87/><E110/><V58/><F39/><T62/><D119/><U56/><E100/><V126/><F58/><T84/><D111/><U47/><E47/><V106/><F131/><T89/><D128/><U1/><E1/><V68/><F68/><T0/><D38/><U116/><E116/><V37/><F37/><T33/><D96/><U40/><E40/><V91/><F126/><T93/><D33/><U50/><REACH who="1" step="1"/><E77/><REACH who="1" step="2"/><V63/><F76/><T122/><N who="0" m="31264" /><T73/><D0/><U107/><E107/><V71/><F106/><T34/><D34/><U125/><E125/><V97/><F104/><T82/><D73/><AGARI ba="3,1" hai="36,42,46,50,54,56,60,61,73,74,75,78,83,87" m="31520" machi="73" ten="40,12000,1" yaku="1,1,52,3,53,1" doraHai="59" doraHaiUra="51" who="1" fromWho="0" sc="210,-126,449,136,381,0,0,0" /><INIT seed="1,4,0,4,3,100" ten="84,585,381,0" oya="1" hai0="45,93,42,41,46,123,39,115,114,105,106,76,34" hai1="74,75,113,94,60,101,73,108,84,128,40,107,133" hai2="1,37,125,126,50,56,129,2,99,104,71,66,67" hai3="" shuffle="mt19937ar,ED7EF1B6,26973B6A,90611B29,F6BA025E,549B2C79,C0D2E6B5,C4E21D69,AED771B3"/><U77/><E40/><V63/><F1/><T87/><N who="0" m="31520" /><T92/><D34/><U65/><E113/><V62/><F2/><T132/><D132/><U130/><E133/><V89/><F37/><T70/><D70/><U72/><E108/><V82/><F129/><N who="1" m="49769" /><E75/><V97/><F50/><T44/><D76/><U131/><E131/><V52/><F67/><T57/><D57/><U96/><E77/><V38/><F38/><T0/><D0/><U120/><N who="1" m="30752" /><U32/><E32/><V36/><F36/><T43/><D87/><U124/><E124/><N who="2" m="47723" /><F104/><N who="0" m="40042" /><D39/><U117/><E117/><V53/><F53/><T35/><D35/><U59/><E84/><AGARI ba="4,0" hai="52,56,62,63,66,71,82,84,89,97,99" m="47723" machi="84" ten="30,2000,0" yaku="18,1,54,1" doraHai="100" who="2" fromWho="1" sc="84,0,585,-28,381,28,0,0" /><INIT seed="2,0,0,4,3,130" ten="84,557,409,0" oya="2" hai0="96,123,135,133,124,121,118,65,55,105,53,78,71" hai1="85,104,37,126,83,58,112,103,61,81,95,106,57" hai2="72,39,42,3,109,102,113,33,108,62,89,76,86" hai3="" shuffle="mt19937ar,B1C3CBB5,17C3475F,848A0BBA,064947E4,D3ADD173,D93F1E6E,93A6CD5E,676DF95E"/><V60/><F3/><T44/><N who="0" m="31008" /><T34/><N who="0" m="31520" /><T131/><D34/><U63/><E37/><V115/><F33/><T88/><D118/><U64/><E112/><N who="2" m="43083" /><F39/><T92/><D105/><U79/><E126/><V101/><F42/><T90/><D124/><U73/><E95/><V2/><F2/><T94/><D78/><U51/><E103/><N who="2" m="39435" /><F60/><T80/><D80/><U100/><E51/><V87/><F62/><T36/><D131/><U46/><E100/><V128/><F128/><T97/><D71/><U48/><E81/><V66/><F66/><T67/><D36/><U50/><E85/><N who="2" m="32267" /><F89/><T129/><D129/><U69/><E50/><V1/><F1/><T117/><D117/><U93/><E69/><V49/><F49/><T132/><D44/><U0/><E0/><V35/><F35/><T91/><D91/><U127/><E127/><V54/><F54/><AGARI ba="0,0" hai="53,54,55,65,67,88,90,92,94,96,97,132,133,135" m="31520,31008" machi="54" ten="40,16000,3" yaku="9,1,20,1,52,5,54,1" doraHai="130" who="0" fromWho="2" sc="84,160,557,0,409,-160,0,0" /><INIT seed="4,0,0,3,4,49" ten="244,557,249,0" oya="0" hai0="109,61,104,134,131,91,122,44,73,63,100,92,33" hai1="35,81,112,113,82,40,90,47,119,3,132,130,101" hai2="46,1,42,41,89,118,93,67,88,55,76,115,51" hai3="" shuffle="mt19937ar,99FB7FE8,5E36546A,DA93C633,799E36D5,98C7CAF8,4E2721B1,A02E6976,3D099E14"/><T121/><N who="0" m="31008" /><T106/><N who="0" m="31264" /><T87/><D33/><U120/><N who="1" m="30752" /><U48/><E35/><V78/><F1/><T110/><D73/><U70/><E3/><V74/><F115/><N who="1" m="44105" /><E70/><V79/><F74/><T94/><D134/><U107/><E132/><V58/><F118/><T105/><D44/><U114/><E114/><V99/><F67/><T52/><D131/><U56/><E119/><V84/><REACH who="2" step="1"/><F46/><REACH who="2" step="2"/><T125/><D125/><U72/><E130/><V2/><F2/><T116/><D116/><U50/><E72/><V69/><F69/><T60/><D52/><U126/><E126/><V62/><F62/><T96/><AGARI ba="0,1" hai="60,61,63,87,91,92,94,96,100,104,105,106,109,110" m="31264,31008" machi="96" ten="40,5200,0" yaku="0,1,52,2" doraHai="49" who="0" fromWho="0" sc="244,62,557,-26,239,-26,0,0" /><INIT seed="4,1,0,2,0,43" ten="306,531,213,0" oya="0" hai0="33,50,56,39,63,88,89,51,58,75,121,115,49" hai1="81,109,2,130,117,126,92,70,78,41,86,133,1" hai2="106,77,54,129,46,122,118,100,36,120,44,74,85" hai3="" shuffle="mt19937ar,3AF3D052,7DE21E4A,A028AB49,2EB025F9,8E84CB46,2CDC3E81,55CF8DB6,01173815"/><T107/><N who="0" m="31008" /><T128/><D33/><U80/><E117/><V69/><N who="2" m="30752" /><V73/><N who="2" m="31264" /><V57/><F69/><T97/><D75/><U52/><E70/><V114/><F118/><T127/><D39/><U45/><E109/><V103/><F114/><T55/><D128/><U34/><E130/><V62/><F129/><T84/><D115/><U79/><E133/><V96/><F103/><T91/><D127/><U64/><E64/><V113/><F113/><T108/><D108/><U48/><E34/><V124/><F124/><T104/><D84/><U68/><E68/><V47/><REACH who="2" step="1"/><F36/><REACH who="2" step="2"/><T66/><REACH who="0" step="1"/><D97/><REACH who="0" step="2"/><U76/><E126/><V83/><AGARI ba="1,2" hai="44,46,47,54,57,62,73,74,77,83,85,96,100,106" m="31264,30752" machi="83" ten="30,12000,3" yaku="1,1,2,1,0,1,52,5,53,0" doraHai="43" doraHaiUra="61" who="2" fromWho="2" sc="296,-81,531,-41,203,142,0,0" /><INIT seed="5,0,0,5,5,95" ten="215,490,345,0" oya="1" hai0="106,125,66,73,116,2,33,62,94,84,93,67,113" hai1="38,133,1,53,87,107,77,72,82,123,70,50,54" hai2="118,104,120,3,101,40,105,61,89,47,83,126,110" hai3="" shuffle="mt19937ar,A7FA5C66,29C36A13,1F5A1852,CF3D5B7A,D2486F1A,FA42F792,08AD4031,CE57DC25"/><U130/><N who="1" m="31520" /><U48/><E38/><V74/><F3/><T98/><D2/><U0/><E1/><V79/><F118/><T92/><D33/><U86/><E0/><V34/><F34/><T52/><D116/><U97/><E70/><V127/><F110/><T134/><D73/><U43/><E130/><V76/><N who="2" m="30752" /><V32/><F32/><T60/><D134/><U115/><E43/><V41/><F41/><T58/><D125/><N who="2" m="47626" /><F79/><T36/><D36/><U102/><E115/><V80/><F61/><T128/><D128/><U44/><E133/><V122/><N who="2" m="31264" /><V100/><F89/><T42/><D113/><U124/><REACH who="1" step="1"/><E124/><REACH who="1" step="2"/><V132/><F132/><T65/><D42/><U99/><E99/><V117/><F117/><T63/><D84/><U88/><E88/><V78/><F101/><T121/><N who="0" m="31008" /><T37/><D37/><U135/><E135/><V69/><F100/><T119/><D119/><U91/><E91/><V96/><F96/><T55/><D58/><AGARI ba="0,1" hai="44,48,50,53,54,58,72,77,82,86,87,97,102,107" m="31520" machi="58" ten="30,11600,0" yaku="1,1,7,1,52,2,53,0" doraHai="95" doraHaiUra="64" who="1" fromWho="0" sc="215,-116,480,126,345,0,0,0" /><INIT seed="5,1,0,0,5,126" ten="99,606,345,0" oya="1" hai0="57,1,48,103,93,65,45,2,118,98,96,44,70" hai1="36,105,80,97,101,67,102,72,123,39,113,69,79" hai2="134,71,122,40,42,63,75,53,60,52,78,117,77" hai3="" shuffle="mt19937ar,846EF535,E0561D15,993AB804,C2B219B4,C47B9333,8327EF79,76DBBDA8,F67C0415"/><U3/><N who="1" m="31520" /><U34/><E34/><V83/><N who="2" m="31264" /><V32/><F32/><T115/><D118/><U100/><E3/><V119/><F134/><T55/><D115/><U81/><E113/><V131/><F131/><T129/><D129/><U110/><E110/><V37/><F37/><T89/><D70/><U47/><E81/><V104/><F104/><T82/><D1/><U108/><E108/><V54/><F71/><T87/><D2/><U41/><E36/><V106/><F106/><T125/><D125/><U68/><E68/><V111/><F111/><T132/><D132/><U127/><E127/><V62/><F83/><T51/><D65/><U35/><E35/><V84/><F84/><T88/><D57/><U133/><E133/><V121/><N who="2" m="31008" /><V50/><F50/><T85/><REACH who="0" step="1"/><D103/><REACH who="0" step="2"/><U64/><E64/><V33/><F33/><T116/><D116/><U38/><E67/><V46/><F117/><T112/><D112/><U56/><E69/><V92/><F119/><T124/><D124/><U43/><E56/><V135/><F135/><T95/><D95/><U99/><E105/><V61/><F92/><T109/><D109/><U58/><E58/><V73/><F46/><AGARI ba="1,1" hai="38,39,41,43,46,47,72,79,80,97,99,100,101,102" m="31520" machi="46" ten="40,3900,0" yaku="9,1,52,1" doraHai="126" who="1" fromWho="2" sc="89,0,606,51,345,-41,0,0" /><INIT seed="5,2,0,5,0,70" ten="89,657,304,0" oya="1" hai0="72,67,113,106,78,56,48,108,134,92,52,63,118" hai1="71,96,124,94,66,69,100,112,121,55,80,119,43" hai2="44,68,34,60,42,79,111,101,120,102,36,86,2" hai3="" shuffle="mt19937ar,041F47E6,6743D40C,1997F492,0C02317A,63D26EC8,C12E15B6,36FD1B97,5BCE2401"/><U97/><N who="1" m="31008" /><U133/><E119/><V128/><F2/><T89/><D118/><U62/><E112/><V131/><F34/><T0/><D113/><U49/><E71/><V61/><N who="2" m="30752" /><V32/><F32/><T91/><D0/><U83/><E133/><V117/><F117/><T90/><D134/><U38/><E124/><V41/><F41/><T57/><D106/><U3/><E3/><V107/><F111/><T103/><D108/><U129/><E129/><N who="2" m="49739" /><F107/><T37/><D72/><U58/><E97/><V75/><F75/><T104/><D78/><U47/><AGARI ba="2,0" hai="38,43,47,49,55,58,62,66,69,80,83,94,96,100" m="31008" machi="47" ten="30,8000,1" yaku="0,1,24,2,52,2" doraHai="70" who="1" fromWho="1" sc="89,-42,657,84,304,-42,0,0" /><INIT seed="5,3,0,2,4,36" ten="47,741,262,0" oya="1" hai0="104,45,117,2,65,113,107,59,73,34,72,94,133" hai1="64,75,32,108,134,111,67,118,97,92,115,120,132" hai2="39,105,38,79,51,89,71,33,130,76,101,106,100" hai3="" shuffle="mt19937ar,B3697A62,A42E8DE4,FA9700DD,8D8F9AC8,8C864D34,549A3C4D,56ED4676,0A27F5BE"/><U66/><N who="1" m="30752" /><U0/><E32/><V57/><F33/><T128/><D94/><U54/><E0/><V131/><F71/><T42/><D59/><U41/><E75/><V87/><F57/><T43/><D45/><U82/><E118/><V96/><F51/><T69/><D65/><U110/><E115/><V88/><F38/><T77/><D77/><N who="2" m="29770" /><F39/><T122/><D43/><U81/><E82/><V52/><F52/><T123/><D42/><U78/><E81/><V47/><F47/><T135/><N who="0" m="31264" /><T53/><D53/><U91/><E78/><V95/><F89/><T99/><D99/><AGARI ba="3,0" hai="87,88,95,96,99,100,101,105,106,130,131" m="29770" machi="99" ten="30,3900,0" yaku="34,2,54,1" doraHai="36" who="2" fromWho="0" sc="47,-45,741,0,262,45,0,0" /><INIT seed="6,0,0,0,5,134" ten="2,741,307,0" oya="2" hai0="46,121,107,59,94,81,123,110,122,103,113,130,127" hai1="87,32,96,2,34,119,101,135,51,42,124,106,132" hai2="63,114,95,64,89,118,39,60,78,117,52,90,93" hai3="" shuffle="mt19937ar,BB84775C,F30CFBFA,F442652D,7BF6258F,088A6BD9,8496222A,E0F217A4,77CB8563"/><V3/><F3/><T111/><D46/><U70/><E2/><V44/><F114/><T53/><D53/><U1/><E1/><V40/><F78/><T82/><D59/><U102/><E70/><V61/><F64/><T41/><D41/><U62/><E119/><V38/><F52/><T108/><D107/><U83/><E62/><V69/><F44/><T128/><D103/><U33/><E102/><V71/><F40/><T68/><D94/><U79/><E42/><V37/><F93/><T104/><D104/><U75/><E51/><V48/><F95/><T109/><D68/><U88/><E106/><V77/><F77/><T72/><N who="0" m="27648" /><DORA hai="57" /><T97/><D97/><U125/><E79/><V115/><F115/><T54/><D54/><U65/><E65/><V105/><F105/><T67/><D67/><U91/><E135/><V76/><F76/><T100/><D100/><U126/><E132/><V36/><N who="2" m="9216" /><DORA hai="58" /><V43/><F43/><T112/><D72/><U131/><E75/><V50/><F71/><T35/><D35/><U116/><E32/><V99/><F69/><T129/><D127/><U74/><E33/><V133/><F133/><T56/><D56/><U45/><E34/><V85/><F99/><T80/><AGARI ba="0,0" hai="80,81,82,112,113,121,122,123,128,129,130" m="27648" machi="80" ten="80,24000,5" yakuman="40" doraHai="134,57,58" who="0" fromWho="0" sc="2,240,741,-80,307,-160,0,0" owari="242,-16,661,61,147,-45,0,0" /></mjloggm>