<mjloggm ver="2.3"><GO type="225"/><UN n0="%74%63%61%30%30" n1="%73%69%64%65" n2="%E6%9C%A7%E5%A4%8F%E6%9C%88" n3="%E3%81%93%E3%82%93%E3%81%AB%E3%81%A1%E3%81%AF%E6%97%A5%E6%9B%9C%E6%97%A5" dan="16,17,17,16" rate="2036,2095,2143,2005" sx="M,M,M,M"/><TAIKYOKU oya="0"/><INIT seed="0,0,0,4,5,8" ten="250,250,250,250" oya="0" hai0="59,51,124,30,46,28,53,108,119,125,63,15,5" hai1="47,67,60,98,68,35,14,42,71,105,88,23,26" hai2="74,3,4,118,34,36,62,41,120,80,89,132,19" hai3="110,56,129,116,45,49,100,1,44,133,135,94,37" shuffle="mt19937ar,28E13378,90A91887,CD91570E,9EF9C97B,BC8C1710,5D2CC900,F686F18F,50B6354D"/><T10/><D119/><U7/><E71/><V126/><F120/><W9/><G116/><T33/><D108/><U82/><E105/><V25/><F89/><W58/><G110/><T123/><D123/><U104/><E104/><V0/><F118/><W121/><G121/><T84/><D84/><U78/><E35/><V101/><F101/><W73/><G73/><T24/><REACH who="0" step="1"/><D30/><REACH who="0" step="2"/><U75/><E75/><V11/><F74/><W131/><G131/><T20/><D20/><U72/><E23/><V13/><F34/><W81/><G129/><T22/><D22/><U93/><E26/><V64/><F25/><W31/><G31/><T27/><D27/><U16/><E72/><V61/><F132/><W2/><G135/><T106/><D106/><U6/><E78/><V85/><F85/><W70/><G133/><T54/><AGARI ba="0,1" hai="5,10,15,24,28,33,46,51,53,54,59,63,124,125" machi="54" ten="30,6000,0" yaku="1,1,0,1,52,1,53,0" doraHai="8" doraHaiUra="18" who="0" fromWho="0" sc="240,70,250,-20,250,-20,250,-20" /><INIT seed="0,1,0,5,5,90" ten="310,230,230,230" oya="0" hai0="114,119,7,82,35,103,94,132,98,24,17,63,101" hai1="62,15,16,124,29,55,59,69,131,113,134,77,39" hai2="128,46,56,54,18,65,85,3,102,79,61,53,52" hai3="122,21,37,45,31,106,23,25,75,123,127,118,43" shuffle="mt19937ar,44AD9049,1F823790,F190EDD7,3B9CBB31,416A8E70,83E09E34,9F3C86B1,E7583CC4"/><T12/><D119/><U57/><E39/><V78/><F3/><W34/><G118/><T42/><D114/><U133/><E69/><V30/><F128/><W66/><G75/><T2/><D42/><U84/><E131/><V115/><F115/><W13/><G106/><T93/><D132/><N who="1" m="50795" /><E113/><V81/><F30/><W76/><G76/><T104/><D82/><N who="1" m="47183" /><E29/><V26/><F102/><W28/><G28/><N who="0" m="19847" /><D63/><U95/><E124/><V121/><F121/><N who="3" m="46091" /><G127/><T60/><D60/><U117/><E117/><V49/><REACH who="2" step="1"/><F79/><REACH who="2" step="2"/><W111/><G31/><T20/><D101/><U58/><E95/><V27/><F27/><W14/><G25/><T72/><D72/><U44/><E44/><V96/><F96/><W80/><G45/><T64/><D64/><U33/><E33/><V135/><F135/><W70/><G34/><T50/><D50/><U107/><E107/><V125/><F125/><W0/><G66/><T88/><D88/><U10/><AGARI ba="1,1" hai="10,15,16,55,57,58,59,62" m="47183,50795" machi="10" ten="30,2000,0" yaku="20,1,54,1" doraHai="90" who="1" fromWho="1" sc="310,-11,230,33,220,-6,230,-6" /><INIT seed="1,0,0,4,0,94" ten="299,263,214,224" oya="1" hai0="45,83,125,122,29,102,6,30,74,80,127,116,13" hai1="49,42,89,54,88,33,64,72,37,107,119,17,48" hai2="27,18,120,31,87,4,16,93,32,126,135,105,69" hai3="5,73,112,43,76,65,47,129,57,95,51,8,104" shuffle="mt19937ar,4F617A2C,DE1511EA,B3C98272,423CA6A2,E36C8726,BB7964F6,CEAA94EA,15520EF7"/><U63/><E72/><V1/><F105/><W97/><G104/><T3/><D116/><U12/><E119/><V10/><F69/><W0/><G129/><T59/><D3/><U60/><E33/><V9/><F120/><W113/><G73/><T128/><D128/><U131/><E107/><V134/><F87/><W21/><G21/><T86/><D74/><U36/><E131/><V28/><F93/><W100/><REACH who="3" step="1"/><G76/><REACH who="3" step="2"/><T70/><D122/><U77/><E77/><V56/><F126/><W55/><G55/><T108/><D125/><U53/><E42/><V14/><F56/><W117/><G117/><T133/><D59/><U23/><E23/><N who="2" m="15487" /><F18/><W82/><G82/><T75/><D83/><U39/><E17/><V92/><F92/><W118/><G118/><T78/><D80/><U85/><E54/><V130/><F130/><W22/><G22/><T41/><D78/><U34/><E53/><V7/><F7/><W24/><G24/><AGARI ba="0,1" hai="1,4,9,10,14,16,24,31,32,134,135" m="15487" machi="24" ten="30,3900,0" yaku="34,2,54,1" doraHai="94" who="2" fromWho="3" sc="299,0,263,0,214,49,214,-39" /><INIT seed="2,0,0,0,2,13" ten="299,263,263,175" oya="2" hai0="31,77,8,80,119,85,123,79,35,84,18,24,2" hai1="108,71,113,100,102,30,6,126,105,5,88,3,65" hai2="125,22,47,67,75,16,70,49,90,39,69,34,60" hai3="97,45,37,130,74,111,51,54,132,112,19,128,36" shuffle="mt19937ar,92AFBDA1,4E705D23,1A80D993,C2C3B433,EECFF576,9C7AA2C3,EB8DBCC1,2BEF54F4"/><V120/><F120/><W118/><G74/><T55/><D123/><U40/><E113/><V99/><F34/><W89/><G118/><T115/><D115/><U109/><E30/><V21/><F75/><W82/><G112/><T96/><D119/><U14/><E3/><V63/><F39/><W53/><G111/><N who="1" m="42570" /><E40/><V134/><F134/><W11/><G132/><T46/><D96/><N who="1" m="61575" /><E102/><V32/><F32/><W127/><G127/><T64/><D2/><U106/><E106/><V98/><F22/><W107/><G107/><T76/><D64/><U48/><E48/><V95/><F125/><W58/><G97/><T23/><D8/><U103/><E103/><V124/><F124/><W25/><G11/><T92/><D92/><U56/><E71/><V87/><F63/><N who="3" m="36303" /><G82/><T62/><D84/><U73/><E73/><V0/><F69/><W4/><G89/><T117/><D117/><U42/><E42/><V135/><F0/><W26/><G37/><T129/><D62/><N who="1" m="38087" /><E126/><V114/><F135/><W9/><G36/><T44/><D31/><U101/><E101/><V1/><F1/><N who="3" m="143" /><G130/><T122/><D129/><U61/><E61/><V50/><F114/><W72/><G72/><T28/><D122/><U33/><E33/><V93/><F47/><W43/><G43/><T15/><D44/><U41/><E41/><V27/><F87/><W66/><G128/><T131/><D131/><U57/><E57/><V68/><F68/><W78/><G66/><T7/><D7/><N who="1" m="2571" /><E14/><V10/><F10/><W116/><G116/><T104/><D104/><U133/><E133/><V59/><F70/><RYUUKYOKU ba="0,0" sc="299,10,263,10,263,10,175,-30" hai0="15,18,23,24,28,35,46,55,76,77,79,80,85" hai1="88" hai2="16,21,27,49,50,59,60,67,90,93,95,98,99" /><INIT seed="2,1,0,3,3,17" ten="309,273,273,145" oya="2" hai0="56,60,89,26,122,123,85,51,132,108,24,116,38" hai1="66,27,16,59,103,113,21,77,111,13,109,57,128" hai2="15,133,4,118,10,64,98,9,124,19,105,83,91" hai3="107,65,39,34,45,95,22,53,6,5,40,86,106" shuffle="mt19937ar,E2E04018,60764408,91039836,5C6B21EE,F7BE0E8E,2CC95D23,7B11DA01,ACE612DD"/><V114/><F114/><W99/><G34/><T68/><D38/><U58/><E113/><V126/><F118/><W11/><G65/><T76/><D76/><U1/><E1/><V47/><F133/><W63/><G86/><T115/><D115/><U31/><E128/><V33/><F33/><W29/><G106/><T97/><D97/><U54/><E66/><V0/><F64/><W130/><G107/><T112/><D112/><U120/><E120/><V8/><F47/><W93/><G130/><T127/><D132/><U87/><E103/><V52/><F9/><W61/><G95/><T18/><D51/><U72/><E72/><V125/><F52/><W84/><G84/><T135/><D135/><U62/><E111/><V134/><F134/><W104/><G104/><T94/><D108/><U46/><E46/><V131/><F131/><W71/><G71/><T79/><D79/><U110/><E110/><V32/><F32/><W96/><G96/><T41/><D41/><U12/><E109/><V55/><F55/><W121/><G121/><T2/><D68/><U80/><REACH who="1" step="1"/><E13/><REACH who="1" step="2"/><V44/><F44/><W30/><G61/><T102/><D2/><U42/><E42/><V117/><F117/><W36/><G63/><T43/><D60/><U35/><AGARI ba="1,1" hai="12,16,21,27,31,35,54,57,58,59,62,77,80,87" machi="35" ten="20,8000,1" yaku="1,1,0,1,7,1,52,1,54,1,53,0" doraHai="17" doraHaiUra="7" who="1" fromWho="1" sc="309,-21,263,93,273,-41,145,-21" /><INIT seed="3,0,0,0,3,107" ten="288,356,232,124" oya="3" hai0="48,114,101,12,105,53,131,80,19,96,51,73,40" hai1="47,69,83,32,58,99,122,3,124,17,21,10,79" hai2="113,85,63,45,28,29,2,22,49,44,127,109,132" hai3="74,16,23,126,20,34,37,128,119,15,71,100,14" shuffle="mt19937ar,9A2D9EA8,84F66277,11E2A982,116C41FE,C19ED331,DE544DB6,A29727E8,92345B8A"/><W88/><G119/><T43/><D131/><U31/><E69/><V24/><F2/><W106/><G71/><T66/><D66/><U68/><E68/><V13/><F113/><W115/><G34/><T61/><D61/><U36/><E58/><V27/><F132/><W39/><G115/><T129/><D51/><U11/><E99/><V95/><F127/><W0/><G0/><T86/><D129/><U35/><E11/><V81/><F109/><W111/><G128/><T9/><D114/><U1/><E1/><V18/><F95/><W110/><G74/><T38/><D38/><U77/><E77/><V56/><F24/><W46/><G126/><T120/><D120/><U6/><E31/><V97/><F97/><N who="3" m="61711" /><G46/><T89/><REACH who="0" step="1"/><D73/><REACH who="0" step="2"/><N who="1" m="43503" /><E122/><V116/><F116/><W125/><G125/><T26/><D26/><N who="1" m="14639" /><E124/><V94/><F94/><W62/><G62/><T25/><D25/><U121/><E121/><V118/><F118/><W7/><G39/><T41/><D41/><AGARI ba="0,1" hai="3,6,10,32,35,36,41,47" m="14639,43503" machi="41" ten="30,2000,0" yaku="25,1,52,1" doraHai="107" who="1" fromWho="0" sc="278,-20,356,30,232,0,124,0" owari="258,1,386,39,232,-12,124,-28" /></mjloggm>