<mjloggm ver="2.3"><GO type="225"/><UN n0="%E3%82%88%E3%81%A3%E3%81%A1" n1="%E7%AB%9C%E9%A9%A4%E9%BA%9F%E6%8C%AF" n2="%E3%81%BF%E3%81%A3%E3%81%A4%E3%81%83%EF%BD%9E" n3="%61%6E%62%79%33" dan="16,17,17,16" rate="2068,2025,2146,2093" sx="M,M,F,M"/><TAIKYOKU oya="0"/><INIT seed="0,0,0,4,0,73" ten="250,250,250,250" oya="0" hai0="135,50,106,124,82,16,23,68,105,3,19,64,131" hai1="95,35,71,111,53,115,122,22,132,88,44,103,117" hai2="4,114,25,97,86,100,18,123,102,77,12,36,2" hai3="1,98,113,49,107,8,55,7,129,125,110,67,43" shuffle="mt19937ar,2A4DF017,8F034FEC,4E284C0B,CDB70A95,D560D15E,6667C309,618D9227,4FFDC9CC"/><T62/><D3/><U66/><E35/><V24/><F36/><W112/><G43/><T45/><D135/><U89/><E117/><V27/><F123/><W72/><G67/><T15/><D131/><U11/><E122/><V46/><F114/><W39/><G39/><T91/><D124/><U120/><E120/><V65/><F65/><W134/><G107/><T47/><D47/><U96/><E115/><V87/><F46/><W61/><G61/><T109/><D109/><U33/><E33/><V119/><F119/><W94/><G110/><T75/><D75/><U84/><E132/><V128/><F2/><W52/><G55/><T6/><D6/><U41/><E53/><V9/><F87/><W116/><G116/><T126/><D126/><U48/><E111/><V133/><F133/><W14/><G1/><T78/><D91/><U40/><E11/><V31/><F4/><W51/><G51/><T54/><REACH who="0" step="1"/><D19/><REACH who="0" step="2"/><U5/><E5/><V99/><F128/><W29/><G129/><T37/><D37/><U83/><E41/><V57/><F31/><W108/><G108/><T20/><D20/><U60/><REACH who="1" step="1"/><E22/><REACH who="1" step="2"/><V30/><F30/><W17/><G29/><T34/><D34/><U0/><E0/><V76/><F9/><W70/><G134/><T130/><D130/><U32/><E32/><V42/><F42/><W28/><G28/><T92/><D92/><U38/><E38/><V104/><F18/><W10/><G17/><T13/><D13/><U63/><E63/><V79/><F12/><W56/><G10/><T93/><D93/><U58/><E58/><RYUUKYOKU ba="0,2" sc="240,15,240,15,250,-15,250,-15" hai0="15,16,23,45,50,54,62,64,68,78,82,105,106" hai1="40,44,48,60,66,71,83,84,88,89,95,96,103" /><INIT seed="0,1,2,3,5,112" ten="255,255,235,235" oya="0" hai0="6,97,124,32,35,131,44,21,9,0,70,10,30" hai1="61,28,107,68,33,65,62,103,108,88,2,41,106" hai2="128,129,119,40,16,130,69,48,72,27,64,87,38" hai3="91,75,101,74,86,79,57,49,83,125,114,1,109" shuffle="mt19937ar,5827CA66,8E969772,FF1D4F54,8341A89C,B62422F0,473CF6F0,A5BB40EF,1336F8E1"/><T67/><D44/><U23/><E2/><V31/><F72/><N who="3" m="43495" /><G49/><T118/><D118/><U15/><E108/><V77/><F38/><W47/><G57/><T13/><D67/><U45/><E62/><N who="2" m="40087" /><F77/><W34/><G47/><T4/><D70/><U14/><E88/><V122/><F87/><W42/><G42/><T39/><D97/><N who="1" m="61807" /><E23/><N who="2" m="13799" /><F122/><W126/><G34/><N who="0" m="12843" /><D131/><U73/><E107/><V7/><F7/><W20/><G20/><T134/><D124/><N who="3" m="47721" /><G1/><N who="0" m="143" /><D134/><U84/><E84/><V120/><F120/><W96/><G109/><T110/><D39/><N who="1" m="21695" /><E73/><V85/><F85/><W100/><G114/><T113/><D113/><U18/><E18/><V19/><F19/><W71/><G71/><T132/><D132/><U50/><E50/><V60/><F31/><W76/><G76/><T66/><D66/><U11/><E11/><V46/><F60/><W54/><G54/><T52/><D52/><U95/><E28/><V123/><F123/><W90/><G90/><T104/><D104/><U121/><E121/><V53/><F53/><W58/><G58/><T117/><D117/><AGARI ba="1,2" hai="40,46,48,117,119,128,129,130" m="13799,40087" machi="117" ten="40,8000,1" yaku="19,1,52,2,54,1" doraHai="112" who="2" fromWho="0" sc="255,-83,255,0,235,103,235,0" /><INIT seed="1,0,0,0,0,98" ten="172,255,338,235" oya="1" hai0="28,9,30,57,58,15,17,122,95,129,81,131,51" hai1="8,36,94,0,97,62,100,132,13,14,63,34,88" hai2="1,20,41,50,114,5,38,12,32,22,67,66,42" hai3="99,84,85,40,109,112,70,48,130,107,86,127,44" shuffle="mt19937ar,E2C41726,B55B1A94,DC4D182A,EC9921BF,DF279E53,2FDCEBB0,2736D1E5,F5C607A8"/><U90/><E36/><V76/><F32/><W69/><G112/><T82/><D122/><U29/><E0/><V11/><F38/><W45/><G130/><N who="0" m="49675" /><D95/><U31/><E132/><V119/><F119/><W87/><G127/><T26/><D51/><U91/><E14/><V92/><F114/><W113/><G113/><T68/><D68/><U93/><E93/><V128/><F128/><W43/><G109/><T35/><D30/><N who="1" m="11275" /><E34/><V124/><F124/><W118/><G118/><T102/><D102/><U27/><E27/><V110/><F110/><W47/><N who="3" m="21504" /><DORA hai="46" /><W103/><REACH who="3" step="1"/><G44/><REACH who="3" step="2"/><T108/><D108/><U116/><E116/><V7/><F76/><W25/><G25/><T96/><D96/><U125/><E125/><V120/><F120/><W105/><G105/><T10/><D10/><U71/><E71/><V61/><F11/><W74/><G74/><T24/><D24/><U60/><E91/><V104/><F104/><W39/><AGARI ba="0,1" hai="39,40,43,45,47,48,69,70,99,103,107" m="21504" machi="39" ten="40,8000,1" yaku="1,1,0,1,52,2,53,0" doraHai="98,46" doraHaiUra="78,56" who="3" fromWho="3" sc="172,-20,255,-40,338,-20,225,90" /><INIT seed="2,0,0,5,3,25" ten="152,215,318,315" oya="2" hai0="31,21,62,32,12,15,47,49,48,117,51,118,122" hai1="54,72,101,5,2,111,27,112,92,0,75,113,34" hai2="103,39,28,69,108,40,91,80,3,52,17,77,99" hai3="36,102,81,56,45,60,131,55,24,98,130,4,53" shuffle="mt19937ar,4825DED6,F345A4EF,7C1A78CC,1EEA13FE,0323549B,3C420779,54160BE0,6CBC6133"/><V23/><F69/><W19/><G4/><T29/><D62/><U105/><E92/><N who="2" m="58855" /><F39/><W74/><G81/><T20/><D122/><U64/><E54/><V127/><F3/><W58/><G74/><T124/><D32/><U7/><E64/><V66/><F40/><W9/><G9/><T132/><D47/><U33/><E101/><V18/><F66/><W44/><G19/><T135/><REACH who="0" step="1"/><D51/><REACH who="0" step="2"/><U87/><E33/><V37/><F37/><W35/><G36/><T46/><D46/><U82/><E34/><V26/><F127/><AGARI ba="0,1" hai="12,15,20,21,29,31,48,49,117,118,124,127,132,135" machi="127" ten="25,8000,1" yaku="1,1,22,2,52,2,53,0" doraHai="25" doraHaiUra="107" who="0" fromWho="2" sc="142,90,215,0,318,-80,315,0" /><INIT seed="3,0,0,3,5,117" ten="232,215,238,315" oya="3" hai0="42,4,68,110,11,71,18,37,103,97,13,46,135" hai1="126,17,19,48,44,65,50,102,31,23,40,12,69" hai2="21,86,66,60,91,99,73,129,113,59,121,74,55" hai3="32,36,122,92,64,83,128,22,15,16,63,87,34" shuffle="mt19937ar,2E6EFF72,8AA4242B,33DD3AE8,380815B7,F2836B99,6F1416A0,4FC5731F,A50109C5"/><W20/><G36/><T119/><D119/><U70/><E126/><V82/><F113/><W29/><G128/><T120/><D135/><U3/><E3/><V33/><F129/><W61/><G92/><T56/><D110/><U49/><E31/><V6/><F33/><W80/><G80/><T5/><D120/><U104/><E104/><V101/><F6/><W109/><G122/><T88/><D5/><U84/><E102/><V93/><F121/><W79/><G63/><T43/><D43/><U111/><E111/><V9/><F9/><W85/><G85/><T106/><D56/><U134/><E134/><V24/><REACH who="2" step="1"/><F55/><REACH who="2" step="2"/><W77/><G109/><T118/><D118/><U67/><E69/><V47/><F47/><W114/><G114/><T105/><D4/><U1/><E1/><V115/><F115/><W35/><G35/><T62/><D11/><N who="1" m="6303" /><E70/><V41/><F41/><W8/><G34/><T14/><D71/><U39/><E39/><V108/><F108/><W107/><G32/><T38/><D38/><U58/><E58/><V27/><F27/><W90/><G8/><T127/><D68/><U0/><E0/><V81/><F81/><W75/><G83/><T57/><D57/><U130/><E130/><V25/><F25/><W100/><G64/><N who="1" m="24650" /><E84/><V112/><F112/><W52/><G87/><T76/><D46/><U28/><E28/><AGARI ba="0,1" hai="21,24,28,59,60,66,73,74,82,86,91,93,99,101" machi="28" ten="30,8000,1" yaku="1,1,7,1,25,2,53,1" doraHai="117" doraHaiUra="53" who="2" fromWho="1" sc="232,0,215,-80,228,90,315,0" owari="232,-12,135,-26,318,31,315,7" /></mjloggm>