<mjloggm ver="2.3"><GO type="185"/><UN n0="%E7%A5%9E%E9%80%9F%E2%98%85%2E%63%6F%6D" n1="%E4%B8%89%E7%94%B0%E6%9D%91%E8%8C%9C" n2="%E3%81%AA%E3%83%BC%E3%81%8B%E3%82%80" n3="" dan="17,17,16,0" rate="2190,2220,2105,1500" sx="M,F,M,C"/><TAIKYOKU oya="0"/><INIT seed="0,0,0,0,5,81" ten="350,350,350,0" oya="0" hai0="85,99,45,57,2,120,115,66,134,101,135,33,76" hai1="48,104,86,127,77,116,52,129,38,1,113,0,123" hai2="89,42,49,105,68,103,87,43,130,37,107,121,39" hai3="" shuffle="mt19937ar,C267C350,7CBB2F88,D0121920,D0791AA5,DB2165EE,2F623C11,D1754D28,BB029737"/><T110/><N who="0" m="30752" /><T35/><D2/><U70/><N who="1" m="31520" /><U65/><E116/><V114/><N who="2" m="31008" /><V61/><F114/><T73/><D73/><U90/><E113/><V55/><F130/><T32/><D115/><U44/><E129/><V78/><F78/><T97/><D45/><U80/><E104/><V56/><F105/><T63/><D110/><U67/><E127/><V36/><F103/><T58/><D58/><U69/><E38/><V83/><REACH who="2" step="1"/><F107/><REACH who="2" step="2"/><T128/><D128/><U93/><E0/><V34/><F34/><T53/><D101/><U40/><E1/><V51/><F51/><T111/><D111/><U74/><E69/><V96/><F96/><T41/><D97/><U94/><E70/><V133/><F133/><T125/><D99/><U54/><REACH who="1" step="1"/><E93/><REACH who="1" step="2"/><V75/><F75/><T108/><D33/><U84/><E84/><V109/><F109/><T95/><D108/><U59/><E59/><V47/><F47/><T50/><D32/><U60/><E60/><V131/><F131/><T46/><D35/><U82/><E82/><V71/><F71/><T72/><D57/><U64/><AGARI ba="0,2" hai="40,44,48,52,54,64,65,67,74,77,80,86,90,94" m="31520" machi="64" ten="30,9000,2" yaku="1,1,0,1,52,2,54,1,53,1" doraHai="81" doraHaiUra="91" who="1" fromWho="1" sc="350,-60,340,110,340,-30,0,0" /><INIT seed="1,0,0,1,1,111" ten="290,450,310,0" oya="1" hai0="71,91,123,78,52,60,102,69,75,66,112,90,130" hai1="93,107,128,86,42,35,105,80,133,67,51,101,124" hai2="135,47,79,89,0,33,95,88,114,108,84,121,40" hai3="" shuffle="mt19937ar,0E77690B,138345D7,9D9F771F,160CB0E7,97282EA0,1AC3A612,4C686E59,9C948345"/><U53/><E35/><V49/><N who="2" m="31008" /><V117/><F0/><T126/><N who="0" m="31520" /><T34/><D34/><U61/><E133/><V104/><F104/><T63/><D130/><U122/><N who="1" m="31264" /><U77/><E128/><V85/><F117/><T115/><D126/><U113/><E124/><V120/><N who="2" m="30752" /><V132/><F79/><T127/><D127/><U81/><E42/><V73/><F73/><T64/><D102/><U125/><E125/><V99/><F33/><T65/><D65/><U103/><E107/><V109/><F114/><T55/><D78/><U98/><E113/><V46/><F46/><T54/><D75/><U32/><E32/><V92/><F99/><T59/><D55/><U1/><E81/><V39/><F39/><T58/><AGARI ba="0,0" hai="52,54,58,59,60,63,64,66,69,71,90,91,112,115" m="31520" machi="58" ten="25,9000,2" yaku="0,1,22,2,52,3,54,1" doraHai="111" who="0" fromWho="0" sc="290,90,450,-60,310,-30,0,0" /><INIT seed="2,0,0,4,3,52" ten="380,390,280,0" oya="2" hai0="133,36,38,88,51,45,106,114,93,39,33,127,3" hai1="113,71,59,102,50,80,70,86,103,110,77,58,117" hai2="34,69,81,97,119,91,94,108,128,62,96,116,104" hai3="" shuffle="mt19937ar,EB013DFB,E2654AB7,2D89E18C,B88F3EEB,D5FFD02D,61301CC1,2373015D,349A5289"/><V74/><F34/><T115/><D33/><U61/><E117/><N who="2" m="45131" /><F69/><T120/><N who="0" m="30752" /><T124/><D106/><U72/><E113/><N who="0" m="43017" /><D3/><U90/><E70/><V57/><F62/><T95/><D133/><U85/><E71/><V111/><F57/><T66/><D66/><U48/><E72/><V41/><F41/><T83/><D83/><U73/><E73/><V63/><F63/><T68/><D68/><U123/><N who="1" m="31520" /><U122/><N who="1" m="31264" /><U130/><E130/><V47/><F47/><T92/><D88/><U131/><E131/><V101/><F128/><T55/><AGARI ba="0,0" hai="36,38,39,45,51,55,92,93,95,124,127" m="43017,30752" machi="55" ten="40,2000,0" yaku="11,1,52,1" doraHai="52" who="0" fromWho="0" sc="380,20,390,-7,280,-13,0,0" /><INIT seed="4,0,0,5,5,52" ten="400,383,267,0" oya="0" hai0="43,90,44,71,49,41,135,33,1,112,118,86,38" hai1="123,0,58,2,77,69,129,114,57,84,121,73,39" hai2="63,3,74,66,81,107,61,100,124,64,40,59,94" hai3="" shuffle="mt19937ar,E914DC9C,76E221A3,86C14BB8,167587BF,DF1EB218,5904FC0B,0ED2A5B1,362C2ECE"/><T98/><D1/><U75/><N who="1" m="31008" /><U88/><N who="1" m="31520" /><U96/><E69/><V37/><F107/><T106/><D33/><U60/><E39/><V133/><F133/><T32/><D32/><U65/><E129/><V50/><F124/><T132/><D118/><U47/><E114/><V78/><F37/><T56/><D112/><U79/><E96/><V34/><F34/><T111/><D111/><U68/><E47/><V117/><F117/><T46/><D71/><U109/><E109/><V128/><F128/><T122/><N who="0" m="31264" /><T131/><D131/><U76/><E0/><V134/><F134/><T110/><D110/><U115/><E115/><V97/><F3/><T53/><D106/><U42/><E42/><V104/><F40/><T103/><D98/><U126/><E126/><V62/><F104/><T95/><REACH who="0" step="1"/><D103/><REACH who="0" step="2"/><U130/><E130/><V72/><F100/><T99/><D99/><U80/><REACH who="1" step="1"/><E2/><REACH who="1" step="2"/><V67/><F97/><T101/><D101/><U35/><E35/><V89/><F74/><AGARI ba="0,2" hai="57,58,60,65,68,73,74,75,76,77,79,80,84,88" m="31520,31008" machi="74" ten="40,12000,2" yaku="1,1,52,4,54,1,53,1" doraHai="52" doraHaiUra="82" who="1" fromWho="2" sc="390,0,373,140,267,-120,0,0" /><INIT seed="5,0,0,4,2,108" ten="390,513,147,0" oya="1" hai0="131,130,55,88,112,103,65,3,107,54,33,121,63" hai1="93,111,82,51,110,85,44,78,46,94,36,81,102" hai2="126,79,52,45,125,134,68,120,49,75,87,80,123" hai3="" shuffle="mt19937ar,1F78E75B,1D84A915,4AC92BB8,F1282AAA,151795D3,F3F06F82,2CD19FD1,98B5545F"/><U133/><E133/><V84/><N who="2" m="30752" /><V128/><N who="2" m="31520" /><V2/><F2/><T122/><N who="0" m="31008" /><T62/><N who="0" m="31264" /><T100/><D3/><U114/><E102/><V86/><F134/><T89/><D33/><U83/><E78/><V61/><REACH who="2" step="1"/><F128/><REACH who="2" step="2"/><T35/><D35/><U77/><E110/><V97/><F97/><T127/><D127/><U32/><E32/><V74/><F74/><T60/><D65/><AGARI ba="0,1" hai="45,49,52,61,65,68,75,79,80,84,86,87,125,126" m="31520,30752" machi="65" ten="40,8000,1" yaku="1,1,52,2,54,1,53,0" doraHai="108" doraHaiUra="39" who="2" fromWho="0" sc="390,-80,513,0,137,90,0,0" /><INIT seed="6,0,0,1,2,130" ten="310,513,227,0" oya="2" hai0="97,93,102,99,34,41,79,104,61,48,3,47,103" hai1="105,38,69,0,135,96,85,49,71,116,84,68,123" hai2="110,106,45,122,82,76,113,132,57,80,62,50,133" hai3="" shuffle="mt19937ar,7FB65960,B6EE0B1C,65C01F31,18CF9DD4,BC02B94B,75E6F0D6,BB5CFA63,EBF08C8E"/><V83/><N who="2" m="31264" /><V35/><F35/><T115/><D34/><U121/><E116/><V126/><F106/><T81/><D3/><U111/><E38/><V37/><F37/><T129/><D129/><U55/><E0/><V42/><F126/><T128/><D128/><U112/><E105/><V63/><F113/><T44/><D115/><U59/><E96/><V94/><F110/><T43/><D61/><U90/><N who="1" m="31008" /><U117/><N who="1" m="31520" /><U60/><E117/><V134/><F94/><T72/><D47/><U91/><E111/><V40/><F40/><AGARI ba="0,0" hai="40,41,43,44,48,72,79,81,93,97,99,102,103,104" machi="40" ten="30,1000,0" yaku="7,1" doraHai="130" who="0" fromWho="2" sc="310,10,513,0,227,-10,0,0" owari="320,-8,513,46,217,-38,0,0" /></mjloggm>