<mjloggm ver="2.3"><GO type="225"/><UN n0="%6E%6F%72%69%73%69%6F" n1="%E5%9B%BD%E7%AB%8B%E5%90%9B" n2="%E9%9B%AA%E5%9B%BD%E8%82%B2%E3%81%A1" n3="%73%69%67%65%6E%6F%72%69" dan="16,17,17,17" rate="2013,2067,2071,2133" sx="M,M,M,M"/><TAIKYOKU oya="0"/><INIT seed="0,0,0,0,4,106" ten="250,250,250,250" oya="0" hai0="93,53,15,124,89,128,11,108,133,107,83,17,94" hai1="44,18,8,19,91,95,21,92,57,54,45,82,126" hai2="49,64,121,102,48,77,69,98,7,129,125,24,115" hai3="114,39,10,88,59,65,31,87,130,43,5,122,131" shuffle="mt19937ar,46869B31,D64F65F5,0265B77F,8F4B7F85,116E29FC,21703B38,24C33BD6,DA59C710"/><T84/><D107/><U68/><E126/><V78/><F115/><W0/><G114/><T112/><D112/><U67/><E68/><V14/><F121/><W123/><G31/><T80/><D124/><U119/><E119/><V90/><F125/><W23/><G23/><T76/><D133/><U99/><E67/><V55/><F129/><N who="3" m="49163" /><G39/><T56/><D128/><U34/><E34/><V12/><F90/><W46/><G43/><T36/><D36/><U20/><E8/><V70/><F24/><W60/><G46/><T85/><REACH who="0" step="1"/><D108/><REACH who="0" step="2"/><U73/><E95/><AGARI ba="0,1" hai="0,5,10,59,60,65,87,88,95,122,123" m="49163" machi="95" ten="30,2000,0" yaku="19,1,54,1" doraHai="106" who="3" fromWho="1" sc="240,0,250,-20,250,0,250,30" /><INIT seed="1,0,0,5,3,88" ten="240,230,250,280" oya="1" hai0="75,77,119,92,18,36,81,9,60,39,72,27,85" hai1="12,122,6,82,78,17,64,131,35,74,16,55,24" hai2="125,52,124,108,4,79,54,93,102,57,132,3,120" hai3="19,29,21,76,127,23,46,96,118,33,25,2,101" shuffle="mt19937ar,E6524C85,085B6BD5,47C13AC6,06670497,A9B17E9B,1E00E55A,F1548757,CF7B2887"/><U105/><E122/><V67/><F120/><W50/><G127/><N who="2" m="48713" /><F108/><W30/><G2/><T49/><D119/><U111/><E105/><V106/><F132/><W90/><G118/><T63/><D72/><U51/><E111/><V130/><F130/><W37/><G37/><T89/><D49/><U116/><E116/><V65/><F79/><W56/><G76/><T13/><REACH who="0" step="1"/><D27/><REACH who="0" step="2"/><U61/><E24/><V84/><F106/><W104/><G50/><T66/><D66/><U32/><E64/><V41/><F65/><W28/><G25/><T91/><D91/><U7/><E51/><V113/><F67/><W8/><G90/><T31/><D31/><U58/><E131/><V97/><F113/><W73/><G30/><T95/><D95/><U121/><E121/><V20/><F93/><W83/><G29/><T10/><D10/><U107/><E107/><V80/><F80/><W71/><G83/><T15/><D15/><U109/><E109/><V14/><F14/><W40/><G104/><T99/><D99/><U69/><E69/><V11/><F97/><W134/><G96/><T94/><D94/><U45/><E12/><V42/><F102/><W100/><G100/><T98/><D98/><U123/><E123/><V22/><F84/><W126/><G101/><T128/><D128/><U34/><REACH who="1" step="1"/><E45/><REACH who="1" step="2"/><V26/><F26/><W86/><G46/><T59/><D59/><U43/><E43/><N who="2" m="16395" /><F57/><W47/><G56/><T112/><D112/><U110/><E110/><V129/><F129/><W103/><G126/><T115/><D115/><U62/><E62/><AGARI ba="0,2" hai="9,13,18,36,39,60,62,63,75,77,81,85,89,92" machi="62" ten="40,2600,0" yaku="1,1,52,1,53,0" doraHai="88" doraHaiUra="44" who="0" fromWho="1" sc="230,46,220,-26,250,0,280,0" /><INIT seed="2,0,0,1,2,26" ten="276,194,250,280" oya="2" hai0="71,7,123,62,57,29,14,63,0,60,13,15,83" hai1="128,99,79,105,8,109,92,95,91,6,84,78,52" hai2="59,43,55,101,87,103,36,82,32,98,113,96,77" hai3="67,106,121,119,133,93,72,47,134,44,68,80,107" shuffle="mt19937ar,1385EF50,7F43F286,BBBEE1BD,01B350B3,C10DAB07,0638FF64,0F8FA5B6,E061AC3D"/><V81/><F113/><W18/><G119/><T66/><D123/><U40/><E109/><V17/><F32/><W19/><G121/><T111/><D111/><U42/><E128/><V34/><F34/><W9/><G93/><T97/><D83/><U10/><E105/><V127/><F127/><W126/><G126/><T11/><D62/><U39/><E39/><V33/><F33/><W135/><G68/><T22/><D97/><U30/><E79/><V12/><F36/><W23/><G67/><T58/><REACH who="0" step="1"/><D63/><REACH who="0" step="2"/><U118/><E118/><V61/><F98/><W51/><G80/><T54/><D54/><U37/><E78/><V129/><F96/><W46/><G134/><T100/><D100/><U20/><E52/><V104/><F104/><W4/><G107/><T53/><D53/><U122/><E122/><V31/><F43/><W38/><G106/><T124/><D124/><U41/><E37/><V65/><F55/><W89/><G38/><T132/><D132/><U1/><E99/><V116/><F82/><W86/><G135/><T3/><D3/><U110/><E110/><V24/><F116/><W70/><G133/><T74/><D74/><U131/><E95/><V117/><F117/><W73/><G73/><T16/><D16/><U75/><E75/><V88/><F77/><W120/><G19/><T85/><D85/><U102/><E102/><V112/><F112/><W35/><G72/><T94/><D94/><U49/><E49/><V25/><F103/><W45/><G120/><T108/><D108/><U48/><E48/><V64/><F101/><W115/><G115/><RYUUKYOKU ba="0,1" sc="266,30,194,-10,250,-10,280,-10" hai0="0,7,11,13,14,15,22,29,57,58,60,66,71" /><INIT seed="3,1,1,2,4,43" ten="296,184,240,270" oya="3" hai0="96,63,101,128,105,83,114,115,104,80,14,21,32" hai1="33,3,84,110,73,100,60,82,98,0,72,78,39" hai2="66,122,135,6,95,10,133,30,53,88,8,118,62" hai3="17,76,64,94,22,51,79,41,38,52,36,24,42" shuffle="mt19937ar,051A0A3B,25917D3B,4BAB42C2,5C6398E9,89B17A21,B9A6BF7F,903C6864,B5DA636A"/><W58/><G64/><T25/><D128/><U112/><E112/><N who="0" m="43049" /><D32/><U40/><E33/><V5/><F118/><W74/><G74/><T119/><D119/><U109/><E60/><V16/><F30/><W129/><G129/><T19/><D63/><U70/><E70/><V13/><F122/><W50/><G38/><T116/><D116/><U77/><E40/><N who="3" m="15466" /><G36/><T97/><D25/><U120/><E39/><V107/><F53/><N who="3" m="32055" /><G94/><T111/><D111/><N who="1" m="42507" /><E120/><V37/><F37/><W85/><G85/><T134/><D134/><N who="2" m="51210" /><F107/><W1/><G1/><N who="1" m="586" /><E78/><V71/><F8/><W130/><G130/><T7/><D7/><U23/><E23/><V47/><F47/><AGARI ba="1,1" hai="17,22,24,47,51,52,76,79" m="32055,15466" machi="47" ten="30,5800,0" yaku="8,1,52,1,54,1" doraHai="43" who="3" fromWho="2" sc="296,0,184,0,240,-61,270,71" owari="296,5,184,-17,179,-22,341,34" /></mjloggm>