<mjloggm ver="2.3"><GO type="185"/><UN n0="%E3%80%93%E3%81%84%E3%81%A1%E3%81%AF%E3%82%89%E3%80%93" n1="%E8%9C%9C%E6%9F%91%E3%81%AE%E7%9A%AE" n2="%E9%AB%98%E5%80%89%E5%81%A5" n3="" dan="18,16,16,0" rate="2280,2134,2062,1500" sx="M,M,M,C"/><TAIKYOKU oya="0"/><INIT seed="0,0,0,0,4,95" ten="350,350,350,0" oya="0" hai0="35,45,65,110,62,69,63,124,101,73,40,99,83" hai1="108,54,119,135,91,55,120,60,122,114,98,37,133" hai2="109,70,90,100,43,81,115,89,52,111,46,94,106" hai3="" shuffle="mt19937ar,488B584C,5EF3308A,259CFE70,7041A4A3,8E48EB50,BAA5FFEE,B7457863,9CBAE90F"/><T50/><D35/><U82/><N who="1" m="30752" /><U134/><N who="1" m="31264" /><U33/><E33/><V42/><F70/><T77/><D124/><U3/><E119/><V86/><F115/><T57/><D110/><U41/><E3/><V34/><F34/><T44/><D44/><U49/><E114/><V68/><F68/><T126/><D126/><U103/><E108/><V93/><F106/><T36/><D36/><U67/><E37/><V59/><F100/><T74/><D74/><U118/><E41/><V127/><F127/><T2/><D2/><U84/><E49/><V1/><F1/><T92/><D63/><U80/><E80/><V107/><F107/><T129/><D129/><U87/><E87/><V32/><F32/><T78/><REACH who="0" step="1"/><D77/><REACH who="0" step="2"/><U116/><E118/><V121/><N who="2" m="31008" /><V48/><F111/><T71/><AGARI ba="0,1" hai="40,45,50,57,62,65,69,71,73,78,83,92,99,101" machi="71" ten="30,7800,0" yaku="1,1,0,1,52,1,53,1" doraHai="95" doraHaiUra="61" who="0" fromWho="0" sc="340,88,350,-39,350,-39,0,0" /><INIT seed="0,1,0,3,3,44" ten="428,311,311,0" oya="0" hai0="77,50,48,53,58,111,109,88,69,2,114,63,43" hai1="33,78,46,125,39,98,41,55,47,82,75,73,91" hai2="122,36,86,74,133,132,92,100,126,60,130,84,72" hai3="" shuffle="mt19937ar,25CEB202,E6882520,FC93BCFA,1F440256,B2BA02C9,9A820EBF,B65A5DBD,B5ACFD44"/><T3/><D114/><U81/><E33/><V90/><N who="2" m="31264" /><V38/><F126/><T121/><N who="0" m="31008" /><T62/><D77/><U127/><E73/><V87/><F130/><T61/><D69/><U112/><E112/><V32/><F32/><T129/><D129/><U56/><E47/><V106/><F60/><T64/><D64/><U134/><E134/><V101/><F38/><T51/><D43/><U1/><E1/><N who="0" m="9" /><D88/><U67/><E67/><V120/><N who="2" m="30752" /><V57/><F36/><T85/><D85/><N who="2" m="32874" /><F57/><T103/><D103/><N who="2" m="39498" /><F106/><T119/><D119/><U135/><E135/><AGARI ba="1,0" hai="72,74,87,90,92,132,133,135" m="39498,32874,30752,31264" machi="135" ten="30,8000,1" yaku="20,1,34,2,52,2" doraHai="44" who="2" fromWho="1" sc="428,0,311,-82,311,82,0,0" /><INIT seed="1,0,0,1,3,90" ten="428,229,393,0" oya="1" hai0="70,66,33,72,104,121,119,68,85,124,55,32,75" hai1="37,40,132,73,74,57,98,51,100,53,86,78,113" hai2="93,77,80,110,83,122,3,133,105,111,45,67,89" hai3="" shuffle="mt19937ar,7D0A92F1,0C046FCA,281835A6,1C46A3A3,51B4F075,73DD2D48,E33BB961,8CCA1902"/><U62/><E113/><V79/><N who="2" m="31264" /><V69/><F105/><T94/><N who="0" m="31008" /><T112/><D104/><U65/><E132/><V135/><F3/><T82/><D112/><U54/><E54/><V134/><F67/><T117/><D124/><U60/><E60/><V129/><F69/><T126/><D126/><U88/><E78/><N who="2" m="29707" /><F45/><T130/><D85/><U63/><E63/><V114/><F114/><T35/><D82/><N who="2" m="31274" /><F129/><T44/><D130/><U95/><E40/><V71/><F71/><T49/><D66/><U103/><E37/><V97/><AGARI ba="0,0" hai="89,93,97,110,111,133,134,135" m="31274,29707,31264" machi="97" ten="40,6000,1" yaku="20,1,34,2,52,2" doraHai="90" who="2" fromWho="2" sc="428,-20,229,-40,393,60,0,0" /><INIT seed="2,0,0,5,1,94" ten="408,189,453,0" oya="2" hai0="117,76,64,65,112,44,39,109,73,100,52,70,78" hai1="67,92,80,46,99,87,51,135,54,57,108,123,59" hai2="127,126,55,49,77,102,95,40,66,32,101,83,90" hai3="" shuffle="mt19937ar,4CC76562,BDEA6D22,45BFFE4A,4864FCCB,2CFE5D21,629BED8B,E456AAA3,90745B64"/><V86/><F32/><T113/><D117/><U85/><N who="1" m="31520" /><U96/><E135/><V105/><F40/><T119/><D119/><U37/><E108/><V103/><F66/><T69/><D109/><U79/><E37/><V121/><N who="2" m="31008" /><V134/><F134/><T33/><D33/><U3/><E3/><V74/><F49/><T43/><D100/><U0/><E0/><V132/><F55/><T125/><D73/><U106/><E106/><V50/><F50/><T56/><D78/><U82/><E67/><N who="0" m="25673" /><D76/><U36/><E36/><V71/><F71/><N who="0" m="27146" /><D125/><N who="2" m="47626" /><F132/><T122/><N who="0" m="31264" /><T118/><D118/><U42/><E92/><V133/><F133/><T63/><AGARI ba="0,0" hai="39,43,44,52,56,63,112,113" m="31264,27146,25673" machi="63" ten="30,5900,0" yaku="34,2,52,1,54,1" doraHai="94" who="0" fromWho="0" sc="408,59,189,-20,453,-39,0,0" /><INIT seed="4,0,0,2,3,73" ten="467,169,414,0" oya="0" hai0="76,92,99,42,40,44,100,131,74,51,49,2,96" hai1="81,61,115,80,43,53,79,36,0,116,86,63,105" hai2="87,106,123,1,70,50,71,127,67,47,85,54,90" hai3="" shuffle="mt19937ar,DF3841F6,83C8DD35,FE0FA826,F94D90B9,AFFDA4ED,2CA138D0,24E74C6A,31CC3DD2"/><T58/><D2/><U117/><E115/><V111/><N who="2" m="31520" /><V66/><F1/><T3/><D3/><U94/><E0/><V78/><F106/><T125/><D125/><U122/><N who="1" m="31264" /><U91/><E105/><V121/><N who="2" m="31008" /><V126/><F111/><T95/><D131/><U45/><E81/><V128/><F128/><T89/><D74/><U112/><E112/><V33/><F33/><T104/><D104/><U132/><E132/><V65/><F87/><T59/><D76/><U62/><REACH who="1" step="1"/><E53/><REACH who="1" step="2"/><V83/><REACH who="2" step="1"/><F90/><REACH who="2" step="2"/><T60/><D89/><U97/><AGARI ba="0,2" hai="36,43,45,61,62,63,79,80,86,91,94,97,116,117" m="31264" machi="97" ten="30,6000,1" yaku="1,1,2,1,0,1,52,2,53,0" doraHai="73" doraHaiUra="109" who="1" fromWho="1" sc="467,-40,159,80,404,-20,0,0" /><INIT seed="5,0,0,4,0,56" ten="427,239,384,0" oya="1" hai0="73,67,125,127,54,96,72,115,35,133,42,75,0" hai1="1,2,57,52,100,98,34,90,40,85,53,130,38" hai2="117,114,84,47,87,94,134,64,113,76,60,50,93" hai3="" shuffle="mt19937ar,23F14572,06456BD3,38A7014A,0EB206D6,733AFF19,0522C046,E77EBEE2,ED82B017"/><U124/><E34/><V104/><F117/><T59/><D35/><U112/><E112/><N who="2" m="43115" /><F104/><T32/><D32/><U49/><E130/><V43/><F134/><T92/><D115/><U55/><E124/><N who="0" m="47689" /><D133/><U121/><N who="1" m="31008" /><U69/><E69/><V46/><F46/><T37/><D67/><U110/><E110/><V91/><F76/><T74/><D74/><U103/><E2/><V105/><F105/><T131/><D131/><U89/><E1/><V68/><F87/><T106/><D106/><U65/><E65/><V123/><N who="2" m="31520" /><V77/><F77/><T108/><D108/><U102/><E98/><V119/><F119/><T71/><D71/><U44/><REACH who="1" step="1"/><E90/><REACH who="1" step="2"/><V118/><F118/><T39/><D0/><U88/><E88/><V126/><F126/><T63/><D42/><U111/><E111/><V58/><F68/><T48/><D48/><U109/><E109/><V62/><F62/><T70/><D70/><U97/><E97/><V81/><AGARI ba="0,1" hai="43,47,50,58,60,64,81,84,91,93,94" m="31520,43115" machi="81" ten="30,5900,0" yaku="15,1,11,1,52,2" doraHai="56" who="2" fromWho="2" sc="427,-20,229,-39,384,69,0,0" /><INIT seed="6,0,0,0,2,121" ten="407,190,453,0" oya="2" hai0="48,82,92,126,87,59,51,80,109,100,75,81,107" hai1="91,62,53,133,98,61,65,54,33,35,49,88,95" hai2="93,72,111,130,90,120,114,50,47,135,58,132,83" hai3="" shuffle="mt19937ar,6CF2E40E,8DC3DF7B,3B0E6E8D,18F84D5D,A0E11A6C,35755E2C,60C7328A,27BAAAF3"/><V74/><N who="2" m="30752" /><V127/><F111/><T0/><D0/><U97/><E33/><V78/><F72/><T118/><D118/><U77/><E35/><V70/><F70/><T66/><D126/><U64/><E133/><N who="2" m="51275" /><F127/><T69/><D109/><U42/><E77/><V108/><F108/><T2/><D2/><U67/><E42/><V38/><F130/><T46/><D69/><U37/><E37/><V89/><F114/><T45/><D107/><U85/><E49/><V44/><F38/><T116/><D116/><U96/><E85/><V117/><F90/><T131/><D75/><U110/><E95/><V104/><F104/><T68/><D68/><U105/><E105/><V123/><N who="2" m="31520" /><V76/><F76/><T39/><D39/><U119/><E119/><V134/><F134/><T40/><D131/><U57/><E110/><V84/><F117/><T52/><D100/><U113/><E113/><V63/><F50/><T36/><D92/><U43/><E43/><V115/><F115/><T124/><D124/><U41/><E41/><V71/><F71/><T101/><D101/><U128/><E128/><V122/><N who="2" m="31264" /><V60/><F74/><T94/><D94/><U79/><E79/><V103/><F78/><T125/><D36/><RYUUKYOKU ba="0,0" sc="407,-10,190,20,453,-10,0,0" hai1="53,54,57,61,62,64,65,67,88,91,96,97,98" owari="397,0,210,-39,443,39,0,0" /></mjloggm>