<mjloggm ver="2.3"><GO type="225"/><UN n0="%E9%9B%81%E7%BA%8F" n1="%23%37%34%E5%A4%A7%E6%B2%BB%E9%83%8E" n2="%E5%A4%A9%E7%A9%BA%E3%81%AE%E7%99%BD%E3%82%82%E3%82%93%E3%81%9F" n3="%E5%88%BB%E5%AD%90%E5%B8%82%E6%B0%91" dan="16,16,16,17" rate="2069,2091,2085,2122" sx="M,M,F,M"/><TAIKYOKU oya="0"/><INIT seed="0,0,0,2,2,3" ten="250,250,250,250" oya="0" hai0="23,127,19,5,28,83,135,59,99,85,26,41,35" hai1="61,53,131,79,88,39,18,63,133,71,111,46,84" hai2="81,1,15,75,106,92,78,40,91,52,108,105,44" hai3="7,109,8,24,4,102,11,38,112,30,95,9,70" shuffle="mt19937ar,84538AE7,DB8DBB5B,AF1E82E7,28638AC4,AB3CA139,6C4D8ABD,DDFFA21F,78172127"/><T56/><D135/><U73/><E133/><V114/><F1/><W2/><G38/><T66/><D127/><U110/><E73/><V50/><F114/><W87/><G70/><T14/><D41/><N who="1" m="22847" /><E79/><V100/><F100/><W45/><G112/><T54/><D66/><U6/><E71/><V13/><F108/><N who="1" m="41513" /><E18/><V129/><F129/><W97/><G109/><T17/><D17/><U69/><E69/><V48/><F106/><W65/><G65/><T62/><D99/><U125/><E125/><V27/><F27/><W122/><G122/><T16/><D59/><U42/><E42/><V101/><F101/><W32/><G2/><T90/><D35/><U80/><E131/><V68/><F68/><W29/><G29/><T118/><D118/><U31/><E31/><V36/><F105/><W34/><G34/><T119/><D119/><U60/><E53/><V89/><F89/><W94/><REACH who="3" step="1"/><G45/><REACH who="3" step="2"/><T86/><D86/><U72/><E72/><V134/><F134/><W124/><G124/><T58/><D58/><U128/><E128/><V10/><F36/><W117/><G117/><T132/><D132/><U55/><E55/><V121/><F52/><W104/><G104/><T51/><D62/><U77/><E77/><V74/><F121/><W49/><G49/><T126/><D126/><U25/><E61/><V115/><F50/><W21/><G21/><T22/><D22/><U20/><E20/><V103/><F75/><W67/><G67/><T57/><D57/><U12/><E25/><V37/><F74/><W120/><G120/><T43/><D43/><U116/><E116/><RYUUKYOKU ba="0,1" sc="250,10,250,10,250,-30,240,10" hai0="5,14,16,19,23,26,28,51,54,56,83,85,90" hai1="6,12,60,63,80,84,88" hai3="4,7,8,9,11,24,30,32,87,94,95,97,102" /><INIT seed="0,1,1,2,1,2" ten="260,260,220,250" oya="0" hai0="80,64,105,135,82,16,35,128,116,40,87,71,0" hai1="38,118,131,5,44,47,115,96,60,55,86,84,101" hai2="73,26,21,61,102,121,53,18,25,95,81,7,111" hai3="59,126,46,30,112,34,69,12,48,50,9,66,99" shuffle="mt19937ar,9C8AB4AC,9BD1213B,E995B710,7BC38732,E29EE340,D7B5CD4D,4532A18E,CA7271B7"/><T22/><D116/><U89/><E118/><V76/><F121/><W29/><G69/><T114/><D114/><U93/><E115/><V62/><F111/><W67/><G112/><T85/><D105/><U39/><E131/><V72/><F72/><W68/><G68/><T14/><D35/><U11/><E44/><V70/><F26/><W125/><G99/><T127/><D127/><U104/><E84/><V57/><F70/><W94/><G94/><T110/><D0/><U15/><REACH who="1" step="1"/><E60/><REACH who="1" step="2"/><V117/><F117/><W120/><G46/><T65/><D128/><U134/><E134/><V113/><F113/><W97/><G120/><T8/><D135/><U119/><E119/><V130/><F130/><W109/><G109/><T78/><D110/><U27/><E27/><V36/><F62/><W122/><G122/><T3/><D71/><U91/><E91/><V63/><F63/><W24/><G24/><T77/><D40/><U129/><E129/><V88/><F102/><W79/><G125/><T49/><D49/><AGARI ba="1,2" hai="5,11,15,38,39,47,49,55,86,89,93,96,101,104" machi="49" ten="40,2600,0" yaku="1,1,52,1,53,0" doraHai="2" doraHaiUra="56" who="1" fromWho="0" sc="260,-29,250,49,220,0,250,0" /><INIT seed="1,0,0,0,4,115" ten="231,299,220,250" oya="1" hai0="108,27,61,33,42,106,130,99,84,127,41,67,81" hai1="135,131,121,125,104,58,10,101,49,53,19,35,117" hai2="51,114,66,95,37,122,64,100,92,73,94,22,25" hai3="52,69,24,120,16,129,65,102,96,43,93,29,0" shuffle="mt19937ar,7056F709,CC3F38F6,04CD3407,B7F20CA5,5A575774,71BE5046,9CCC759E,43E4AA92"/><U113/><E113/><V85/><F37/><W3/><G120/><T13/><D127/><U55/><E121/><V62/><F73/><W123/><G123/><T38/><D38/><U63/><E125/><V48/><F122/><W11/><G43/><T60/><D130/><U110/><E35/><V39/><F39/><W112/><G112/><T134/><D134/><U32/><E32/><V54/><F114/><W15/><G129/><T107/><D108/><U4/><E131/><V133/><F133/><W34/><REACH who="3" step="1"/><G52/><REACH who="3" step="2"/><T7/><D42/><U72/><E135/><V82/><F100/><W1/><G1/><T12/><D41/><U109/><E110/><V128/><F128/><W20/><G20/><T105/><D33/><U40/><E109/><V31/><F62/><AGARI ba="0,1" hai="0,3,11,15,16,24,29,34,62,65,69,93,96,102" machi="62" ten="40,2600,0" yaku="1,1,54,1,53,0" doraHai="115" doraHaiUra="71" who="3" fromWho="2" sc="231,0,299,0,220,-26,240,36" /><INIT seed="2,0,0,0,3,118" ten="231,299,194,276" oya="2" hai0="122,72,32,126,13,33,81,120,133,124,29,45,83" hai1="91,76,84,59,8,106,34,132,21,110,39,17,113" hai2="119,80,130,97,26,101,3,40,37,5,44,69,2" hai3="125,20,36,43,115,104,63,38,25,108,30,61,48" shuffle="mt19937ar,C39C4D2E,AEF44A3C,F15A65B1,024E5DBE,D4AE8875,51A11F52,B6E85650,94B16A77"/><V99/><F119/><W79/><G104/><T6/><D45/><U68/><E113/><V10/><F69/><W16/><G115/><T47/><D47/><U67/><E39/><V11/><F130/><W92/><G125/><N who="0" m="48235" /><D133/><U74/><E132/><V46/><F46/><W56/><G38/><T41/><D41/><U53/><E106/><V19/><F80/><N who="0" m="30794" /><D72/><U94/><E74/><V62/><F62/><W93/><G36/><T14/><D29/><U73/><E73/><V1/><F99/><W86/><G79/><T85/><D85/><U78/><E34/><N who="0" m="13417" /><D6/><U109/><E68/><V90/><F90/><W60/><G30/><T27/><D27/><U70/><E70/><V51/><F37/><W127/><G86/><T135/><D135/><U129/><E129/><V103/><F103/><W12/><G25/><T28/><D28/><U0/><E78/><V111/><F26/><W112/><G43/><T75/><D75/><U89/><E76/><V7/><F19/><W52/><G127/><T77/><D77/><U55/><E17/><V58/><F58/><W121/><G112/><T31/><D31/><U65/><E84/><V24/><F24/><W117/><G117/><T134/><D134/><U42/><E42/><V114/><F114/><W100/><G100/><T57/><D57/><U102/><E102/><V116/><F116/><W15/><G56/><T9/><D9/><U128/><E8/><V123/><F3/><W54/><G16/><T71/><D71/><U50/><E128/><V66/><F2/><W22/><G63/><T82/><N who="0" m="30802" /><T35/><DORA hai="88" /><D35/><RYUUKYOKU ba="0,0" sc="231,30,299,-10,194,-10,276,-10" hai0="13,14,120,122" /><INIT seed="3,1,0,1,5,32" ten="261,289,184,266" oya="3" hai0="108,102,59,79,74,88,50,87,84,57,24,85,8" hai1="41,27,62,124,51,12,40,6,34,4,127,122,101" hai2="60,54,117,64,43,3,9,53,25,129,26,22,92" hai3="71,63,97,82,37,107,21,48,76,44,68,47,61" shuffle="mt19937ar,57C4BD16,9F6D754B,7A01C0EC,C9BA16D5,AD7834ED,89906DBC,513A17DD,CD12DC74"/><W67/><G37/><T93/><D108/><U66/><E122/><V118/><F43/><N who="1" m="16457" /><E51/><V75/><F75/><W120/><G120/><T95/><D74/><U36/><E36/><V31/><F129/><W16/><G97/><N who="0" m="59711" /><D79/><U10/><E101/><V132/><F132/><W55/><G107/><T18/><D50/><U109/><E109/><V100/><F25/><W89/><G89/><T80/><D80/><U23/><E34/><V52/><F92/><W46/><G63/><T128/><D128/><U39/><E39/><V72/><F100/><W119/><G71/><T116/><D116/><U112/><E112/><V111/><F72/><W33/><G33/><T49/><D49/><U29/><E12/><V5/><REACH who="2" step="1"/><F111/><REACH who="2" step="2"/><W115/><G119/><T69/><D69/><AGARI ba="1,1" hai="3,5,9,22,26,31,52,53,54,60,64,69,117,118" machi="69" ten="40,8000,1" yaku="1,1,2,1,52,1,54,1,53,0" doraHai="32" doraHaiUra="125" who="2" fromWho="0" sc="261,-83,289,0,174,93,266,0" /><INIT seed="4,0,0,5,3,8" ten="178,289,267,266" oya="0" hai0="69,93,58,4,67,90,50,40,99,60,46,87,91" hai1="32,44,34,74,63,111,53,68,59,38,84,120,129" hai2="62,49,17,86,51,95,135,101,61,73,78,36,6" hai3="128,45,103,23,5,97,85,22,9,102,64,31,29" shuffle="mt19937ar,6D65E7DA,18BACFAB,07485F9B,340B0E6C,092B2DB3,F733EB3D,3F05D03F,A6FDA003"/><T42/><D4/><U98/><E74/><V133/><F36/><W119/><G119/><T20/><D69/><U65/><E120/><V24/><F6/><W39/><G128/><T33/><D33/><U94/><E111/><V105/><F105/><W121/><G121/><T126/><D126/><U117/><E117/><V41/><F73/><W55/><G64/><T54/><REACH who="0" step="1"/><D20/><REACH who="0" step="2"/><U19/><E129/><V82/><F133/><W25/><G22/><T81/><AGARI ba="0,1" hai="40,42,46,50,54,58,60,67,81,87,90,91,93,99" machi="81" ten="20,12000,1" yaku="1,1,2,1,0,1,7,1,8,1,53,0" doraHai="8" doraHaiUra="7" who="0" fromWho="0" sc="168,130,289,-40,267,-40,266,-40" /><INIT seed="4,1,0,4,3,52" ten="298,249,227,226" oya="0" hai0="135,90,3,63,13,58,22,7,128,14,38,79,18" hai1="92,84,56,64,50,97,61,31,73,95,43,113,120" hai2="29,130,112,37,85,133,124,9,34,54,47,110,116" hai3="60,101,104,118,96,0,86,48,103,45,33,67,121" shuffle="mt19937ar,9AE17965,56ECC8B4,B5DF36FF,7A1889D6,9BFECD0F,9A61D08E,57FB9F11,0605F3B5"/><T131/><D38/><U78/><E120/><V114/><F110/><W15/><G121/><T1/><D79/><U57/><E73/><V72/><F72/><W53/><G118/><T71/><D71/><U42/><E31/><V102/><F116/><W51/><G0/><T76/><D76/><U91/><E78/><V108/><F108/><W49/><G103/><T109/><D109/><U20/><E20/><V115/><F102/><W41/><G86/><T100/><D100/><N who="1" m="60479" /><E113/><V117/><F117/><W81/><G81/><T16/><D135/><U88/><E91/><V2/><F133/><W125/><G125/><T62/><D90/><U89/><E89/><V46/><F130/><N who="0" m="49706" /><D7/><U23/><E23/><V27/><F124/><W11/><G33/><T24/><D63/><N who="1" m="37991" /><E50/><V127/><F127/><W36/><G53/><AGARI ba="1,0" hai="42,43,53,57,61,84,88,92" m="37991,60479" machi="53" ten="30,7700,0" yaku="8,1,52,2,54,1" doraHai="52" who="1" fromWho="3" sc="298,0,249,80,227,0,226,-80" owari="298,5,329,32,227,-12,146,-25" /></mjloggm>