<mjloggm ver="2.3"><GO type="185"/><UN n0="%E5%83%8D%E3%81%8D%E3%81%9F%E3%81%8F%E3%81%AA%E3%81%84" n1="%E5%8D%81%E5%85%AD%E5%A4%9C%E2%80%A0%E5%92%B2%E5%A4%9C" n2="%EF%BC%BC%28%EF%BC%BE%6F%EF%BC%BE%29%EF%BC%8F%E2%98%85" n3="" dan="17,16,17,0" rate="2222,2183,2164,1500" sx="M,F,M,C"/><TAIKYOKU oya="0"/><INIT seed="0,0,0,5,3,113" ten="350,350,350,0" oya="0" hai0="52,132,37,75,119,93,40,118,117,60,56,101,55" hai1="47,68,131,65,122,114,51,76,133,38,1,134,87" hai2="39,77,66,94,63,123,129,98,59,79,81,50,128" hai3="" shuffle="mt19937ar,D2873BFE,8E38D2CC,8CDD2D43,4986B7BF,7704E668,ABD43BB7,F876BCB6,A2E45AC2"/><T104/><D75/><U85/><N who="1" m="31264" /><U44/><E1/><V80/><N who="2" m="31520" /><V86/><F39/><T74/><D74/><U130/><E76/><V111/><F111/><T41/><D104/><U89/><E89/><V110/><F110/><T78/><D78/><U33/><E33/><V97/><F50/><T102/><D132/><N who="1" m="50795" /><E87/><V3/><F3/><T106/><D106/><U42/><E85/><V57/><F57/><T69/><D69/><U135/><E135/><V73/><REACH who="2" step="1"/><F98/><REACH who="2" step="2"/><T88/><D37/><U35/><E35/><V72/><F72/><T36/><D36/><U67/><E114/><V112/><F112/><T107/><D40/><U49/><E38/><V71/><F71/><T96/><D41/><U103/><E68/><V2/><F2/><T0/><D0/><U127/><E51/><V92/><F92/><T58/><REACH who="0" step="1"/><D107/><REACH who="0" step="2"/><U32/><E42/><V126/><F126/><T54/><D54/><U70/><E127/><V120/><N who="2" m="30752" /><V61/><F61/><AGARI ba="0,2" hai="52,55,56,58,60,61,88,93,96,101,102,117,118,119" machi="61" ten="40,18000,2" yaku="1,1,9,1,52,3,54,2,53,0" doraHai="113" doraHaiUra="45" who="0" fromWho="2" sc="340,200,350,0,340,-180,0,0" /><INIT seed="0,1,0,4,5,2" ten="540,350,160,0" oya="0" hai0="44,122,72,109,69,89,110,106,47,126,95,99,1" hai1="80,61,3,128,55,36,92,48,132,88,84,115,73" hai2="56,62,78,58,125,59,71,124,60,94,127,51,82" hai3="" shuffle="mt19937ar,A8107449,539B0FC4,083FFCF0,4EC51616,C1D539D5,1E5257F7,6B5E66B0,43CB834C"/><T90/><N who="0" m="31264" /><T134/><D1/><U120/><N who="1" m="30752" /><U0/><E36/><V93/><F51/><T77/><D69/><U68/><E132/><V133/><F133/><T45/><D134/><U41/><E128/><V119/><F119/><T75/><D126/><U91/><E115/><V111/><F111/><N who="0" m="42506" /><D106/><U54/><E73/><N who="0" m="28233" /><D77/><U104/><E104/><V52/><F71/><T114/><D114/><U100/><E100/><AGARI ba="1,0" hai="44,45,47,89,90,95,99,100" m="28233,42506,31264" machi="100" ten="40,7700,0" yaku="14,1,10,1,52,1" doraHai="2" who="0" fromWho="1" sc="540,79,350,-79,160,0,0,0" /><INIT seed="0,2,0,0,2,108" ten="619,271,160,0" oya="0" hai0="79,110,73,52,85,104,61,78,129,35,33,2,34" hai1="126,56,43,105,120,132,58,102,67,92,127,41,124" hai2="76,130,113,98,101,128,74,48,32,68,75,107,1" hai3="" shuffle="mt19937ar,BE402503,90E55CD9,188B9A4B,DA8F3601,378343CC,A745F550,8C99E02E,B11785A6"/><T49/><D110/><U95/><N who="1" m="30752" /><U80/><E132/><V63/><F32/><T38/><D38/><U100/><E80/><V112/><F1/><T88/><D2/><U51/><E105/><V65/><F48/><T77/><D104/><U133/><E133/><V103/><F103/><T57/><D129/><N who="2" m="49770" /><F76/><T99/><D99/><U50/><E67/><V3/><F3/><T62/><REACH who="0" step="1"/><D73/><AGARI ba="2,0" hai="63,65,68,73,74,75,98,101,107,112,113" m="49770" machi="73" ten="30,7700,0" yaku="19,1,23,1,52,2" doraHai="108" who="2" fromWho="0" sc="619,-81,271,0,160,81,0,0" /><INIT seed="1,0,0,1,0,124" ten="538,271,241,0" oya="1" hai0="95,92,126,2,53,123,119,42,56,44,1,43,90" hai1="74,69,81,129,87,58,133,99,57,104,94,39,72" hai2="130,70,76,120,108,98,91,46,55,50,68,59,114" hai3="" shuffle="mt19937ar,13CB4F56,73F2D9C8,3CA76D1C,A1E6134A,1606B72A,15B81173,13974D24,35554253"/><U117/><E39/><V63/><N who="2" m="30752" /><V125/><F114/><T131/><N who="0" m="31520" /><T96/><D126/><U48/><E69/><V35/><F125/><T40/><D119/><U109/><E117/><V60/><F35/><T107/><D107/><U38/><E38/><V97/><F76/><T34/><D34/><U77/><E133/><V64/><F108/><T132/><D44/><U32/><E32/><V54/><F130/><T105/><D131/><U103/><E129/><V45/><F91/><T41/><D105/><U102/><E109/><V112/><F112/><T75/><D75/><U83/><E48/><V115/><F115/><T110/><D110/><U122/><N who="1" m="31264" /><U37/><E37/><V111/><F111/><T66/><D66/><U93/><E58/><V49/><REACH who="2" step="1"/><F70/><REACH who="2" step="2"/><T62/><D132/><U82/><E77/><V88/><F88/><T100/><N who="0" m="10240" /><DORA hai="116" /><T33/><REACH who="0" step="1"/><D33/><REACH who="0" step="2"/><U134/><E134/><V51/><F51/><T128/><D128/><U73/><E73/><V3/><F3/><T80/><D80/><U127/><E72/><V135/><F135/><T78/><D78/><U84/><E74/><V106/><F106/><T118/><D118/><U67/><E81/><V113/><F113/><T65/><D65/><AGARI ba="0,2" hai="45,46,49,50,54,55,59,60,63,64,65,68,97,98" m="30752" machi="65" ten="30,16000,3" yaku="1,1,6,1,7,1,9,1,52,2,53,2" doraHai="124,116" doraHaiUra="89,61" who="2" fromWho="0" sc="528,-160,271,0,231,180,0,0" /><INIT seed="2,0,0,1,4,70" ten="368,271,411,0" oya="2" hai0="58,76,75,90,67,3,88,89,82,37,63,84,46" hai1="113,115,101,81,78,108,85,131,51,92,112,62,125" hai2="38,59,110,133,74,132,41,102,83,47,111,123,42" hai3="" shuffle="mt19937ar,37C074F8,AF2F95D5,CC9F6A83,D1DC3A08,E4831383,DB15B9EF,2678113E,D3DDFAA5"/><V79/><N who="2" m="31520" /><V35/><F35/><T65/><D3/><U129/><E62/><V114/><F114/><T34/><D34/><U120/><N who="1" m="30752" /><U128/><E51/><V57/><F102/><T49/><D37/><U73/><E108/><N who="2" m="41515" /><F42/><T97/><D97/><U64/><E64/><V44/><F44/><T55/><REACH who="0" step="1"/><D75/><REACH who="0" step="2"/><U96/><REACH who="1" step="1"/><E125/><REACH who="1" step="2"/><V121/><F121/><T56/><D56/><AGARI ba="0,2" hai="38,41,47,56,57,59,74,79,83,132,133" m="41515,31520" machi="56" ten="30,11600,0" yaku="14,1,10,1,52,2" doraHai="70" who="2" fromWho="0" sc="358,-116,261,0,411,136,0,0" /><INIT seed="2,1,0,0,1,70" ten="242,261,547,0" oya="2" hai0="3,58,71,35,98,99,56,130,107,69,100,117,43" hai1="108,50,90,129,44,87,104,109,45,55,68,132,63" hai2="60,113,40,106,102,95,81,131,52,78,37,89,59" hai3="" shuffle="mt19937ar,C6F9CEF1,B81492C3,36FD5490,B5C3581E,DC113558,C8FF011E,B7626121,E0324FE3"/><V74/><F113/><T54/><D35/><U61/><E104/><V57/><F131/><T94/><D130/><U80/><E129/><V76/><F76/><T84/><D3/><U47/><E132/><V120/><N who="2" m="30752" /><V82/><F82/><T114/><D117/><U126/><E126/><V118/><F118/><T51/><D114/><U64/><REACH who="1" step="1"/><E63/><REACH who="1" step="2"/><V41/><F106/><T66/><D107/><U105/><E105/><V67/><F102/><T115/><D100/><U91/><E91/><V135/><F135/><T112/><D115/><U133/><E133/><V123/><N who="2" m="31520" /><V128/><F128/><T88/><D112/><U38/><E38/><V101/><F37/><T124/><D124/><U96/><E96/><V134/><F101/><T110/><D99/><U127/><E127/><V2/><F134/><T83/><D98/><U49/><E49/><V111/><F2/><T42/><D51/><U92/><E92/><V48/><F111/><AGARI ba="1,1" hai="44,45,47,50,55,61,64,68,80,87,90,108,109,111" machi="111" ten="40,2600,0" yaku="1,1,14,1,53,0" doraHai="70" doraHaiUra="33" who="1" fromWho="2" sc="242,0,251,38,547,-28,0,0" /><INIT seed="4,0,0,1,2,103" ten="242,289,519,0" oya="0" hai0="61,72,135,50,40,53,106,47,107,123,91,124,80" hai1="129,58,111,49,104,56,59,62,78,54,45,38,71" hai2="87,41,48,2,73,33,51,55,110,3,36,127,128" hai3="" shuffle="mt19937ar,135748CE,CA218FA2,0052F335,EB9155C2,CEF933D2,A98AC574,EFF35EB8,B2144329"/><T116/><N who="0" m="31520" /><T46/><D116/><U75/><E78/><V83/><F33/><T89/><D135/><U74/><E75/><V101/><F110/><T57/><D124/><U120/><E74/><V115/><F73/><T102/><D102/><U76/><N who="1" m="30752" /><U81/><E76/><V35/><F127/><T90/><D72/><U133/><E81/><V79/><F35/><T82/><D80/><U118/><E104/><V65/><F65/><T32/><D32/><U126/><E118/><V0/><F128/><T85/><REACH who="0" step="1"/><D47/><REACH who="0" step="2"/><U125/><E133/><V131/><F101/><T117/><D117/><U134/><E134/><V86/><F2/><T130/><D130/><U119/><E129/><V132/><F131/><T60/><D60/><U77/><E119/><V92/><F132/><T84/><D84/><U63/><E126/><V121/><N who="2" m="31008" /><V96/><F86/><T64/><D64/><U97/><E125/><V52/><F3/><T39/><D39/><U1/><E38/><V100/><F0/><T88/><AGARI ba="0,1" hai="40,46,50,53,57,61,82,85,88,89,90,91,106,107" m="31520" machi="88" ten="30,12000,2" yaku="1,1,0,1,52,3,54,1,53,0" doraHai="103" doraHaiUra="67" who="0" fromWho="0" sc="232,130,289,-60,519,-60,0,0" /><INIT seed="4,1,0,0,0,104" ten="362,229,459,0" oya="0" hai0="112,84,45,58,100,33,44,97,68,132,47,86,119" hai1="125,108,95,116,63,1,131,123,124,94,2,93,57" hai2="79,73,82,35,60,38,37,43,62,41,46,39,101" hai3="" shuffle="mt19937ar,54894A94,7D8EA1CF,BA617502,89DC07DE,6DD901D6,461ECD3B,964FA1B3,03FFFEA9"/><T120/><N who="0" m="30752" /><T3/><D3/><U107/><N who="1" m="31520" /><U102/><E116/><V32/><F101/><T109/><D119/><U127/><E108/><V117/><F117/><T98/><D109/><U42/><E42/><V85/><F85/><T91/><D68/><U118/><E118/><V129/><F129/><T40/><D33/><U48/><E48/><V96/><F96/><T0/><D0/><U51/><E51/><V113/><F113/><T90/><D112/><U53/><REACH who="1" step="1"/><E131/><REACH who="1" step="2"/><V135/><F39/><T83/><D40/><U110/><E110/><V115/><F115/><T134/><D134/><U105/><E105/><V34/><F135/><T99/><D132/><U103/><E103/><V72/><F43/><T75/><D100/><U36/><E36/><V88/><F38/><T133/><D133/><U130/><E130/><V77/><F35/><T122/><N who="0" m="31264" /><T71/><D44/><U126/><N who="1" m="31744" /><DORA hai="87" /><U121/><N who="1" m="31008" /><U114/><E114/><V50/><F34/><T80/><D45/><U89/><E89/><V70/><F88/><T65/><D47/><U54/><E54/><V59/><F32/><T92/><D90/><U67/><E67/><V55/><F37/><T128/><D91/><U49/><E49/><RYUUKYOKU ba="1,1" sc="362,-10,219,20,459,-10,0,0" hai1="1,2,53,57,63,93,94,95,102,107" /><INIT seed="5,2,1,2,3,75" ten="352,239,449,0" oya="1" hai0="130,81,66,120,65,85,116,121,68,39,89,74,69" hai1="94,96,87,100,117,110,72,99,129,123,78,125,128" hai2="64,2,67,112,0,62,124,108,59,126,41,76,40" hai3="" shuffle="mt19937ar,D56E0750,10700ECE,0C9E9903,308C260F,BB2FEFF0,4EE7381F,4B904A96,86230D83"/><U134/><N who="1" m="31520" /><U104/><E117/><V84/><F108/><T53/><N who="0" m="30752" /><T113/><N who="0" m="31008" /><T38/><D116/><U43/><E43/><V44/><F112/><T103/><D113/><U1/><E1/><V97/><F41/><T34/><D34/><U50/><E50/><V133/><F133/><T48/><D130/><U93/><E110/><V91/><F67/><T105/><D74/><U49/><E49/><V115/><F115/><T109/><D109/><U58/><E58/><V92/><F97/><T86/><D105/><U61/><E61/><V32/><F32/><T88/><D103/><U107/><E134/><V70/><F70/><T135/><D135/><U101/><E125/><N who="2" m="48235" /><F76/><T71/><D38/><AGARI ba="2,1" hai="0,2,38,40,44,59,62,64,84,91,92" m="48235" machi="38" ten="30,1000,0" yaku="18,1" doraHai="75" who="2" fromWho="0" sc="352,-14,239,0,449,24,0,0" /><INIT seed="6,0,0,5,3,82" ten="338,239,473,0" oya="2" hai0="106,108,61,35,97,127,90,77,46,52,112,116,117" hai1="67,66,111,1,110,73,53,50,3,118,119,103,123" hai2="104,128,37,135,34,47,92,58,113,55,79,44,75" hai3="" shuffle="mt19937ar,8C48E227,C63B86AB,22C9E76F,8C9536BB,278EBAA4,10CDD09F,649DA08F,BC8E9644"/><V63/><F34/><T96/><D108/><U56/><N who="1" m="31520" /><U88/><E73/><V51/><F104/><T32/><D77/><U114/><E103/><V89/><F135/><T57/><D127/><U70/><E3/><V71/><F128/><T134/><D134/><U86/><E1/><V49/><F113/><T59/><D112/><U54/><E114/><V95/><F95/><T38/><D106/><U132/><E132/><V121/><N who="2" m="31008" /><V85/><F71/><T122/><N who="0" m="31264" /><T62/><D38/><U130/><E130/><V126/><F126/><T48/><D90/><U41/><E41/><V42/><F75/><T40/><D32/><U80/><E54/><V76/><F37/><T125/><D35/><U72/><E72/><V2/><F2/><T133/><D125/><U0/><E0/><V78/><F78/><T60/><D133/><U120/><N who="1" m="30752" /><U94/><E94/><V105/><F105/><T102/><D102/><U98/><E98/><V115/><F115/><T74/><D97/><U99/><E99/><V81/><F92/><T84/><D74/><U69/><E69/><V129/><F129/><T124/><D124/><U87/><E70/><V43/><AGARI ba="0,0" hai="42,43,44,47,49,51,55,58,63,76,79,81,85,89" m="31008" machi="43" ten="20,12000,2" yaku="0,1,7,1,9,1,8,1,52,2" doraHai="82" who="2" fromWho="2" sc="338,-60,239,-60,473,120,0,0" owari="278,-12,179,-42,593,54,0,0" /></mjloggm>