<mjloggm ver="2.3"><GO type="185"/><UN n0="%E3%81%9F%E3%82%80%E3%81%A8%E3%83%BC" n1="%E5%8D%81%E5%85%AD%E5%A4%9C%E2%80%A0%E5%92%B2%E5%A4%9C" n2="%E3%80%93%E3%81%84%E3%81%A1%E3%81%AF%E3%82%89%E3%80%93" n3="" dan="16,16,18,0" rate="2156,2155,2242,1500" sx="M,F,M,C"/><TAIKYOKU oya="0"/><INIT seed="0,0,0,2,1,106" ten="350,350,350,0" oya="0" hai0="41,40,47,89,59,93,57,115,90,103,70,95,105" hai1="85,46,84,104,107,134,111,52,44,49,78,91,124" hai2="135,65,101,36,69,99,110,98,129,1,81,113,76" hai3="" shuffle="mt19937ar,7D2FCDDC,A6EBC70F,ACF1EA4F,EC45DEE4,BFB6632E,7F8ED92D,C0164ED8,02824C34"/><T118/><D70/><U58/><E111/><V125/><F36/><T55/><D118/><U37/><E134/><V83/><F1/><T0/><D0/><U132/><E132/><V38/><F38/><T34/><D34/><U117/><E117/><V63/><F135/><T108/><D105/><U75/><E124/><V33/><F125/><T92/><D103/><U54/><E84/><V100/><F33/><T94/><D115/><U43/><E78/><V73/><F110/><T82/><D108/><U39/><E75/><V74/><F113/><T79/><D47/><U56/><E39/><V61/><F129/><T102/><D102/><U45/><E45/><V114/><F114/><T50/><D59/><U133/><E133/><V68/><F76/><T2/><D2/><U130/><E130/><V112/><F112/><T66/><D66/><AGARI ba="0,0" hai="61,63,65,66,68,69,73,74,81,83,98,99,100,101" machi="66" ten="25,6400,0" yaku="22,2,52,2" doraHai="106" who="2" fromWho="0" sc="350,-64,350,0,350,64,0,0" /><INIT seed="1,0,0,3,0,56" ten="286,350,414,0" oya="1" hai0="101,33,46,132,99,90,100,127,86,121,49,123,64" hai1="135,45,106,133,55,44,111,94,134,92,62,122,51" hai2="104,87,76,88,41,130,108,80,107,57,72,35,98" hai3="" shuffle="mt19937ar,738B2ECC,DB568AAB,947DCD01,7B516C84,317FB88B,6232BCA1,DF65373C,1FFCC451"/><U42/><N who="1" m="31264" /><U68/><E106/><V34/><F108/><T110/><D33/><U77/><E77/><V97/><F130/><T115/><D110/><U47/><E111/><V36/><F36/><T61/><D115/><U126/><E126/><V66/><F41/><T39/><N who="0" m="31008" /><T91/><N who="0" m="31520" /><T82/><D39/><U60/><E94/><V109/><F109/><T129/><D129/><U96/><E68/><V105/><F34/><T67/><D127/><U89/><REACH who="1" step="1"/><E42/><REACH who="1" step="2"/><V85/><F35/><T117/><D117/><U70/><E70/><V52/><F72/><T2/><D2/><U53/><E53/><V37/><F66/><T32/><D32/><U3/><E3/><V50/><REACH who="2" step="1"/><F37/><REACH who="2" step="2"/><T63/><D64/><U102/><E102/><V0/><F0/><T114/><D67/><U120/><N who="1" m="30752" /><U131/><E131/><V95/><AGARI ba="0,2" hai="50,52,57,76,80,85,87,88,95,97,98,104,105,107" machi="95" ten="30,6000,1" yaku="1,1,0,1,54,2,53,1" doraHai="56" doraHaiUra="75" who="2" fromWho="2" sc="286,-20,340,-40,404,80,0,0" /><INIT seed="2,0,0,1,5,115" ten="266,300,484,0" oya="2" hai0="129,32,76,105,125,73,90,77,75,51,42,33,1" hai1="89,117,3,118,0,101,68,99,119,122,81,54,98" hai2="56,35,114,93,80,96,91,52,59,39,135,109,86" hai3="" shuffle="mt19937ar,5FD24CD6,90DF8C94,028B50C4,14FC0669,24615229,42B221A4,AF0A3BA1,5448CCBE"/><V123/><N who="2" m="31520" /><V126/><F35/><T2/><D105/><U58/><N who="1" m="31264" /><U112/><E68/><V130/><F114/><T72/><D125/><U46/><E112/><V63/><F126/><T95/><D129/><U132/><E132/><V67/><F130/><T78/><D42/><U65/><E46/><V50/><F39/><T133/><D51/><U44/><E44/><V66/><F135/><T74/><N who="0" m="18432" /><DORA hai="43" /><T107/><D107/><U37/><E37/><V116/><F109/><T38/><D38/><U124/><E65/><V47/><F116/><T100/><D100/><U104/><E124/><V102/><F59/><T40/><D40/><AGARI ba="0,0" hai="40,47,50,52,56,63,66,67,80,86,91,93,96,102" m="31520" machi="40" ten="30,12000,1" yaku="7,1,8,1,52,2,54,1" doraHai="115,43" who="2" fromWho="0" sc="266,-120,300,0,484,120,0,0" /><INIT seed="2,1,0,5,3,50" ten="146,300,604,0" oya="2" hai0="100,3,37,44,47,69,53,42,70,64,43,107,38" hai1="34,66,116,73,117,128,94,114,105,76,68,121,32" hai2="86,59,129,79,130,127,67,57,60,113,33,133,78" hai3="" shuffle="mt19937ar,6E52CE22,C3BEF8AC,49A2E093,4DAE209A,D0FA01DA,2FEA1149,DE3AF001,E4B6709C"/><V46/><F33/><T101/><D3/><U40/><N who="1" m="31008" /><U112/><E105/><V93/><F113/><T119/><D119/><U83/><E94/><V102/><F133/><T126/><D126/><U39/><E128/><V91/><F127/><T36/><D107/><U56/><E56/><V99/><F130/><T54/><D101/><U90/><E90/><V74/><F129/><T1/><D100/><U103/><E103/><V85/><F86/><T135/><D135/><U48/><E48/><V41/><F59/><T115/><D1/><U92/><E92/><V123/><N who="2" m="31520" /><V110/><F74/><T0/><D0/><U108/><E108/><V97/><F110/><T45/><D115/><N who="1" m="44075" /><E40/><N who="0" m="15401" /><D64/><U95/><E95/><V106/><REACH who="2" step="1"/><F99/><REACH who="2" step="2"/><T132/><D132/><U49/><E73/><V72/><F72/><T62/><D62/><U109/><E34/><V125/><F125/><T88/><D88/><U122/><E32/><V58/><F58/><T82/><D82/><U75/><E83/><V35/><F35/><T81/><D81/><U2/><E75/><V63/><F63/><T77/><D77/><U120/><E76/><V87/><F87/><T96/><D96/><U80/><E2/><V104/><F104/><T61/><D61/><RYUUKYOKU ba="1,1" sc="146,10,300,-20,594,10,0,0" hai0="36,37,38,44,45,47,53,54,69,70" hai2="41,46,57,60,67,78,79,85,91,93,97,102,106" /><INIT seed="2,2,1,3,0,89" ten="156,280,604,0" oya="2" hai0="36,58,82,97,99,65,34,48,130,59,98,124,51" hai1="39,60,87,91,62,96,49,109,120,69,131,56,85" hai2="94,93,72,70,102,78,32,67,80,115,47,75,33" hai3="" shuffle="mt19937ar,A5A1BC4B,AD84F0C9,E6C6236B,7D3202E1,24B2BD52,B3558296,FC9CD01F,41DE1E9E"/><V127/><F115/><T1/><D1/><U46/><N who="1" m="30752" /><U112/><E112/><V107/><F127/><T125/><D34/><U129/><E109/><V113/><F113/><T64/><D36/><U86/><E39/><V61/><F75/><T103/><D82/><U135/><E135/><V110/><F110/><T88/><D103/><U77/><E69/><V121/><N who="2" m="31008" /><V111/><F111/><T84/><D84/><U45/><E77/><V55/><F107/><T132/><D132/><U54/><E96/><V52/><F102/><T35/><D35/><U53/><E91/><V37/><F33/><T100/><D100/><U83/><E83/><V116/><F116/><T101/><D101/><U123/><N who="1" m="31520" /><U106/><E106/><V81/><F81/><T119/><D88/><U95/><E95/><V66/><F66/><T44/><D44/><U79/><E79/><V41/><F32/><T57/><D119/><U117/><E117/><V108/><F108/><T40/><D40/><U104/><E104/><V43/><F43/><T133/><D133/><U128/><E46/><V118/><F118/><T126/><D130/><U2/><E2/><V92/><AGARI ba="2,1" hai="37,41,47,52,55,61,67,70,72,78,80,92,93,94" m="31008" machi="92" ten="30,12000,2" yaku="0,1,52,4,54,1" doraHai="89" who="2" fromWho="2" sc="156,-62,280,-62,604,134,0,0" /><INIT seed="2,3,0,0,4,33" ten="94,218,738,0" oya="2" hai0="121,78,50,91,105,67,3,46,68,85,114,100,112" hai1="120,1,135,90,84,97,39,124,107,82,66,37,45" hai2="36,60,110,64,69,35,122,129,34,51,32,70,113" hai3="" shuffle="mt19937ar,28CE3B7B,22CA26F3,7CC4E86B,8BDDFD49,7DFDFD95,BC85C3CC,84495156,C84D9F49"/><V0/><N who="2" m="31264" /><V40/><F113/><N who="0" m="43626" /><D3/><U95/><N who="1" m="30752" /><U108/><E135/><V94/><F129/><T58/><N who="0" m="31008" /><T76/><D68/><U57/><E124/><V103/><F110/><T128/><D128/><U74/><E108/><V125/><F125/><T2/><D2/><U134/><E134/><V72/><F72/><T44/><D105/><U56/><E1/><V88/><F103/><T118/><D100/><U87/><E107/><V80/><F80/><T38/><D38/><U61/><E74/><V79/><F79/><N who="0" m="30250" /><D118/><U119/><E119/><V130/><F130/><T59/><D67/><U132/><E39/><V127/><F127/><T101/><D101/><U42/><E132/><V48/><F69/><T63/><D63/><U43/><E43/><V81/><F0/><T75/><D75/><U104/><E104/><V53/><F53/><T109/><D109/><U117/><E117/><V102/><F102/><T65/><D65/><U106/><E106/><V73/><F73/><T126/><D126/><U123/><N who="1" m="31520" /><U96/><REACH who="1" step="1"/><E57/><REACH who="1" step="2"/><N who="0" m="21513" /><D50/><U115/><E115/><V83/><F36/><T47/><D47/><U49/><E49/><N who="2" m="19019" /><F40/><T111/><D111/><U98/><E98/><V77/><F34/><T86/><D86/><RYUUKYOKU ba="3,1" sc="94,10,208,10,738,-20,0,0" hai0="44,46,85,91" hai1="37,42,45,56,61,66,82,84,87,90,95,96,97" /><INIT seed="4,4,1,2,4,123" ten="104,218,718,0" oya="0" hai0="109,66,77,96,97,54,113,131,48,121,128,1,106" hai1="127,124,64,49,110,132,78,115,112,38,114,74,0" hai2="75,94,34,108,133,3,82,91,120,65,55,102,41" hai3="" shuffle="mt19937ar,4E680CA1,FBF62C53,374369A7,A4E5DCB3,6A2C0052,32A66BCF,15C415D1,02EA598F"/><T46/><D1/><U80/><E0/><V84/><N who="2" m="30752" /><V117/><F34/><T98/><N who="0" m="31008" /><T63/><D113/><U32/><E38/><V42/><F3/><T134/><D134/><U105/><E105/><V40/><F133/><T88/><D106/><U45/><E132/><V67/><F108/><T118/><D118/><U71/><E32/><V119/><F75/><T86/><D77/><U60/><REACH who="1" step="1"/><E110/><REACH who="1" step="2"/><V135/><F135/><T92/><REACH who="0" step="1"/><D109/><REACH who="0" step="2"/><U116/><E116/><V99/><F119/><T122/><N who="0" m="31264" /><T125/><D125/><U129/><E129/><V107/><F117/><T44/><D44/><U126/><E126/><V95/><F107/><T43/><D43/><AGARI ba="4,3" hai="43,45,49,60,64,71,74,78,80,112,114,115,124,127" machi="43" ten="40,12000,2" yaku="1,1,15,1,11,1,53,3" doraHai="123" doraHaiUra="111" who="1" fromWho="0" sc="94,-128,208,158,718,0,0,0" owari="-34,-63,366,-3,718,66,0,0" /></mjloggm>