<mjloggm ver="2.3"><GO type="225"/><UN n0="%E8%80%81%E9%A6%AC" n1="%E6%9C%A7%E5%A4%8F%E6%9C%88" n2="%41%6D%41" n3="%E3%83%AA%E3%83%AA%E3%82%A2%E3%83%BC%E3%83%8C" dan="16,17,16,17" rate="2012,2181,2035,2121" sx="M,M,M,F"/><TAIKYOKU oya="0"/><INIT seed="0,0,0,2,3,117" ten="250,250,250,250" oya="0" hai0="110,3,131,100,127,9,128,90,130,39,13,21,66" hai1="122,47,18,118,58,42,85,92,16,32,91,99,43" hai2="87,123,53,2,133,126,114,57,88,82,31,102,14" hai3="24,64,59,86,4,96,35,5,98,77,29,75,44" shuffle="mt19937ar,70CCD30A,98AF72D6,8A06D131,FF26FEB4,74AD6344,3B92CF26,0A9ACB9F,11EBE8F5"/><T33/><D33/><U111/><E118/><V63/><F114/><W41/><G75/><T8/><D39/><U70/><E70/><V10/><F133/><W56/><G98/><T34/><D34/><U79/><E32/><V109/><F109/><W120/><G96/><T124/><D100/><U104/><E111/><V15/><F126/><N who="0" m="48170" /><D110/><U51/><E122/><V108/><F108/><W54/><G120/><T106/><D106/><U12/><E58/><V38/><F38/><W1/><G1/><T112/><D112/><U40/><E104/><V121/><F102/><W50/><G64/><T94/><D66/><U72/><E72/><V125/><F125/><W20/><G35/><T68/><D68/><U69/><E69/><V71/><F71/><W0/><G0/><T103/><D103/><U116/><E116/><V30/><F2/><W119/><G119/><T76/><D76/><U132/><E132/><V36/><F36/><W6/><REACH who="3" step="1"/><G41/><REACH who="3" step="2"/><N who="1" m="15978" /><E12/><V83/><F15/><W23/><G23/><T129/><D129/><U81/><AGARI ba="0,1" hai="16,18,43,47,51,79,81,85,91,92,99" m="15978" machi="81" ten="30,2000,0" yaku="8,1,54,1" doraHai="117" who="1" fromWho="1" sc="250,-10,250,30,250,-5,240,-5" /><INIT seed="1,0,0,1,1,35" ten="240,280,245,235" oya="1" hai0="100,23,87,13,120,8,77,95,73,29,70,112,56" hai1="132,103,133,104,18,11,1,119,33,90,135,21,113" hai2="94,16,53,134,89,55,130,51,86,39,105,131,69" hai3="126,25,61,127,65,98,17,6,82,102,26,19,27" shuffle="mt19937ar,BC0441FD,627ED1D0,8850158C,0E9311B2,E383E2B7,B49B65AC,81191A87,12EF7A62"/><U68/><E68/><V43/><F105/><W50/><G82/><T74/><D70/><U115/><E119/><V54/><F69/><W106/><G50/><T57/><D112/><N who="1" m="43083" /><E33/><V63/><F134/><W0/><G61/><T5/><D120/><U114/><E114/><V88/><F39/><W83/><G83/><N who="0" m="47599" /><D74/><U4/><E90/><V97/><F63/><W72/><G65/><T79/><D79/><U118/><E118/><V14/><F43/><W48/><G48/><T20/><D73/><U76/><E76/><V117/><F117/><W96/><G96/><N who="0" m="59423" /><D29/><U34/><E34/><V12/><F51/><W2/><G72/><T124/><D124/><N who="3" m="47657" /><G6/><T111/><D111/><U67/><E67/><V45/><F45/><W66/><G66/><T78/><D78/><U75/><E75/><V91/><F91/><W80/><G80/><T123/><D123/><U31/><E103/><V38/><F38/><W42/><G42/><T28/><D57/><U36/><E36/><V92/><REACH who="2" step="1"/><F14/><REACH who="2" step="2"/><W107/><G106/><T64/><D56/><U99/><E104/><V49/><F49/><W84/><G84/><T40/><D40/><U128/><E99/><V109/><F109/><W85/><G85/><T46/><D64/><U37/><E37/><V62/><F62/><W47/><G47/><T3/><D46/><U30/><E128/><V122/><F122/><W116/><G116/><T7/><D13/><AGARI ba="0,1" hai="1,4,11,13,18,21,30,31,132,133,135" m="43083" machi="13" ten="40,12000,1" yaku="20,1,34,2,52,1" doraHai="35" who="1" fromWho="0" sc="240,-120,280,130,235,0,235,0" /><INIT seed="1,1,0,3,3,94" ten="120,410,235,235" oya="1" hai0="114,64,134,102,93,7,5,124,62,20,39,89,30" hai1="122,131,100,9,53,17,25,112,54,75,71,15,48" hai2="126,23,1,118,106,28,129,135,50,21,116,76,51" hai3="121,57,125,83,120,73,127,82,38,111,119,97,107" shuffle="mt19937ar,C6D6C762,82F2D7F9,80353C22,72F82C0A,441D9594,094CCA12,EBAC6199,E6F00DF5"/><U101/><E112/><V61/><F1/><W13/><G38/><T40/><D114/><U27/><E122/><N who="3" m="47210" /><G13/><T108/><D108/><U66/><E75/><V65/><F135/><W132/><G57/><T74/><D74/><U123/><E123/><V77/><F106/><W84/><G111/><T6/><D134/><U103/><E131/><V29/><F61/><W78/><G132/><T11/><D124/><N who="3" m="47689" /><G119/><T49/><D39/><U36/><E36/><V19/><F126/><W18/><G18/><T60/><D102/><U81/><E71/><V42/><F19/><W80/><G73/><T44/><D11/><U113/><E66/><V117/><F65/><W86/><G78/><N who="2" m="30313" /><F42/><W31/><G31/><N who="2" m="11849" /><F129/><W0/><G0/><T4/><N who="0" m="1024" /><DORA hai="128" /><T55/><D40/><U26/><E113/><V8/><F8/><W2/><G2/><T32/><D32/><U10/><E10/><V56/><F56/><W59/><G59/><T79/><D79/><U37/><E37/><V67/><F67/><W47/><G47/><T63/><D64/><U68/><E68/><V16/><F16/><W91/><G107/><T133/><D133/><U110/><E110/><V45/><F45/><W22/><G22/><AGARI ba="1,0" hai="21,22,23,50,51,116,117,118" m="11849,30313" machi="22" ten="40,2600,0" yaku="28,2" doraHai="94,128" who="2" fromWho="3" sc="120,0,410,0,235,29,235,-29" /><INIT seed="2,0,0,4,1,5" ten="120,410,264,206" oya="2" hai0="34,43,23,92,29,37,41,42,12,22,89,99,6" hai1="106,4,48,78,66,27,102,49,62,121,105,116,100" hai2="123,114,52,44,26,21,20,33,36,80,73,35,94" hai3="97,103,72,9,58,67,19,32,95,60,2,38,45" shuffle="mt19937ar,53271F96,48DD5A11,221026F8,3BB56CE4,9C6D9A70,8B9A22B6,B84E95D6,A762646C"/><V61/><F114/><W11/><G72/><T96/><D37/><U119/><E78/><V53/><F123/><W76/><G76/><T86/><D34/><U3/><E27/><V50/><F36/><W134/><G32/><T74/><D74/><U129/><E129/><V117/><F117/><W110/><G110/><T111/><D111/><U130/><E130/><V55/><F94/><W47/><G134/><T31/><D23/><U59/><E121/><V131/><F131/><W87/><G87/><T128/><D128/><U127/><E127/><V115/><F115/><W93/><G93/><T90/><D22/><U10/><E102/><V98/><F21/><W113/><G113/><T14/><D43/><U85/><E85/><V84/><F98/><W81/><G81/><T124/><D86/><U70/><E49/><V64/><F73/><W75/><G75/><T108/><D92/><U0/><E0/><V107/><F107/><W101/><G101/><T120/><D6/><U69/><E106/><V112/><F112/><W133/><G133/><T109/><REACH who="0" step="1"/><D120/><REACH who="0" step="2"/><U77/><E4/><V54/><F84/><W18/><G38/><T132/><D132/><U126/><E119/><V71/><REACH who="2" step="1"/><F80/><REACH who="2" step="2"/><W63/><G95/><T28/><D28/><AGARI ba="0,2" hai="20,26,28,33,35,44,50,52,53,54,55,61,64,71" machi="28" ten="40,12000,1" yaku="1,1,2,1,54,1,53,1" doraHai="5" doraHaiUra="16" who="2" fromWho="0" sc="110,-120,410,0,254,140,206,0" owari="-10,-41,410,41,394,14,206,-14" /></mjloggm>