<mjloggm ver="2.3"><GO type="185"/><UN n0="%E6%84%9F%E8%AC%9D%E3%81%A7%E3%81%99" n1="%E5%8D%81%E5%85%AD%E5%A4%9C%E2%80%A0%E5%92%B2%E5%A4%9C" n2="%E3%80%93%E3%81%84%E3%81%A1%E3%81%AF%E3%82%89%E3%80%93" n3="" dan="17,16,18,0" rate="2201,2205,2258,1500" sx="M,F,M,C"/><TAIKYOKU oya="0"/><INIT seed="0,0,0,3,0,120" ten="350,350,350,0" oya="0" hai0="62,68,97,117,89,1,123,64,131,46,58,66,85" hai1="54,111,47,119,82,50,105,84,70,63,127,133,112" hai2="100,101,98,40,43,72,107,87,73,36,67,90,116" hai3="" shuffle="mt19937ar,F65DD4E8,99E79A57,48798850,A5D6A167,566EF7CB,7DEBF04F,48FB1A5E,05048317"/><T59/><N who="0" m="31520" /><T75/><D1/><U37/><E105/><V44/><F116/><T125/><D117/><U77/><E119/><V49/><F100/><T126/><D75/><U99/><E99/><V121/><N who="2" m="31008" /><V39/><F67/><T65/><D131/><U129/><E129/><V38/><REACH who="2" step="1"/><F43/><REACH who="2" step="2"/><T118/><D118/><U80/><E112/><V130/><F130/><T35/><D35/><U61/><E133/><V134/><F134/><T41/><D65/><U102/><E102/><V113/><F113/><T132/><D66/><U106/><E106/><V45/><F45/><T78/><D132/><U53/><E47/><V96/><F96/><T42/><D42/><U95/><E70/><V103/><F103/><T135/><D135/><U76/><E82/><AGARI ba="0,1" hai="36,38,39,40,44,49,72,73,82,87,90,98,101,107" m="31008" machi="82" ten="40,8000,1" yaku="1,1,52,1,53,3" doraHai="120" doraHaiUra="71" who="2" fromWho="1" sc="350,0,350,-80,340,90,0,0" /><INIT seed="1,0,0,5,0,47" ten="350,270,430,0" oya="1" hai0="48,58,112,84,96,41,125,45,126,73,97,123,95" hai1="55,118,59,68,32,106,64,61,66,81,35,93,79" hai2="63,90,70,128,107,108,52,3,2,94,40,98,86" hai3="" shuffle="mt19937ar,2F5F821C,6E94FF8F,BE498AB6,5413C668,9CA5677A,1BE4AF8A,38DA783C,B02C9487"/><U124/><E106/><V57/><F108/><T42/><N who="0" m="31520" /><T102/><D73/><U67/><E68/><V111/><F111/><T113/><D42/><U69/><E69/><V132/><F132/><T33/><D33/><U43/><E118/><V36/><F128/><T109/><D109/><U127/><E93/><V88/><F70/><T76/><D58/><U110/><E43/><V37/><F107/><T85/><D85/><U0/><E0/><V56/><F56/><T46/><D46/><U129/><E129/><V34/><F34/><T60/><D60/><U38/><E38/><V133/><F133/><T100/><D84/><U65/><N who="1" m="16384" /><DORA hai="53" /><U120/><N who="1" m="30752" /><U117/><E117/><V121/><N who="2" m="31008" /><V130/><F130/><T50/><D50/><U101/><E110/><V49/><F63/><T74/><D76/><U44/><E44/><V92/><REACH who="2" step="1"/><F40/><REACH who="2" step="2"/><T82/><D41/><U78/><E35/><V114/><F114/><T89/><D113/><U62/><E32/><V75/><F75/><T54/><D74/><U91/><E62/><V131/><F131/><T87/><REACH who="0" step="1"/><D112/><REACH who="0" step="2"/><U39/><E61/><V77/><F77/><T104/><AGARI ba="0,2" hai="45,48,54,82,87,89,95,96,97,100,102,104,125,126" m="31520" machi="104" ten="30,9000,2" yaku="1,1,2,1,0,1,52,2,53,2" doraHai="47,53" doraHaiUra="71,134" who="0" fromWho="0" sc="340,110,270,-60,420,-30,0,0" /><INIT seed="2,0,0,2,1,55" ten="450,210,390,0" oya="2" hai0="48,36,105,116,104,40,91,73,100,72,2,34,101" hai1="35,44,117,124,98,113,39,92,131,75,93,84,79" hai2="33,89,1,77,0,127,59,121,74,70,99,96,88" hai3="" shuffle="mt19937ar,717DC69B,0D6808F4,DB96068D,0D3412ED,77C2B8DA,62DB7BFA,7E3B3159,FF78715D"/><V63/><N who="2" m="31008" /><V118/><F33/><T32/><D2/><U42/><E35/><V51/><F118/><T47/><D116/><U108/><E117/><V109/><F70/><T134/><D134/><U64/><E113/><V38/><F38/><T45/><D36/><U50/><E108/><V130/><F109/><T58/><D58/><U46/><E131/><V135/><F130/><T62/><D91/><U49/><E124/><V3/><F135/><T95/><D95/><U81/><E64/><V129/><F129/><T67/><D48/><U107/><E75/><V37/><F37/><T112/><D67/><U103/><REACH who="1" step="1"/><E39/><REACH who="1" step="2"/><V85/><F74/><T56/><D112/><U61/><E61/><V123/><F127/><T126/><D62/><U80/><E80/><V87/><F3/><T128/><D126/><U125/><E125/><V86/><F1/><T68/><D128/><U43/><AGARI ba="0,1" hai="42,43,44,46,49,50,79,81,84,92,93,98,103,107" machi="43" ten="20,3900,0" yaku="1,1,0,1,7,1,9,1,53,0" doraHai="55" doraHaiUra="52" who="1" fromWho="1" sc="450,-13,200,49,390,-26,0,0" /><INIT seed="4,0,0,0,4,69" ten="437,249,364,0" oya="0" hai0="125,80,45,62,109,71,57,124,50,63,131,89,46" hai1="133,54,115,66,76,86,56,132,52,114,94,88,104" hai2="44,47,103,81,78,60,108,53,73,120,67,126,72" hai3="" shuffle="mt19937ar,81A3B980,59B34004,37FAE95E,77F75288,AF9FCE3B,D6BD0215,20D0690A,4F0E645F"/><T122/><N who="0" m="31264" /><T102/><D109/><U42/><E104/><V41/><N who="2" m="30752" /><V116/><F108/><T121/><N who="0" m="31008" /><T58/><D131/><U107/><E107/><V92/><F116/><T95/><D102/><U117/><E117/><V82/><F126/><N who="0" m="48746" /><D80/><U127/><E127/><V64/><F53/><N who="1" m="20585" /><E76/><V74/><F47/><N who="0" m="17930" /><D50/><U98/><E42/><V3/><F81/><T110/><D110/><U128/><E128/><V112/><F82/><T100/><D100/><U135/><E98/><V43/><F103/><T32/><D32/><U0/><E0/><V2/><F3/><T93/><D93/><U77/><E77/><V61/><F92/><T37/><D37/><U40/><E40/><V99/><F78/><T59/><D71/><U113/><E135/><V83/><F2/><T90/><D95/><U79/><E79/><V75/><F83/><T33/><D33/><U1/><E1/><V35/><F35/><T68/><D68/><U87/><E87/><V36/><F75/><T34/><D34/><U123/><N who="1" m="31520" /><U49/><E49/><V84/><F74/><T129/><D129/><U105/><E105/><V85/><F73/><T111/><D111/><U38/><E38/><V55/><F72/><T118/><D118/><RYUUKYOKU ba="0,0" sc="437,10,249,10,364,-20,0,0" hai0="57,58,59,62,63,89,90" hai1="56,66,86,88,94,113,114,115,132,133" /><INIT seed="4,1,0,5,5,79" ten="447,259,344,0" oya="0" hai0="110,47,78,48,3,103,73,99,45,57,65,70,71" hai1="128,81,46,53,67,127,117,89,119,2,115,55,88" hai2="49,124,59,61,102,112,56,80,123,92,69,41,0" hai3="" shuffle="mt19937ar,A6C77C6B,B8A54BB4,2A680F08,6F582B3E,D3960F32,97AC7B7E,5FFA3F9A,06164767"/><T131/><D3/><U74/><E2/><V106/><N who="2" m="31520" /><V87/><F112/><T96/><D131/><U93/><E115/><V121/><N who="2" m="31008" /><V63/><F124/><T62/><D110/><U85/><E128/><V91/><F106/><T116/><D116/><U129/><E129/><V34/><F34/><T54/><D45/><U111/><E111/><V113/><F113/><T133/><D133/><U51/><E127/><V107/><F107/><T66/><D66/><U42/><E67/><V68/><F0/><T77/><D77/><U101/><E101/><V90/><F102/><T122/><N who="0" m="31264" /><T52/><D54/><U33/><E33/><V64/><F49/><T1/><D1/><U109/><E109/><V132/><F41/><T95/><REACH who="0" step="1"/><D99/><REACH who="0" step="2"/><U94/><E55/><V118/><F132/><T32/><D32/><U60/><E119/><V58/><F118/><T82/><AGARI ba="1,1" hai="47,48,52,57,62,65,70,71,73,78,82,95,96,103" m="31264" machi="82" ten="30,8000,1" yaku="1,1,0,1,52,2,54,1,53,0" doraHai="79" doraHaiUra="37" who="0" fromWho="0" sc="437,92,259,-41,344,-41,0,0" /><INIT seed="4,2,0,1,1,43" ten="529,218,303,0" oya="0" hai0="53,76,111,73,106,59,55,125,129,40,83,41,51" hai1="71,90,122,42,2,46,95,78,32,56,70,103,39" hai2="63,88,91,84,52,120,60,89,109,68,130,133,1" hai3="" shuffle="mt19937ar,D2C603F6,6653029C,8AD1BDA3,FFF18229,8D34003C,37BF914D,BE955DA9,EED9BF97"/><T134/><D106/><U119/><N who="1" m="31264" /><U65/><E2/><V34/><N who="2" m="30752" /><V113/><F113/><T67/><D134/><U116/><E32/><V0/><F133/><T80/><D129/><U72/><E103/><V93/><F130/><T107/><D107/><U62/><E78/><V105/><F105/><T77/><D125/><U131/><E72/><V102/><F109/><T108/><D67/><U85/><REACH who="1" step="1"/><E131/><REACH who="1" step="2"/><V135/><F34/><T61/><D111/><U58/><E58/><V124/><F102/><T114/><D108/><U82/><E82/><V104/><F135/><T3/><D3/><U92/><E92/><V74/><F104/><T127/><D127/><U69/><AGARI ba="2,1" hai="39,42,46,56,62,65,69,70,71,85,90,95,116,119" m="31264" machi="69" ten="30,6000,1" yaku="1,1,0,1,52,2,53,1" doraHai="43" doraHaiUra="87" who="1" fromWho="1" sc="529,-42,208,74,303,-22,0,0" /><INIT seed="5,0,0,5,0,127" ten="487,282,281,0" oya="1" hai0="42,35,58,122,120,61,49,92,135,130,34,50,87" hai1="68,118,133,53,60,98,116,36,126,72,106,2,109" hai2="1,82,102,128,69,3,119,85,96,90,40,132,39" hai3="" shuffle="mt19937ar,E136D77C,CD58023D,D9CA78D8,C8E60ED4,9BDA30BB,DAA6CFB7,617FD94B,C3E3D9B0"/><U115/><E53/><V51/><F119/><T59/><N who="0" m="30752" /><T71/><N who="0" m="31264" /><T89/><D71/><U88/><E88/><V99/><F132/><T74/><D135/><U75/><E98/><V121/><N who="2" m="31008" /><V81/><F39/><T78/><D58/><U94/><E94/><V67/><F128/><T114/><D130/><U79/><E79/><V125/><F125/><T105/><D105/><U45/><E45/><V107/><F99/><T65/><D114/><U112/><E60/><V38/><F38/><T113/><D113/><U52/><E52/><V108/><F108/><T37/><D37/><U84/><E84/><V103/><F103/><T33/><REACH who="0" step="1"/><D42/><REACH who="0" step="2"/><U0/><E68/><V80/><F40/><T86/><D86/><U111/><E36/><V76/><F69/><T77/><D77/><U57/><E57/><V91/><F76/><T101/><D101/><U46/><E46/><V62/><F102/><T56/><D56/><U63/><E133/><V70/><F70/><T41/><D41/><U48/><E106/><V95/><F107/><T43/><D43/><U73/><E112/><V100/><F100/><T44/><D44/><U134/><E115/><V55/><F85/><T54/><D54/><U83/><E134/><RYUUKYOKU ba="0,1" sc="477,20,282,-10,281,-10,0,0" hai0="33,34,35,49,50,59,61,65,74,78,87,89,92" /><INIT seed="6,1,1,5,3,56" ten="497,272,271,0" oya="2" hai0="80,114,104,108,128,135,52,68,45,39,70,1,46" hai1="66,48,97,112,119,36,78,129,130,132,35,109,37" hai2="87,67,122,63,93,42,43,106,81,85,41,99,117" hai3="" shuffle="mt19937ar,45E02B17,788EB450,946B2A28,DD506543,FE8B9020,D1ABA001,5C463537,CE3111B3"/><V32/><N who="2" m="31264" /><V86/><F117/><T84/><D1/><U44/><E35/><V111/><F106/><T58/><D108/><U103/><E109/><V118/><F111/><T33/><D33/><U61/><E119/><V72/><F118/><T59/><D104/><U100/><E78/><V125/><F32/><T90/><D135/><U60/><E132/><V113/><F125/><T91/><D128/><N who="1" m="49259" /><E112/><V83/><F72/><T115/><D39/><N who="1" m="14923" /><E66/><V75/><F75/><T89/><D89/><U71/><E71/><V124/><F124/><T95/><D70/><U3/><E3/><V116/><F116/><T133/><D68/><U38/><N who="1" m="14931" /><U123/><N who="1" m="31520" /><DORA hai="134" /><U92/><E100/><V127/><F127/><T94/><D59/><U126/><E126/><V77/><F113/><T49/><D133/><U101/><E101/><V121/><N who="2" m="31008" /><V40/><N who="2" m="10240" /><DORA hai="131" /><V79/><F77/><T57/><D57/><U96/><E96/><V51/><F79/><T69/><D69/><U82/><E82/><V73/><F73/><T65/><D115/><U47/><E48/><V120/><N who="2" m="30752" /><V98/><F51/><T110/><D49/><U53/><E53/><V55/><F55/><T34/><D52/><U102/><E102/><RYUUKYOKU ba="1,1" sc="497,-10,272,20,271,-10,0,0" hai1="44,47,60,61,92,97,103" owari="497,45,292,-11,261,-34,0,0" /></mjloggm>