<mjloggm ver="2.3"><GO type="225"/><UN n0="%E9%9B%AA%E5%9B%BD%E8%82%B2%E3%81%A1" n1="%E5%B1%B1%E5%B9%B8%E5%95%86%E5%BA%97" n2="%E3%81%B5%E3%82%8B%E3%81%AD%E3%81%93%40%E4%BD%95%E5%88%87%E3%82%8B" n3="%E3%83%9A%E3%83%AD%E3%81%A1%E3%82%83%E3%82%93" dan="17,17,16,16" rate="2090,2136,2067,2074" sx="M,M,M,M"/><TAIKYOKU oya="0"/><INIT seed="0,0,0,3,1,131" ten="250,250,250,250" oya="0" hai0="4,56,92,76,113,30,97,60,31,111,106,132,18" hai1="39,108,61,54,84,75,24,15,22,25,11,57,42" hai2="83,124,67,80,23,41,43,93,71,135,107,53,59" hai3="62,118,130,35,46,12,100,77,81,109,127,126,103" shuffle="mt19937ar,36316DB5,77F377BA,775A6F71,A70634E8,E484797A,39793E3C,C7CAB278,25C5DD85"/><T52/><D113/><U79/><E75/><V85/><F107/><W51/><G118/><T37/><D37/><U65/><E108/><V49/><F135/><W27/><G109/><T32/><D111/><U74/><E74/><V34/><F34/><W72/><G62/><T28/><D132/><U99/><E99/><V5/><F5/><W78/><G78/><T7/><D106/><U58/><E42/><V70/><F93/><W45/><G12/><T122/><D122/><U110/><E39/><V121/><F121/><W44/><G51/><T64/><D76/><U102/><E102/><V129/><F129/><W10/><G10/><T90/><D32/><U114/><E114/><V0/><F0/><W68/><G68/><T87/><D87/><U21/><E84/><V88/><F83/><W1/><G1/><T50/><REACH who="0" step="1"/><D18/><REACH who="0" step="2"/><N who="1" m="8575" /><E79/><V82/><F85/><W6/><G130/><T19/><D19/><U13/><E110/><V66/><F82/><W95/><G81/><T112/><D112/><U128/><E128/><V125/><F80/><W63/><G77/><T123/><D123/><U91/><E22/><V104/><F23/><W48/><G35/><T105/><D105/><U89/><E24/><V29/><F104/><W55/><G27/><T120/><D120/><U116/><E116/><V115/><F115/><W8/><G72/><T86/><D86/><U47/><E25/><V101/><F29/><W96/><G96/><T17/><D17/><U117/><E117/><V36/><F36/><W38/><G38/><T26/><D26/><U73/><E73/><V14/><F14/><RYUUKYOKU ba="0,1" sc="240,30,250,-10,250,-10,250,-10" hai0="4,7,28,30,31,50,52,56,60,64,90,92,97" /><INIT seed="0,1,1,5,1,94" ten="270,240,240,240" oya="0" hai0="48,36,44,91,82,29,131,56,102,59,103,42,74" hai1="101,92,62,105,40,9,87,52,47,115,31,35,16" hai2="30,66,60,114,110,98,53,28,41,15,122,0,63" hai3="11,71,77,135,5,97,124,134,132,2,37,61,50" shuffle="mt19937ar,6CDA6688,9740B1C6,EB297B1A,9B4D983C,01835695,25F98E77,41BA1571,F620FFB7"/><T6/><D131/><U95/><E105/><V106/><F0/><W90/><G37/><T64/><D29/><U104/><E104/><V99/><F122/><W58/><G71/><T13/><D74/><U12/><E35/><V120/><F120/><W33/><G33/><T108/><D108/><U65/><E31/><N who="2" m="11819" /><F106/><W8/><G77/><T10/><D36/><U7/><E115/><V68/><F68/><W93/><G124/><T89/><D59/><N who="1" m="35175" /><E65/><V86/><F114/><W81/><G50/><T1/><D1/><U78/><E101/><N who="0" m="38409" /><D82/><N who="1" m="47575" /><E7/><V117/><F66/><N who="3" m="39223" /><G11/><T4/><D4/><U21/><E9/><V19/><F110/><W67/><G81/><T127/><D127/><U88/><E95/><V126/><F126/><W109/><G67/><T85/><D85/><N who="1" m="52239" /><E47/><V83/><F117/><W54/><G109/><T72/><D72/><U80/><E80/><V133/><F86/><W118/><G118/><T128/><D128/><U84/><E84/><V20/><F83/><W121/><G121/><T17/><D6/><U34/><E34/><V24/><F19/><W100/><G100/><T129/><D129/><U79/><E79/><V3/><F3/><W130/><G130/><T18/><D18/><U125/><E125/><V70/><F70/><W51/><G2/><T107/><D107/><U111/><E111/><V57/><F57/><N who="3" m="32991" /><G8/><T26/><D64/><U22/><E22/><V55/><F20/><W112/><G5/><N who="0" m="3279" /><D56/><U14/><E14/><V73/><F15/><W123/><G123/><T25/><D17/><U75/><E75/><V96/><F73/><W39/><G39/><RYUUKYOKU ba="1,1" sc="270,10,240,10,240,-30,240,10" hai0="25,26,42,44,48,89,91" hai1="12,16,21,40" hai3="90,93,97,112,132,134,135" /><INIT seed="0,2,1,0,3,74" ten="280,250,210,250" oya="0" hai0="13,44,17,50,48,116,134,62,64,2,75,9,43" hai1="110,133,53,45,66,84,99,114,63,12,18,77,92" hai2="29,21,31,82,79,90,41,121,125,22,24,61,58" hai3="96,35,38,102,86,93,46,76,54,19,85,20,34" shuffle="mt19937ar,32492247,CAB60F76,0922B605,90513B68,B154B0AC,2B451014,32AE95F8,17279645"/><T69/><D116/><U1/><E1/><V4/><F121/><W5/><G5/><T100/><D134/><U123/><E123/><V135/><F125/><W59/><G35/><T36/><D100/><U71/><E133/><V11/><F135/><W95/><G34/><T60/><D75/><U40/><E110/><V33/><F41/><W56/><G38/><T78/><D78/><U98/><E53/><V105/><F90/><N who="3" m="53463" /><G46/><T112/><D112/><U0/><E0/><V37/><F105/><W7/><G7/><T103/><D103/><U26/><E26/><V32/><F37/><W97/><G97/><T80/><D80/><U52/><E40/><V120/><F120/><W113/><G113/><T81/><D81/><U107/><E107/><V39/><F39/><W101/><G101/><T28/><D2/><U115/><E92/><V91/><F91/><W68/><G68/><T119/><D119/><U109/><E109/><V55/><F31/><W88/><G54/><T6/><D6/><U94/><E94/><V10/><F33/><W130/><G130/><T128/><D128/><U27/><E27/><V25/><F25/><N who="3" m="14495" /><G76/><T89/><D28/><U14/><E77/><V47/><F47/><W65/><G65/><T122/><D122/><U126/><E84/><V16/><F4/><W67/><G67/><T131/><D131/><U118/><E118/><V87/><F32/><W132/><G132/><T70/><D89/><U106/><E106/><V49/><F61/><W83/><AGARI ba="2,1" hai="56,59,83,85,88,95,96,102" m="14495,53463" machi="83" ten="30,2000,0" yaku="8,1,54,1" doraHai="74" who="3" fromWho="3" sc="280,-12,250,-7,210,-7,250,36" /><INIT seed="1,0,0,2,0,77" ten="268,243,203,286" oya="1" hai0="66,53,109,84,75,12,80,22,52,112,57,107,48" hai1="35,20,120,43,45,47,122,118,36,114,92,85,39" hai2="38,123,4,31,116,68,41,83,108,100,30,110,129" hai3="51,34,67,117,56,42,70,78,98,127,89,73,72" shuffle="mt19937ar,63A8FC2A,6B78ABDD,75CB2F7A,AD2681B8,C2654BC8,77A1B6BE,0FCAE1EB,66C89A3F"/><U8/><E35/><V15/><F68/><W115/><G34/><T29/><D112/><U65/><E114/><V26/><F123/><W13/><G115/><T1/><D1/><U102/><E118/><V128/><F116/><W101/><G117/><T49/><D107/><U5/><E65/><V62/><F100/><W135/><G127/><T99/><D75/><U134/><E134/><V2/><F62/><W55/><G135/><T9/><D99/><U40/><E20/><V25/><F83/><W27/><G89/><N who="0" m="51335" /><D66/><U19/><E19/><V10/><F41/><W125/><G125/><T113/><D109/><N who="2" m="42090" /><F38/><W18/><G27/><N who="2" m="10249" /><F2/><W64/><G42/><T97/><D113/><U0/><E85/><V24/><N who="2" m="10257" /><V124/><DORA hai="11" /><F124/><W86/><G72/><T121/><D97/><AGARI ba="0,0" hai="0,5,8,36,39,40,43,45,47,92,97,102,120,122" machi="97" ten="40,2000,0" yaku="9,1" doraHai="77,11" who="1" fromWho="0" sc="268,-20,243,20,203,0,286,0" /><INIT seed="1,1,0,2,4,22" ten="248,263,203,286" oya="1" hai0="55,90,54,112,67,69,113,50,66,11,4,52,95" hai1="76,53,16,62,134,103,5,56,59,121,29,78,92" hai2="14,111,109,87,119,120,9,68,108,2,127,20,19" hai3="23,128,73,94,122,123,130,116,25,51,135,33,91" shuffle="mt19937ar,64A4F163,43DF26E3,E2A9B1C9,3A8791FD,B8B38AD3,B2B5B176,7CAADA35,BF9A4072"/><U88/><E121/><V129/><F68/><W115/><G73/><T21/><D50/><U107/><E5/><N who="2" m="1207" /><F120/><W105/><G105/><T7/><D69/><U82/><E29/><V63/><F63/><W64/><G115/><T71/><D71/><U93/><E107/><V97/><F97/><W39/><G64/><T124/><D124/><U6/><E6/><V35/><F87/><W43/><G39/><T0/><D7/><U117/><E117/><V40/><F40/><W89/><G33/><T132/><D132/><U98/><E134/><V74/><F74/><W60/><G116/><T81/><D81/><U49/><E82/><V101/><F101/><W110/><G60/><T125/><D125/><U114/><E114/><V15/><F127/><W38/><G38/><T37/><D37/><U28/><E28/><V42/><F42/><W31/><G135/><T118/><D118/><U41/><E41/><V1/><F119/><W10/><G10/><T48/><D48/><U75/><E75/><V86/><F86/><W13/><G51/><T57/><D113/><U30/><E30/><V8/><F35/><W46/><G43/><T12/><D112/><U96/><E16/><N who="2" m="8263" /><F129/><W99/><G128/><T80/><D80/><U45/><E45/><V102/><F102/><W18/><G130/><T32/><D32/><U85/><E85/><V104/><F104/><W70/><G70/><T100/><D100/><U65/><AGARI ba="1,0" hai="49,53,56,59,62,65,76,78,88,92,93,96,98,103" machi="65" ten="20,7800,0" yaku="0,1,7,1,8,1,54,1" doraHai="22" who="1" fromWho="1" sc="248,-27,263,81,203,-27,286,-27" /><INIT seed="1,2,0,4,4,34" ten="221,344,176,259" oya="1" hai0="126,106,31,36,22,81,2,71,116,23,19,117,86" hai1="75,58,26,108,125,33,69,101,42,61,92,12,129" hai2="14,15,100,131,120,49,46,35,52,124,65,21,77" hai3="88,112,68,119,4,82,6,18,134,96,37,123,25" shuffle="mt19937ar,FF7818C2,4ECD3821,04DD6765,B0084897,6BE90A63,9DB53D86,43B85DE8,53DC465B"/><U57/><E75/><V9/><F35/><W76/><G123/><T51/><D36/><U79/><E79/><V85/><F120/><W132/><G68/><T67/><D106/><U7/><E42/><V54/><F131/><W114/><G37/><T43/><D126/><U13/><E129/><V73/><F73/><W80/><G25/><T95/><D2/><U16/><E125/><V62/><F124/><W40/><G40/><T84/><D67/><U89/><E101/><V0/><F100/><W27/><G27/><T72/><D71/><U3/><E69/><V107/><F54/><W20/><G20/><T90/><D31/><N who="1" m="19703" /><E13/><V11/><F107/><W29/><G29/><T118/><D72/><U56/><E61/><V93/><F21/><W45/><G45/><T28/><D28/><U94/><E89/><V32/><F32/><W127/><G127/><T113/><D113/><U78/><E78/><V48/><F48/><W1/><G76/><T74/><D74/><U135/><E135/><V104/><F104/><W128/><G128/><T8/><D51/><U97/><E97/><V5/><F11/><W59/><G96/><T130/><D43/><U41/><E41/><V109/><F109/><W98/><G98/><T30/><D30/><U83/><E83/><V70/><REACH who="2" step="1"/><F77/><REACH who="2" step="2"/><W105/><G105/><T50/><D50/><U66/><E108/><V133/><F133/><W102/><G134/><T17/><D130/><U24/><E66/><V115/><F115/><W39/><G112/><T55/><D8/><N who="1" m="2175" /><E24/><V110/><F110/><W99/><G114/><T47/><D55/><RYUUKYOKU ba="2,1" sc="221,-15,344,15,166,15,259,-15" hai1="12,16,56,57,58,92,94" hai2="0,5,9,14,15,46,49,52,62,65,70,85,93" /><INIT seed="1,3,1,2,5,121" ten="206,359,181,244" oya="1" hai0="9,0,134,56,21,91,75,100,23,82,50,39,115" hai1="83,47,89,59,16,43,38,8,131,125,34,63,61" hai2="60,112,128,88,135,49,53,78,85,80,126,69,116" hai3="118,104,52,5,103,81,4,86,87,68,30,71,54" shuffle="mt19937ar,BF57CC48,E706445C,2B20B5B5,4F7C59F7,FD336A55,6E9CB8BA,80DD0934,23A760A4"/><U102/><E34/><V129/><F116/><W66/><G118/><T41/><D115/><U15/><E102/><V73/><F112/><W22/><G104/><T62/><D100/><U26/><E131/><N who="2" m="50251" /><F126/><W6/><G103/><T93/><D134/><U107/><E107/><V18/><F135/><W77/><G68/><T11/><D39/><U57/><E125/><V33/><F33/><W2/><G2/><T133/><D133/><U122/><E122/><V97/><F97/><W46/><G46/><N who="0" m="25935" /><D82/><U67/><E26/><V65/><F18/><W92/><G66/><N who="0" m="39239" /><D75/><U96/><E83/><N who="2" m="45519" /><F49/><W98/><G71/><T12/><D0/><U109/><E109/><V117/><F117/><W48/><G48/><T79/><D79/><U111/><E111/><V13/><F53/><W10/><G98/><N who="0" m="57663" /><D11/><U28/><E96/><V99/><F99/><W113/><G10/><T44/><D44/><U45/><E45/><V123/><F123/><W90/><G113/><T7/><AGARI ba="3,1" hai="7,9,12,21,23" m="57663,39239,25935" machi="7" ten="30,1100,0" yaku="8,1" doraHai="121" who="0" fromWho="0" sc="206,30,359,-8,181,-6,244,-6" /><INIT seed="2,0,0,2,2,134" ten="236,351,175,238" oya="2" hai0="108,93,127,70,8,130,22,63,82,86,123,112,48" hai1="94,39,20,128,13,19,5,125,58,106,9,72,118" hai2="83,38,40,29,78,45,135,101,126,66,25,15,57" hai3="133,24,53,120,23,76,44,102,109,67,107,18,105" shuffle="mt19937ar,1269D4EB,7B68C707,07A68007,9B8E8613,919FFDA3,70CAD179,4520B641,193D7632"/><V2/><F2/><W41/><G120/><T114/><D123/><U90/><E39/><V32/><F135/><W132/><G67/><T37/><D37/><U110/><E106/><V10/><F101/><W54/><G76/><T124/><D130/><U31/><E72/><V50/><F126/><N who="0" m="48170" /><D108/><U7/><E125/><V122/><F122/><W68/><G68/><T117/><D117/><U30/><E110/><V87/><F38/><W75/><G75/><T27/><D8/><U28/><E128/><V85/><F85/><W98/><G105/><T51/><D93/><U55/><E118/><V131/><F131/><W74/><G74/><T35/><D35/><U96/><E9/><V3/><F3/><W79/><G109/><T49/><D63/><AGARI ba="0,0" hai="5,7,13,19,20,28,30,31,55,58,63,90,94,96" machi="63" ten="40,1300,0" yaku="8,1" doraHai="134" who="1" fromWho="0" sc="236,-13,351,13,175,0,238,0" /><INIT seed="3,0,0,4,4,50" ten="223,364,175,238" oya="3" hai0="36,101,125,129,95,92,132,9,78,53,118,68,8" hai1="128,109,2,27,117,7,5,77,110,119,121,59,13" hai2="45,71,102,106,91,99,4,135,33,69,30,44,35" hai3="104,41,80,64,113,88,115,93,120,32,31,10,73" shuffle="mt19937ar,930D3C4A,8C672445,B408F83F,50E95A89,9FEC22AA,E32C6938,6061DC8F,939411B6"/><W127/><G120/><T96/><D118/><N who="1" m="45067" /><E121/><V61/><F135/><W19/><G104/><T47/><D125/><U60/><E2/><V83/><F4/><W123/><G123/><T51/><D132/><U43/><E43/><V105/><F105/><W3/><G127/><T130/><D68/><U111/><E77/><V126/><F126/><W84/><G64/><T28/><D36/><U34/><E128/><N who="0" m="49257" /><D78/><U0/><E0/><V48/><F35/><W42/><G73/><T90/><D28/><N who="1" m="19743" /><E13/><V29/><F29/><W81/><G3/><T40/><D40/><U26/><E26/><V112/><F112/><W97/><G41/><T55/><D55/><AGARI ba="0,0" hai="5,7,55,59,60,109,110,111" m="19743,45067" machi="55" ten="40,5200,0" yaku="14,1,12,1,52,1" doraHai="50" who="1" fromWho="0" sc="223,-52,364,52,175,0,238,0" owari="171,-23,416,41,175,-17,238,-1" /></mjloggm>