<mjloggm ver="2.3"><GO type="185"/><UN n0="%E5%83%8D%E3%81%8D%E3%81%9F%E3%81%8F%E3%81%AA%E3%81%84" n1="%E6%84%9F%E8%AC%9D%E3%81%A7%E3%81%99" n2="%EF%BC%BC%28%EF%BC%BE%6F%EF%BC%BE%29%EF%BC%8F%E2%98%85" n3="" dan="17,17,17,0" rate="2181,2201,2188,1500" sx="M,M,M,C"/><TAIKYOKU oya="0"/><INIT seed="0,0,0,5,0,80" ten="350,350,350,0" oya="0" hai0="58,33,70,111,132,41,46,100,52,123,135,115,118" hai1="91,103,93,117,71,57,47,50,107,67,116,104,42" hai2="61,3,49,131,85,105,39,43,106,48,126,82,101" hai3="" shuffle="mt19937ar,AE73302B,5BE017D8,2E8AF171,7CB62060,5C216062,F6A97B62,449440A8,974F2154"/><T38/><N who="0" m="31520" /><T81/><D33/><U63/><E116/><V78/><F3/><T114/><D118/><U121/><N who="1" m="31008" /><U92/><E117/><V73/><F126/><T119/><D119/><U35/><E35/><V2/><F2/><T32/><D32/><U60/><E103/><V1/><F1/><T95/><D70/><U44/><E44/><V37/><F131/><T74/><D111/><U66/><REACH who="1" step="1"/><E93/><REACH who="1" step="2"/><V125/><F101/><T108/><D100/><U102/><E102/><V59/><F125/><T55/><D95/><U53/><E53/><V130/><F130/><T51/><D55/><U68/><E68/><V124/><F124/><T96/><D108/><U54/><E54/><V88/><F106/><T120/><N who="0" m="30752" /><T94/><D94/><U76/><E76/><V40/><F78/><T113/><D132/><U134/><E134/><V84/><F105/><T79/><D135/><U129/><E129/><V109/><F109/><T64/><D64/><U87/><AGARI ba="0,1" hai="42,47,50,57,60,63,66,67,71,87,91,92,104,107" m="31008" machi="87" ten="20,6000,1" yaku="1,1,0,1,7,1,52,2,53,0" doraHai="80" doraHaiUra="97" who="1" fromWho="1" sc="350,-40,340,70,350,-20,0,0" /><INIT seed="1,0,0,2,0,99" ten="310,410,330,0" oya="1" hai0="0,129,95,101,55,64,52,105,50,73,85,107,77" hai1="92,74,78,119,110,115,120,87,75,35,43,88,123" hai2="33,46,60,57,3,41,108,121,54,58,94,66,131" hai3="" shuffle="mt19937ar,7D9FAE88,4D67676B,AE1FD139,EFAD34B0,700B403E,335778EB,486C3CB4,2630FE71"/><U122/><N who="1" m="30752" /><U104/><N who="1" m="31264" /><U109/><N who="1" m="31520" /><U72/><E119/><V82/><N who="2" m="31008" /><V70/><F33/><T81/><D0/><U97/><E35/><V127/><F3/><T100/><D129/><U34/><E34/><V48/><F131/><T80/><D64/><U135/><E43/><V79/><F127/><T71/><D71/><U126/><E126/><V47/><F108/><N who="1" m="41577" /><E115/><V67/><F94/><T116/><D116/><U42/><E42/><V93/><F93/><T59/><D95/><U84/><E135/><V83/><F83/><T91/><REACH who="0" step="1"/><D55/><REACH who="0" step="2"/><U65/><E65/><V111/><F111/><T38/><D38/><U44/><E44/><V134/><F134/><T39/><D39/><U45/><E45/><V86/><REACH who="2" step="1"/><F67/><REACH who="2" step="2"/><T62/><D62/><U125/><E125/><V32/><F32/><T112/><D112/><U130/><E130/><V89/><F89/><T63/><D63/><U124/><E124/><V1/><F1/><T102/><AGARI ba="0,2" hai="50,52,59,73,77,80,81,85,91,100,101,102,105,107" machi="102" ten="30,9000,2" yaku="1,1,0,1,52,3,54,1,53,1" doraHai="99" doraHaiUra="51" who="0" fromWho="0" sc="300,110,410,-60,320,-30,0,0" /><INIT seed="2,0,0,4,3,125" ten="410,350,290,0" oya="2" hai0="86,57,34,2,124,106,103,96,118,75,65,127,115" hai1="55,68,41,98,128,72,92,89,105,38,123,67,83" hai2="42,107,117,43,54,0,82,69,110,50,129,76,39" hai3="" shuffle="mt19937ar,84C021D0,248B1227,FDC8F746,568F0B25,FB6F651B,4DE9BD45,6231F303,A3944D19"/><V131/><F0/><T94/><D2/><U121/><N who="1" m="31008" /><U45/><N who="1" m="31520" /><U112/><E112/><V97/><F117/><T87/><D118/><U101/><E128/><N who="2" m="49227" /><F69/><T100/><D115/><U122/><N who="1" m="31264" /><U46/><E67/><V47/><F110/><T114/><D75/><U91/><E68/><V48/><F39/><T119/><D34/><U79/><E105/><V66/><F66/><T133/><D119/><U74/><E74/><V85/><F50/><T58/><D106/><U116/><E116/><V99/><F99/><T108/><D96/><U80/><E80/><V132/><F132/><T59/><D114/><U36/><E55/><V81/><F82/><T102/><D108/><U32/><E32/><V62/><F62/><T120/><N who="0" m="30752" /><T73/><D65/><U52/><E52/><V126/><F126/><T111/><D111/><U37/><E37/><V104/><F104/><T53/><D127/><U51/><E51/><V135/><F135/><T64/><D133/><U78/><E78/><V109/><F109/><T77/><D64/><U70/><E70/><V113/><F113/><T40/><D77/><U61/><E61/><V35/><F35/><T33/><D33/><U134/><E134/><V84/><F84/><RYUUKYOKU ba="0,0" sc="410,-20,350,10,290,10,0,0" hai1="36,38,41,45,46,72,79,83,89,91,92,98,101" hai2="42,43,47,48,54,76,81,85,97,107" /><INIT seed="2,1,0,2,1,76" ten="390,360,300,0" oya="2" hai0="53,64,67,121,74,35,84,46,101,100,108,57,54" hai1="50,62,3,122,135,93,63,69,127,109,115,52,51" hai2="72,112,0,91,56,92,123,55,125,34,39,90,107" hai3="" shuffle="mt19937ar,196EC252,C1823A9F,728B92EF,E4E497BA,619AC1F5,DE68F990,CEA50EFD,6DE8CFA4"/><V114/><N who="2" m="31520" /><V128/><F34/><T42/><N who="0" m="31008" /><T82/><D35/><U120/><N who="1" m="30752" /><U117/><N who="1" m="31264" /><U80/><E3/><V133/><F0/><T130/><D74/><U132/><E115/><V105/><F39/><T83/><D130/><U106/><E106/><V88/><F128/><T110/><D64/><U71/><E117/><V66/><F72/><T113/><D67/><U73/><E93/><V65/><F133/><N who="1" m="51273" /><E127/><V49/><F125/><T68/><D68/><N who="1" m="26187" /><E109/><V40/><F107/><T102/><D113/><U95/><E95/><V36/><F105/><T75/><D110/><U85/><E73/><V78/><F114/><T38/><D75/><U103/><E103/><V129/><F112/><T70/><D70/><U134/><N who="1" m="51281" /><U96/><DORA hai="119" /><E96/><V118/><F118/><T1/><D1/><U59/><E50/><V116/><F116/><T111/><D108/><U81/><E81/><V33/><F33/><T60/><D82/><U58/><E58/><V45/><F129/><T124/><D111/><U2/><E2/><V32/><F32/><T94/><D124/><U97/><E97/><V131/><F131/><T86/><D94/><U89/><AGARI ba="1,0" hai="51,52,59,62,63,80,85,89" m="26187,51281,31264,30752" machi="89" ten="50,9000,2" yaku="20,1,52,5,54,1" doraHai="76,119" who="1" fromWho="1" sc="390,-31,360,92,300,-61,0,0" /><INIT seed="4,0,0,5,2,125" ten="359,452,239,0" oya="0" hai0="34,116,93,40,35,85,119,64,122,71,97,133,115" hai1="50,80,100,52,106,76,38,105,54,77,113,132,130" hai2="108,68,95,124,74,32,94,66,47,42,61,96,59" hai3="" shuffle="mt19937ar,450ADC40,0CAFBCF4,67EA6CEF,353976CB,ADC448E7,3916B893,668D0B70,F2F6393B"/><T48/><N who="0" m="31264" /><T63/><D133/><U56/><E38/><V92/><F32/><T128/><D115/><U127/><E132/><V44/><F108/><T117/><D128/><U107/><E127/><V89/><F124/><T60/><D85/><U90/><E100/><V103/><F74/><T39/><D39/><U67/><E67/><V87/><F68/><T2/><D2/><U131/><E113/><V126/><F126/><T65/><D48/><U3/><E3/><V75/><F75/><T51/><D51/><U62/><E90/><V104/><F47/><T83/><D40/><U78/><REACH who="1" step="1"/><E80/><REACH who="1" step="2"/><V101/><F103/><T46/><D83/><U69/><E69/><V79/><F79/><T0/><D0/><U91/><E91/><V73/><F73/><T84/><D34/><U41/><E41/><V98/><F87/><T86/><D35/><U123/><N who="1" m="31520" /><U99/><E99/><V114/><F114/><T118/><D118/><U111/><E111/><V57/><REACH who="2" step="1"/><F57/><AGARI ba="0,1" hai="50,52,54,56,57,62,76,77,78,105,106,107,130,131" m="31520" machi="57" ten="50,8000,1" yaku="1,1,52,3,54,1,53,0" doraHai="125" doraHaiUra="121" who="1" fromWho="2" sc="359,0,442,90,239,-80,0,0" /><INIT seed="5,0,0,0,5,3" ten="359,532,159,0" oya="1" hai0="121,40,55,53,107,95,70,60,118,90,119,130,66" hai1="129,32,133,1,87,134,39,68,78,52,82,59,128" hai2="51,125,94,123,86,104,117,37,93,97,44,36,122" hai3="" shuffle="mt19937ar,CBD974B2,FCD88CEC,BAAC0343,85F88AF4,54BFC4AA,59EC9316,55E9C03A,09C69303"/><U111/><E1/><V41/><N who="2" m="31264" /><V45/><N who="2" m="31520" /><V76/><F117/><N who="0" m="44554" /><D130/><N who="1" m="50283" /><E68/><V102/><F125/><T49/><N who="0" m="31008" /><T62/><D107/><U0/><E0/><V42/><F51/><T91/><D90/><U92/><E39/><V65/><F65/><T105/><D105/><U69/><E69/><V116/><F116/><T98/><D62/><U33/><E92/><V46/><F45/><AGARI ba="0,0" hai="40,45,49,53,55,60,66,70,91,95,98" m="31008,44554" machi="45" ten="30,2000,0" yaku="12,1,52,1" doraHai="3" who="0" fromWho="2" sc="359,20,532,0,159,-20,0,0" /><INIT seed="6,0,0,5,5,135" ten="379,532,139,0" oya="2" hai0="2,1,83,42,95,78,92,114,120,69,125,48,101" hai1="47,68,50,103,61,130,71,115,79,80,118,40,123" hai2="35,128,38,98,56,91,37,133,84,75,121,132,41" hai3="" shuffle="mt19937ar,8B0F8E28,8B0D814A,EA25C880,CBE77B90,78E635B0,584D98E7,3B5797B5,257DC213"/><V96/><N who="2" m="31008" /><V72/><F35/><T87/><N who="0" m="30752" /><T46/><D69/><U126/><N who="1" m="31520" /><U60/><E115/><V127/><F128/><T73/><D114/><U129/><E126/><V104/><F127/><T90/><D125/><U54/><E103/><V55/><F75/><T85/><D87/><U100/><E100/><V49/><F72/><T65/><D65/><U110/><E110/><V111/><F111/><T113/><D113/><U67/><E118/><V124/><F124/><T58/><D58/><U44/><E80/><V88/><F91/><T116/><D116/><U3/><E79/><V70/><F70/><T109/><D109/><U0/><E0/><V99/><F104/><T33/><D33/><U117/><E117/><V34/><F34/><T36/><D36/><U57/><E3/><V77/><F77/><T112/><D112/><U94/><E94/><V102/><F102/><T108/><D108/><U107/><E107/><V82/><REACH who="2" step="1"/><F41/><REACH who="2" step="2"/><T59/><D2/><U93/><E71/><V122/><N who="2" m="31264" /><V97/><N who="2" m="24576" /><DORA hai="39" /><V134/><AGARI ba="0,1" hai="37,38,49,55,56,82,84,88,132,133,134" m="24576,31264,31008" machi="134" ten="50,12000,2" yaku="1,1,4,1,0,1,20,1,52,2,54,1,53,0" doraHai="135,39" doraHaiUra="66,106" who="2" fromWho="2" sc="379,-60,532,-60,129,130,0,0" /><INIT seed="6,1,0,3,2,51" ten="319,472,259,0" oya="2" hai0="42,59,77,90,115,74,123,103,45,131,72,32,68" hai1="78,102,112,87,54,93,84,81,57,47,132,113,126" hai2="127,38,35,34,55,130,64,117,2,49,69,88,48" hai3="" shuffle="mt19937ar,B1046B8C,C43D7A7D,86F9AAC1,4B28FBB0,67C8FF5F,8F93C5F0,7E6070C2,37659D12"/><V3/><F117/><T89/><N who="0" m="31520" /><T1/><D1/><U120/><N who="1" m="30752" /><U80/><E132/><V62/><F38/><T41/><D68/><U108/><E108/><V107/><F107/><T129/><D32/><U91/><E126/><V46/><F127/><T71/><D71/><U121/><N who="1" m="31008" /><U98/><REACH who="1" step="1"/><E47/><REACH who="1" step="2"/><V124/><F124/><T104/><D45/><U33/><E33/><V122/><N who="2" m="31264" /><V94/><F130/><T43/><D131/><U128/><E128/><V60/><F35/><T119/><D129/><U110/><E110/><V116/><F34/><T58/><D119/><U125/><E125/><V66/><F116/><T106/><D115/><U73/><E73/><V0/><F49/><AGARI ba="1,1" hai="49,54,57,78,80,81,84,87,91,93,98,102,112,113" m="31008,30752" machi="49" ten="40,8000,1" yaku="1,1,52,3,53,0" doraHai="51" doraHaiUra="105" who="1" fromWho="2" sc="319,0,462,92,259,-82,0,0" owari="319,-8,554,50,177,-42,0,0" /></mjloggm>