<mjloggm ver="2.3"><GO type="185"/><UN n0="%E7%A5%9E%E3%80%85%E3%82%AF%E3%83%A9%E3%82%B9" n1="%E3%81%B5%E3%81%8F%EF%BC%A3%EF%BD%88%EF%BD%81%EF%BD%8E%E2%99%AA" n2="%EF%BC%BC%28%EF%BC%BE%6F%EF%BC%BE%29%EF%BC%8F%E2%98%85" n3="" dan="17,17,17,0" rate="2166,2145,2206,1500" sx="M,F,M,C"/><TAIKYOKU oya="0"/><INIT seed="0,0,0,2,2,128" ten="350,350,350,0" oya="0" hai0="59,53,50,130,61,73,3,0,62,115,71,54,69" hai1="121,49,127,88,112,95,91,39,52,60,56,74,96" hai2="132,113,100,129,78,68,58,45,64,89,111,57,125" hai3="" shuffle="mt19937ar,8E34449E,288B8903,CA779C44,E164952C,468C0E19,7ACE2D3D,3D878487,3AE48911"/><T72/><D130/><U101/><N who="1" m="31008" /><U123/><N who="1" m="31520" /><U63/><E39/><V80/><F129/><T99/><D99/><U109/><E109/><V65/><F111/><T48/><REACH who="0" step="1"/><D59/><REACH who="0" step="2"/><U44/><E127/><V114/><F58/><T98/><D98/><U103/><E112/><AGARI ba="0,1" hai="0,3,48,50,53,54,61,62,69,71,72,73,112,115" machi="112" ten="25,12000,1" yaku="1,1,22,2,53,2" doraHai="128" doraHaiUra="32" who="0" fromWho="1" sc="340,130,350,-120,350,0,0,0" /><INIT seed="0,1,0,2,2,40" ten="470,230,350,0" oya="0" hai0="89,74,98,126,113,57,43,44,114,45,84,132,99" hai1="36,125,94,68,119,108,1,58,73,82,127,34,75" hai2="32,53,111,41,42,63,115,64,110,56,129,0,106" hai3="" shuffle="mt19937ar,AD129F4B,49FC7B6A,824F1040,907E1F12,EF925BF2,B4C30346,6D5E4B51,7A96BC47"/><T52/><D74/><U79/><E68/><V54/><F32/><T60/><D126/><U116/><E34/><V2/><F106/><T131/><D131/><U92/><E1/><V55/><F115/><T35/><D35/><U135/><E36/><V66/><F129/><T109/><D132/><U62/><E135/><V33/><F33/><T3/><D3/><U105/><E58/><V123/><N who="2" m="31520" /><V69/><F2/><T46/><D43/><N who="2" m="16394" /><F0/><T86/><D109/><N who="2" m="41482" /><F66/><T65/><D65/><U67/><E67/><V100/><F100/><T130/><D130/><U61/><E108/><V77/><F77/><T124/><D124/><U101/><E101/><V117/><F117/><T134/><D134/><U103/><E103/><V90/><F90/><T87/><REACH who="0" step="1"/><D89/><REACH who="0" step="2"/><U91/><E91/><V120/><N who="2" m="30752" /><V88/><F88/><T107/><D107/><U85/><E105/><V70/><AGARI ba="1,1" hai="53,54,55,56,63,64,69,70" m="30752,41482,16394,31520" machi="70" ten="40,6000,1" yaku="14,1,34,2,52,2" doraHai="40" who="2" fromWho="2" sc="460,-41,230,-21,350,72,0,0" /><INIT seed="1,0,0,3,4,115" ten="419,209,422,0" oya="1" hai0="51,118,63,126,67,122,109,130,113,123,55,48,106" hai1="125,92,85,33,76,40,54,84,75,65,120,0,70" hai2="34,89,78,102,77,96,132,64,68,91,88,79,82" hai3="" shuffle="mt19937ar,B5439D5A,32B9DA35,FC325171,A6261120,5F6B8C59,788DF2A9,0F260066,13FB08AF"/><U80/><N who="1" m="30752" /><U62/><E33/><V97/><F34/><T94/><N who="0" m="31264" /><T98/><N who="0" m="31520" /><T50/><D113/><U131/><E0/><V35/><F35/><T2/><D106/><U87/><E131/><V59/><F68/><T127/><D2/><U114/><E114/><V107/><F64/><T86/><D130/><U74/><E74/><V128/><F59/><T110/><D86/><U37/><E125/><N who="0" m="47625" /><D118/><U32/><E32/><V101/><F128/><T71/><D55/><U134/><E134/><V103/><F132/><T95/><D95/><U90/><REACH who="1" step="1"/><E54/><REACH who="1" step="2"/><V81/><REACH who="2" step="1"/><F107/><REACH who="2" step="2"/><T112/><D112/><U135/><E135/><V44/><F44/><AGARI ba="0,2" hai="37,40,44,62,65,70,75,76,80,84,85,87,90,92" m="30752" machi="44" ten="40,3900,0" yaku="1,1,52,1,53,0" doraHai="115" doraHaiUra="46" who="1" fromWho="2" sc="419,0,199,59,412,-39,0,0" /><INIT seed="1,1,0,1,4,113" ten="419,258,373,0" oya="1" hai0="1,59,68,47,124,73,56,99,109,32,80,3,114" hai1="48,134,79,116,98,131,91,78,83,55,88,63,58" hai2="77,62,93,72,81,85,115,96,135,122,53,132,87" hai3="" shuffle="mt19937ar,F00FACB7,6041AD1D,349EED10,951FFEDE,9203CA5A,17A98956,9AD91166,80A9A8C5"/><U101/><E116/><V125/><N who="2" m="31264" /><V118/><F115/><T94/><D32/><U126/><E126/><V107/><F125/><T123/><N who="0" m="31520" /><T121/><N who="0" m="31008" /><T129/><D68/><U60/><E134/><N who="2" m="51243" /><F107/><T36/><D114/><U103/><E131/><V65/><F53/><T51/><D124/><U71/><E79/><V39/><F39/><T128/><D109/><U106/><E103/><V66/><F118/><T76/><D36/><U45/><E71/><V38/><F38/><T104/><D104/><U133/><E133/><V92/><F66/><T82/><D82/><U120/><N who="1" m="30752" /><U43/><REACH who="1" step="1"/><E60/><REACH who="1" step="2"/><V67/><F62/><T33/><D33/><U34/><E34/><V117/><F117/><T46/><D76/><U100/><E100/><V0/><F77/><T41/><D128/><U75/><AGARI ba="1,1" hai="43,45,48,55,58,63,75,78,83,88,91,98,101,106" m="30752" machi="75" ten="20,8000,1" yaku="1,1,0,1,7,1,52,1,54,1,53,0" doraHai="113" doraHaiUra="2" who="1" fromWho="1" sc="419,-41,248,92,373,-41,0,0" /><INIT seed="1,2,0,5,5,123" ten="378,340,332,0" oya="1" hai0="76,57,134,75,80,1,120,83,103,126,67,36,97" hai1="99,95,60,63,98,117,130,3,127,96,35,91,135" hai2="69,43,38,61,119,48,116,132,109,74,115,71,128" hai3="" shuffle="mt19937ar,BBE426DB,106E1199,26302C15,F57B9BBD,6F218AEA,01A6F64F,4EE5C0D3,51AA3AF1"/><U47/><E35/><V104/><RYUUKYOKU type="yao9" ba="2,0" sc="378,0,340,0,332,0,0,0" hai2="38,43,48,61,69,71,74,104,109,115,116,119,128,132" /><INIT seed="1,3,0,0,1,61" ten="378,340,332,0" oya="1" hai0="113,125,62,71,104,44,79,64,86,135,65,120,133" hai1="54,130,97,127,80,96,0,38,33,87,89,93,128" hai2="111,124,57,43,32,85,105,99,49,132,126,63,129" hai3="" shuffle="mt19937ar,FC58FFCE,EB7032BB,84607E3D,A9F9E4BB,770BCF39,B6A32591,C5AB84C2,BDF76C37"/><U55/><E33/><V91/><F32/><T56/><N who="0" m="30752" /><T60/><D104/><U46/><E0/><V74/><F74/><T35/><D35/><U1/><E1/><V121/><N who="2" m="31008" /><V77/><F129/><N who="1" m="49769" /><E127/><V48/><F132/><N who="0" m="50762" /><D125/><N who="2" m="48234" /><F111/><T101/><D101/><U2/><E2/><V40/><F77/><T41/><D113/><U66/><E66/><V51/><F99/><N who="1" m="37961" /><E38/><V36/><F36/><T73/><D73/><U118/><E118/><V119/><F105/><T78/><D86/><U59/><E46/><V67/><F119/><T92/><D92/><AGARI ba="3,0" hai="40,43,48,49,51,57,63,67,85,91,92" m="48234,31008" machi="92" ten="30,3900,0" yaku="18,1,52,2" doraHai="61" who="2" fromWho="0" sc="378,-45,340,0,332,45,0,0" /><INIT seed="2,0,0,3,5,88" ten="333,340,377,0" oya="2" hai0="86,72,56,78,76,40,32,39,87,58,42,112,50" hai1="51,135,124,77,114,44,80,94,95,119,92,55,79" hai2="1,125,100,85,93,69,134,115,41,127,82,118,131" hai3="" shuffle="mt19937ar,0E4F8CA1,D8C80CAB,634EDB4F,2EA7CC00,D6B4AC4C,AE7409DB,2379D966,52DEE71E"/><V35/><F1/><T98/><D39/><U84/><E114/><V66/><F35/><T96/><D72/><U130/><E135/><V108/><F115/><T70/><D112/><U133/><E133/><V110/><F134/><T105/><D70/><U81/><E124/><N who="2" m="47691" /><F41/><T107/><REACH who="0" step="1"/><D50/><REACH who="0" step="2"/><U68/><E130/><V34/><F131/><T101/><D101/><U122/><N who="1" m="31264" /><U97/><E68/><V73/><F73/><T117/><D117/><U132/><E119/><V48/><F118/><T116/><D116/><U54/><E132/><V63/><F48/><T33/><AGARI ba="0,1" hai="32,33,40,42,56,58,76,78,86,87,96,98,105,107" machi="33" ten="25,4800,0" yaku="1,1,0,1,22,2,53,0" doraHai="88" doraHaiUra="123" who="0" fromWho="0" sc="323,58,340,-16,377,-32,0,0" /><INIT seed="4,0,0,3,3,135" ten="381,324,345,0" oya="0" hai0="50,38,39,113,116,118,91,99,55,120,112,134,95" hai1="74,98,46,58,106,86,117,71,103,97,53,110,65" hai2="108,85,35,48,64,101,111,84,133,122,132,47,36" hai3="" shuffle="mt19937ar,47000B70,652995A5,3FAD8523,AA23F7BF,3B0EAC5F,48B3991A,3A32567C,9328428C"/><T109/><N who="0" m="30752" /><T130/><D134/><N who="2" m="51818" /><F35/><T59/><D109/><N who="2" m="42058" /><F36/><N who="0" m="13866" /><D130/><U89/><E74/><V61/><N who="2" m="31264" /><V51/><F101/><T1/><D1/><U96/><E117/><V69/><F51/><T82/><D82/><U72/><E72/><V77/><F77/><T66/><D66/><U93/><E110/><V3/><F3/><T49/><D49/><U124/><E65/><V60/><F60/><T68/><D68/><U52/><E71/><V83/><F83/><T105/><D105/><U88/><E106/><V67/><F67/><T123/><N who="0" m="31520" /><T115/><AGARI ba="0,0" hai="50,55,59,91,95,99,112,113,115,116,118" m="31520,13866,30752" machi="115" ten="40,8000,1" yaku="4,1,15,1,52,2" doraHai="135" who="0" fromWho="0" sc="381,80,324,-40,345,-40,0,0" /><INIT seed="4,1,0,1,1,117" ten="461,284,305,0" oya="0" hai0="111,119,86,93,71,129,52,3,92,57,66,107,131" hai1="109,90,128,88,82,80,32,103,59,68,110,61,125" hai2="89,96,37,2,113,42,76,120,130,99,123,87,44" hai3="" shuffle="mt19937ar,A5D837AC,B1C1EDE1,D7B636BC,249C7A78,D54C8720,9D90AFFA,90A57338,2CA1DBCF"/><T81/><D3/><U101/><E68/><V78/><N who="2" m="30752" /><V115/><N who="2" m="31520" /><V36/><F2/><T83/><D107/><U72/><E125/><V0/><F0/><T116/><D71/><U135/><E32/><V43/><F130/><N who="0" m="49674" /><D66/><U91/><E128/><V51/><F51/><T124/><D111/><U97/><E135/><V114/><F42/><T45/><D45/><U48/><E48/><V134/><F37/><T53/><D124/><U34/><E34/><V95/><F134/><T40/><D40/><U49/><E49/><V62/><F62/><T47/><D47/><U69/><E69/><V1/><F1/><T33/><D53/><U38/><E38/><V132/><F132/><T122/><N who="0" m="31264" /><T106/><D106/><U70/><E70/><V105/><F105/><T94/><D33/><U108/><E72/><V104/><F104/><T41/><D41/><U35/><E35/><V127/><F127/><T133/><D133/><U56/><E110/><V118/><F118/><T64/><D116/><U79/><E109/><V55/><F55/><T63/><D119/><U126/><E108/><V54/><F54/><T84/><D52/><U102/><E126/><V65/><F65/><T100/><D64/><U50/><E50/><RYUUKYOKU ba="1,0" sc="461,-10,284,-10,305,20,0,0" hai2="36,43,44,76,78,87,89,95,96,99,113,114,115" /><INIT seed="5,2,0,5,5,82" ten="451,274,325,0" oya="1" hai0="55,67,125,79,109,89,84,110,100,43,103,94,40" hai1="134,117,56,124,95,47,128,60,52,122,88,62,50" hai2="77,80,69,96,115,131,2,68,123,48,73,132,92" hai3="" shuffle="mt19937ar,DFA72976,5AD7B32A,10819608,80EC2761,5EE13764,6D52126C,B16C3877,28E6E640"/><U135/><N who="1" m="31264" /><U1/><E117/><V86/><N who="2" m="31520" /><V71/><F2/><T57/><D67/><U58/><E1/><V130/><F132/><T107/><D125/><U75/><E75/><V74/><F115/><T106/><D79/><U54/><E124/><V127/><F127/><T72/><D72/><U93/><E128/><N who="2" m="49195" /><F48/><T70/><D70/><N who="2" m="17922" /><V112/><DORA hai="116" /><F112/><T42/><D110/><U120/><N who="1" m="30752" /><U59/><E59/><V111/><F111/><T126/><D126/><U0/><E0/><V114/><F114/><T34/><D34/><U121/><N who="1" m="31008" /><U101/><E101/><AGARI ba="2,0" hai="73,74,77,80,86,92,96,101" m="17922,49195,31520" machi="101" ten="40,8000,1" yaku="19,1,52,3" doraHai="82,116" who="2" fromWho="1" sc="451,0,274,-84,325,84,0,0" /><INIT seed="6,0,0,3,4,68" ten="451,190,409,0" oya="2" hai0="37,72,91,94,129,95,92,99,40,54,123,42,62" hai1="106,34,114,115,100,131,80,104,85,113,122,78,117" hai2="45,135,81,125,118,69,102,109,128,133,83,74,98" hai3="" shuffle="mt19937ar,50A1F1F8,FC163F9D,E574E9B9,7CB5035F,E9F3933C,6F74643D,4089DB8F,B933CDEF"/><V60/><F118/><T93/><N who="0" m="31520" /><T43/><D72/><U64/><N who="1" m="31264" /><U87/><E34/><V51/><F109/><T105/><D105/><U97/><E64/><V70/><F128/><T76/><D129/><U2/><E2/><V108/><F108/><T89/><D37/><U96/><E131/><V79/><F83/><T112/><D76/><U73/><E117/><V56/><F125/><T58/><D112/><U41/><E41/><V126/><F126/><T38/><D38/><U120/><N who="1" m="30752" /><U1/><E1/><V32/><F32/><T84/><AGARI ba="0,0" hai="40,42,43,54,58,62,84,89,91,92,93,94,95,99" m="31520" machi="84" ten="30,3000,0" yaku="0,1,8,1,52,1" doraHai="68" who="0" fromWho="0" sc="451,30,190,-10,409,-20,0,0" owari="481,43,180,-42,389,-1,0,0" /></mjloggm>