<mjloggm ver="2.3"><GO type="185"/><UN n0="%EF%BC%BC%28%EF%BC%BE%6F%EF%BC%BE%29%EF%BC%8F%E2%98%85" n1="%E5%8D%81%E5%85%AD%E5%A4%9C%E2%80%A0%E5%92%B2%E5%A4%9C" n2="%41%55%54%4F%4E%4F%4D%59" n3="" dan="17,16,16,0" rate="2164,2190,2116,1500" sx="M,F,M,C"/><TAIKYOKU oya="0"/><INIT seed="0,0,0,1,5,53" ten="350,350,350,0" oya="0" hai0="38,54,67,100,43,52,108,40,70,62,60,126,42" hai1="86,84,133,107,130,64,3,93,41,82,2,92,109" hai2="114,32,129,87,51,106,39,44,35,123,103,71,135" hai3="" shuffle="mt19937ar,054A7F9E,BC852919,C3852F78,355DAE13,E586FFCD,042165A9,91F3F464,37B7318B"/><T49/><D126/><U125/><E107/><V110/><RYUUKYOKU type="yao9" ba="0,0" sc="350,0,350,0,350,0,0,0" hai2="32,35,39,44,51,71,87,103,106,110,114,123,129,135" /><INIT seed="0,1,0,3,0,66" ten="350,350,350,0" oya="0" hai0="105,79,112,114,116,49,109,62,38,118,107,84,36" hai1="50,43,73,122,101,67,128,111,127,103,113,53,42" hai2="81,3,40,125,96,70,54,2,82,80,129,126,41" hai3="" shuffle="mt19937ar,5E08683E,BD5ADBC9,5CFB9F8B,35752B3A,C13068FB,A0E2DCD4,59E43F2E,81E8053A"/><T120/><N who="0" m="30752" /><T115/><D109/><U76/><N who="1" m="31264" /><U95/><E111/><V108/><F108/><T102/><D49/><U78/><E128/><V92/><F129/><T90/><D79/><U65/><E127/><N who="2" m="48651" /><F70/><T83/><D62/><U132/><E132/><V86/><F86/><T44/><D44/><U119/><E119/><N who="0" m="45609" /><D36/><U39/><E39/><V87/><F87/><T75/><D38/><U34/><E34/><V135/><F135/><T117/><D117/><U97/><E113/><V57/><F41/><T88/><D75/><U69/><E73/><V85/><F85/><T104/><D90/><U0/><E0/><V134/><F40/><T124/><D124/><U47/><E42/><V52/><F54/><T72/><D72/><U33/><E53/><V77/><F77/><T74/><D74/><U133/><E78/><V51/><F134/><T37/><D37/><U93/><E76/><V68/><F68/><T89/><D89/><AGARI ba="1,0" hai="2,3,51,52,57,80,81,82,89,92,96" m="48651" machi="89" ten="30,2000,0" yaku="18,1,54,1" doraHai="66" who="2" fromWho="0" sc="350,-22,350,0,350,22,0,0" /><INIT seed="1,0,0,3,3,48" ten="328,350,372,0" oya="1" hai0="45,32,53,59,126,70,88,2,134,75,106,105,91" hai1="33,100,64,3,1,92,58,79,68,101,40,73,121" hai2="37,99,52,44,114,127,98,47,78,133,108,61,135" hai3="" shuffle="mt19937ar,39F4AEDA,7EC3E605,F4FE7E3A,0FA0BDBB,966D2FA1,FF60DEFF,793A8C9D,17C463B8"/><U57/><N who="1" m="31008" /><U89/><E33/><V107/><F114/><T123/><N who="0" m="31520" /><T51/><D32/><U67/><E40/><V56/><F127/><T50/><D2/><U34/><E34/><V102/><F108/><T36/><D126/><U112/><E112/><V71/><F71/><T77/><D36/><U97/><E79/><V55/><F78/><T41/><D70/><U84/><E73/><V39/><F56/><T93/><D134/><U46/><E46/><V94/><F61/><T110/><D110/><U129/><E129/><V49/><F49/><T66/><D66/><U103/><E68/><V124/><F124/><T42/><D91/><U38/><E38/><V35/><F35/><T86/><REACH who="0" step="1"/><D42/><REACH who="0" step="2"/><U83/><E3/><V128/><F128/><T60/><D60/><U54/><E1/><V96/><F39/><T125/><D125/><U132/><E132/><V131/><F37/><T122/><N who="0" m="31264" /><T87/><D87/><U81/><E67/><V65/><F65/><T120/><N who="0" m="30752" /><T0/><D0/><U104/><E64/><V62/><F131/><T117/><D117/><U69/><E84/><V119/><F135/><T76/><D76/><U63/><E89/><V82/><F133/><T85/><D85/><RYUUKYOKU ba="0,1" sc="318,20,350,-10,372,-10,0,0" hai0="41,45,50,51,53,59,75,77,86,88,93,105,106" /><INIT seed="2,1,1,4,1,103" ten="338,340,362,0" oya="2" hai0="65,93,55,45,83,91,125,95,34,98,80,102,52" hai1="133,43,67,33,50,105,54,100,64,96,44,119,57" hai2="85,42,40,94,128,132,81,69,68,32,134,89,51" hai3="" shuffle="mt19937ar,997CE5F6,B8E6A2B2,4C59490B,2B7FA304,1AEA7E98,3FBC87E7,39E0335A,15F2070C"/><V46/><F32/><T79/><D34/><U115/><E33/><V113/><F113/><T60/><D125/><U62/><E115/><V120/><N who="2" m="30752" /><V73/><F42/><T2/><D2/><U53/><E133/><N who="2" m="51307" /><F128/><T48/><D55/><U38/><REACH who="1" step="1"/><E119/><REACH who="1" step="2"/><V86/><F73/><T117/><D117/><U88/><E88/><AGARI ba="1,2" hai="40,46,51,68,69,81,85,86,88,89,94" m="51307,30752" machi="88" ten="30,5800,0" yaku="20,1,52,1,54,1" doraHai="103" who="2" fromWho="1" sc="338,0,330,-60,362,80,0,0" /><INIT seed="2,2,0,4,4,0" ten="338,270,442,0" oya="2" hai0="53,43,58,112,100,35,124,75,64,36,116,102,121" hai1="1,54,69,93,32,109,129,101,107,108,73,72,125" hai2="84,131,44,96,68,76,49,37,132,91,61,40,87" hai3="" shuffle="mt19937ar,1052CFF5,855A1FE5,D8DFC7B9,D9286AE7,81CC162A,178FEA4C,C0356FD9,370E5524"/><V33/><F33/><T41/><N who="0" m="31008" /><T39/><D75/><U85/><E1/><V110/><F131/><T71/><D35/><U94/><E69/><V92/><F132/><T56/><D116/><U111/><E129/><V126/><F126/><T57/><D124/><U98/><E125/><V65/><F110/><T135/><D135/><U97/><E54/><V106/><F76/><T2/><D2/><U78/><E32/><V117/><F117/><T88/><D112/><U63/><E63/><V83/><F106/><T133/><D133/><U70/><E70/><V52/><REACH who="2" step="1"/><F83/><REACH who="2" step="2"/><T114/><D114/><U3/><E3/><V123/><N who="2" m="31520" /><V79/><F79/><T50/><D102/><U60/><E107/><V103/><F103/><T59/><D100/><U46/><E101/><V80/><F80/><T118/><D118/><U47/><E78/><V74/><F74/><T113/><D113/><U34/><E34/><V38/><F38/><N who="0" m="14378" /><D88/><U127/><E127/><V45/><AGARI ba="2,1" hai="37,40,44,45,49,52,61,65,68,84,87,91,92,96" m="31520" machi="45" ten="20,8000,1" yaku="1,1,0,1,7,1,52,1,54,1,53,0" doraHai="0" doraHaiUra="55" who="2" fromWho="2" sc="338,-42,270,-42,432,94,0,0" /><INIT seed="2,3,0,4,1,37" ten="296,228,526,0" oya="2" hai0="75,102,103,47,59,123,76,130,95,71,101,45,68" hai1="53,63,39,42,127,135,93,98,61,111,86,49,107" hai2="84,32,131,91,124,113,66,92,60,52,106,80,2" hai3="" shuffle="mt19937ar,3474F7C7,04FCFB47,A383C876,0F372CC8,6B64D402,839C31B2,535C95C8,4A65A34A"/><V83/><F32/><T110/><N who="0" m="31520" /><T70/><D110/><U99/><E111/><V72/><F2/><T50/><D130/><U43/><E127/><V77/><F106/><T56/><D75/><U74/><E74/><V122/><N who="2" m="31264" /><V108/><F108/><T73/><D73/><U97/><E107/><V55/><F124/><T34/><D76/><U81/><E135/><V112/><F131/><T94/><D34/><U44/><E93/><V129/><F129/><T40/><REACH who="0" step="1"/><D47/><REACH who="0" step="2"/><U69/><E69/><V132/><F132/><T116/><D116/><U119/><E119/><V121/><N who="2" m="31008" /><V82/><F77/><T120/><N who="0" m="30752" /><T79/><D79/><U67/><E44/><V58/><F72/><T134/><D134/><U33/><E33/><V89/><F89/><T65/><D65/><U46/><E67/><V133/><F133/><T41/><D41/><U109/><E109/><V51/><REACH who="2" step="1"/><F55/><REACH who="2" step="2"/><T57/><AGARI ba="3,2" hai="40,45,50,56,57,59,68,70,71,94,95,101,102,103" m="30752,31520" machi="57" ten="40,12000,3" yaku="1,1,0,1,29,2,52,3,53,2" doraHai="37" doraHaiUra="118" who="0" fromWho="0" sc="286,146,228,-43,516,-83,0,0" /><INIT seed="4,0,0,5,1,67" ten="432,185,433,0" oya="0" hai0="77,59,108,117,76,118,85,89,71,96,65,126,82" hai1="122,109,102,42,106,34,35,54,69,81,80,111,70" hai2="133,91,74,125,113,135,79,44,37,83,1,50,99" hai3="" shuffle="mt19937ar,E9033A33,E63BE377,07B56513,BD149F7D,0B91E83D,0AF86F23,8A460A60,2A322F85"/><T100/><D126/><U127/><N who="1" m="31264" /><U61/><E42/><V63/><F125/><T103/><D108/><U104/><E127/><V46/><F1/><T43/><D43/><U87/><E87/><V0/><F0/><T62/><D103/><U32/><E54/><V53/><F113/><T112/><D112/><U55/><E55/><V131/><F37/><T86/><D59/><U105/><E102/><V51/><F63/><T90/><D77/><U97/><E97/><V115/><F115/><T57/><D57/><U93/><E93/><V98/><F131/><T40/><D40/><U60/><E60/><V95/><REACH who="2" step="1"/><F99/><REACH who="2" step="2"/><T58/><D58/><U66/><REACH who="1" step="1"/><E70/><REACH who="1" step="2"/><V119/><F119/><T72/><D118/><U48/><E48/><V47/><F47/><T128/><D117/><U94/><E94/><V121/><N who="2" m="31008" /><V3/><F3/><T124/><D124/><U33/><N who="1" m="8192" /><DORA hai="114" /><U49/><E49/><V39/><F39/><T38/><D38/><U45/><E45/><V64/><F64/><T101/><D96/><U36/><E36/><V41/><AGARI ba="0,2" hai="41,44,46,50,51,53,74,79,83,91,95,98,133,135" m="31008" machi="41" ten="30,9000,2" yaku="1,1,0,1,52,1,53,3" doraHai="67,114" doraHaiUra="88,130" who="2" fromWho="2" sc="432,-60,175,-30,423,110,0,0" /><INIT seed="5,0,0,1,1,65" ten="372,145,533,0" oya="1" hai0="44,0,103,47,40,33,117,70,91,125,52,61,79" hai1="116,113,35,53,59,84,64,83,99,110,67,88,2" hai2="72,75,100,51,129,49,1,114,66,77,115,111,98" hai3="" shuffle="mt19937ar,89AAD38D,86992321,3CA41D08,2093E5BB,D944B075,460FD22D,E02BDEF2,17775873"/><U41/><E2/><V133/><F1/><T96/><D0/><U38/><E35/><V48/><F111/><T130/><D33/><U105/><E116/><V92/><F129/><T97/><D130/><U74/><E74/><V123/><N who="2" m="31520" /><V118/><F118/><T131/><D131/><U43/><E113/><N who="2" m="43019" /><F133/><T126/><D117/><U3/><E3/><V121/><N who="2" m="31008" /><V50/><F77/><T46/><D79/><U55/><E110/><V124/><F124/><N who="0" m="47722" /><D91/><U104/><E55/><V122/><N who="2" m="31264" /><V106/><F66/><T34/><D34/><U69/><E69/><V73/><F51/><T94/><D96/><U60/><E99/><V120/><N who="2" m="30752" /><V45/><F45/><T63/><D44/><U76/><E76/><V102/><F102/><T42/><D47/><U36/><E43/><V119/><F119/><T89/><D103/><U128/><E128/><V54/><F54/><T127/><D127/><U95/><E95/><AGARI ba="0,0" hai="48,49,50,72,73,75,92,95,98,100,106" m="30752,31264,31008,43019,31520" machi="95" ten="40,12000,2" yaku="15,1,11,1,52,4" doraHai="65" who="2" fromWho="1" sc="372,0,145,-120,533,120,0,0" /><INIT seed="6,0,0,4,0,59" ten="372,25,653,0" oya="2" hai0="61,32,112,115,76,71,45,66,102,72,127,88,128" hai1="42,110,77,119,113,107,78,132,89,67,105,69,130" hai2="111,97,84,129,123,35,75,41,46,58,1,49,34" hai3="" shuffle="mt19937ar,AAFF4C0B,F2D3C15E,6D80D106,D499D9E4,379BADA8,B1ACBE32,25203A9C,6AB2877E"/><V80/><N who="2" m="31520" /><V36/><F1/><T64/><D32/><U134/><E89/><V65/><F111/><T98/><D128/><U63/><E42/><V33/><F129/><T81/><D127/><U52/><E52/><V86/><F75/><T109/><D109/><U47/><E47/><V74/><F74/><T82/><D66/><U125/><E67/><V50/><F86/><T124/><D124/><U39/><E63/><V70/><F70/><T96/><D45/><U118/><E78/><V68/><F68/><T92/><D82/><U104/><E77/><V117/><F117/><T51/><D51/><U108/><E107/><V56/><F56/><T57/><D57/><U2/><E104/><V114/><F49/><T54/><D54/><U48/><E48/><V131/><F50/><T85/><D98/><U55/><E55/><V38/><F131/><T43/><D43/><U90/><E90/><V95/><F58/><T122/><N who="0" m="31264" /><T60/><D60/><U0/><E108/><V62/><F65/><T135/><D76/><U40/><E118/><V121/><F62/><T53/><D53/><U103/><E40/><V116/><N who="2" m="31008" /><V93/><F116/><T126/><D64/><U44/><E2/><V3/><F3/><RYUUKYOKU ba="0,0" sc="372,0,25,0,653,0,0,0" owari="372,-3,25,-57,653,60,0,0" /></mjloggm>