<mjloggm ver="2.3"><GO type="225"/><UN n0="%E3%83%95%E3%83%9E%E3%82%AD%E3%83%A9%E3%83%BC" n1="%E3%81%BE%E3%82%8D%E3%81%B0%E3%81%97" n2="%E7%AE%A1%E5%AF%9D" n3="%E5%BE%85%E3%81%A1%E3%81%A8%E3%82%89%E3%81%9A" dan="16,17,16,16" rate="2034,2085,2063,2049" sx="M,M,M,M"/><TAIKYOKU oya="0"/><INIT seed="0,0,0,4,4,92" ten="250,250,250,250" oya="0" hai0="15,46,106,32,129,38,94,77,75,79,16,7,56" hai1="125,109,122,18,88,45,13,24,61,81,21,23,116" hai2="82,111,86,112,57,105,64,65,101,17,10,104,102" hai3="51,100,132,119,78,115,39,14,133,49,89,103,8" shuffle="mt19937ar,36561F80,E656CFB2,0003E564,E86320A6,A4667096,E0EFEF23,C82D15AD,A81A4F5F"/><T50/><D106/><U76/><E122/><V62/><F112/><W71/><G39/><T30/><D7/><U0/><E0/><V59/><F111/><W53/><G71/><T37/><D56/><U4/><E109/><V83/><F86/><W34/><G34/><T108/><D108/><U123/><E123/><V113/><F10/><W87/><G78/><T72/><D129/><U19/><E116/><V126/><F62/><W99/><G103/><T80/><D94/><U128/><E128/><V60/><F60/><W52/><G51/><T1/><D1/><U63/><E125/><V121/><F121/><W11/><G11/><T47/><D30/><U28/><E4/><V5/><F5/><N who="3" m="3343" /><G49/><T27/><D27/><U124/><E124/><V22/><F22/><W131/><G131/><T120/><D32/><U12/><E45/><V36/><F17/><W6/><G115/><T90/><D47/><U40/><E40/><V73/><F126/><W41/><G41/><T107/><D120/><U110/><E110/><V3/><F3/><W42/><G42/><T127/><D127/><U26/><E24/><V48/><F48/><W91/><G91/><T97/><D38/><U33/><REACH who="1" step="1"/><E88/><REACH who="1" step="2"/><V20/><F113/><W44/><G44/><T54/><D37/><U70/><E70/><V29/><F36/><W43/><G43/><T31/><D46/><U134/><E134/><N who="3" m="51818" /><G119/><T68/><D68/><U66/><E66/><V67/><F65/><W55/><G6/><T117/><D117/><U58/><E58/><V114/><F114/><W118/><G118/><T84/><D90/><RYUUKYOKU ba="0,1" sc="250,-10,240,30,250,-10,250,-10" hai1="12,13,18,19,21,23,26,28,33,61,63,76,81" /><INIT seed="1,1,1,2,2,59" ten="240,270,240,240" oya="1" hai0="129,21,2,124,12,85,110,99,103,132,113,17,119" hai1="76,55,51,65,57,49,127,62,96,66,133,105,100" hai2="37,61,98,121,31,47,48,94,84,67,9,40,16" hai3="72,22,13,74,82,26,50,79,122,70,19,46,15" shuffle="mt19937ar,14F4F561,5A14C960,B8AC1727,D4BF0D0B,5DF75D29,E15BF7FF,B2182AE2,B9EFDE82"/><U54/><E127/><V91/><F121/><W30/><G122/><T104/><D124/><U58/><E133/><V33/><F37/><W25/><G72/><T130/><D132/><U106/><E76/><V38/><F38/><W18/><G70/><T118/><D113/><U4/><E4/><V64/><F64/><W35/><REACH who="3" step="1"/><G19/><REACH who="3" step="2"/><T107/><D119/><U8/><E8/><V43/><F9/><W7/><G7/><T1/><D118/><U89/><E89/><V3/><F16/><W86/><G86/><T42/><D85/><U32/><E32/><V114/><F84/><W5/><G5/><T117/><D117/><U39/><E39/><V53/><F114/><W92/><G92/><T14/><D107/><U128/><E128/><V23/><F33/><W109/><G109/><T78/><D110/><U75/><E75/><V69/><REACH who="2" step="1"/><F3/><REACH who="2" step="2"/><W101/><G101/><T44/><D1/><U34/><E34/><V45/><F45/><W6/><G6/><T24/><D2/><U73/><E73/><V29/><F29/><W36/><G36/><N who="0" m="21575" /><D78/><U60/><REACH who="1" step="1"/><E105/><REACH who="1" step="2"/><V112/><F112/><W28/><G28/><T27/><D129/><U123/><E123/><V81/><F81/><W131/><G131/><T135/><D130/><U10/><E10/><V63/><F63/><AGARI ba="1,4" hai="49,51,54,55,57,58,60,62,63,65,66,96,100,106" machi="63" ten="40,24000,3" yaku="1,1,9,1,52,3,53,3" doraHai="59" doraHaiUra="56" who="1" fromWho="2" sc="240,0,260,283,230,-243,230,0" owari="240,-1,543,54,-13,-41,230,-12" /></mjloggm>