<mjloggm ver="2.3"><GO type="225"/><UN n0="%E5%BB%89%E5%A4%AA%E9%83%8E" n1="%6B%6F%67%65%70%61%6E" n2="%73%69%67%65%6E%6F%72%69" n3="%E8%80%81%E9%A6%AC" dan="16,16,17,16" rate="2008,2065,2152,2008" sx="M,M,M,M"/><TAIKYOKU oya="0"/><INIT seed="0,0,0,1,4,34" ten="250,250,250,250" oya="0" hai0="99,25,127,120,45,27,47,103,129,85,68,94,70" hai1="124,7,119,71,12,46,49,15,29,5,63,26,22" hai2="123,13,18,39,83,35,132,42,62,2,11,37,134" hai3="118,74,102,31,76,55,98,66,95,38,59,61,90" shuffle="mt19937ar,405822A2,F4B7A9DA,981DE62A,489A134B,9F26C0D3,C34E3E1D,8646385E,DAA7AE1E"/><T6/><D120/><U40/><E119/><V3/><F123/><W104/><G38/><N who="2" m="14345" /><F42/><W109/><G109/><T125/><D129/><U72/><E72/><V115/><F115/><W51/><G118/><T97/><D85/><U65/><REACH who="1" step="1"/><E124/><REACH who="1" step="2"/><V57/><F35/><W130/><G130/><T44/><D125/><U105/><E105/><V128/><F128/><W84/><G31/><T10/><D127/><U33/><E33/><V89/><F132/><W135/><G135/><T101/><D101/><U1/><E1/><V50/><F2/><W116/><G116/><T91/><D70/><U54/><E54/><V111/><F3/><W28/><G28/><T9/><D68/><U17/><E17/><V32/><F18/><W52/><G51/><T75/><D75/><U126/><E126/><V79/><F50/><W19/><G19/><T30/><D30/><U4/><AGARI ba="0,1" hai="4,5,7,12,15,22,26,29,40,46,49,63,65,71" machi="4" ten="30,2000,0" yaku="1,1,0,1,53,0" doraHai="34" doraHaiUra="48" who="1" fromWho="1" sc="250,-10,240,30,250,-5,250,-5" /><INIT seed="1,0,0,0,2,8" ten="240,270,245,245" oya="1" hai0="74,32,102,20,10,128,24,129,120,103,64,59,87" hai1="28,95,101,96,107,15,106,121,21,81,27,57,19" hai2="33,105,50,1,112,84,94,40,117,132,13,53,69" hai3="16,108,82,91,99,134,49,52,100,22,30,109,29" shuffle="mt19937ar,1ADAAC77,AA170588,C8545120,F129DED4,C44BEC39,A8148EC8,0ACC5F9C,FB3B663A"/><U65/><E121/><V97/><F1/><W43/><G43/><T70/><D74/><U88/><E81/><V113/><F117/><W26/><G134/><T23/><D70/><U4/><E4/><V89/><F33/><W3/><G3/><T118/><D118/><U54/><E65/><V12/><F69/><W14/><G82/><T7/><D120/><U44/><E44/><N who="2" m="25863" /><F132/><W41/><G41/><T58/><D87/><U127/><E127/><V37/><F37/><W17/><G91/><T92/><D32/><U104/><E57/><N who="0" m="21513" /><D64/><U31/><E54/><V114/><F53/><W80/><G80/><T60/><D60/><U133/><E133/><V2/><F2/><W77/><G77/><T46/><D46/><U67/><E67/><V110/><F110/><N who="3" m="42603" /><G52/><T123/><D123/><U122/><E122/><V79/><F79/><W126/><G126/><T86/><D103/><AGARI ba="0,0" hai="12,13,84,89,94,97,103,105,112,113,114" m="25863" machi="103" ten="30,3900,0" yaku="11,1,52,2" doraHai="8" who="2" fromWho="0" sc="240,-39,270,0,245,39,245,0" /><INIT seed="2,0,0,0,0,115" ten="201,270,284,245" oya="2" hai0="69,134,61,52,89,17,25,42,57,18,48,97,28" hai1="79,111,75,119,126,55,129,60,85,118,10,68,5" hai2="80,122,12,15,132,7,32,102,100,16,11,36,4" hai3="90,1,41,63,96,67,66,123,108,87,72,47,125" shuffle="mt19937ar,DAD845DB,E19F2ECF,E14CF377,AD07E257,69C6C385,7F18F908,B467AD09,F7F1604A"/><V44/><F122/><W121/><G72/><T51/><D134/><U58/><E75/><V93/><F32/><W33/><G33/><T103/><D42/><U120/><E120/><V109/><F132/><W92/><G1/><T124/><D124/><U98/><E126/><V13/><F109/><W46/><G108/><T105/><D89/><U27/><E111/><V101/><F80/><W135/><G135/><T49/><REACH who="0" step="1"/><D69/><REACH who="0" step="2"/><U127/><E68/><V14/><REACH who="2" step="1"/><F93/><REACH who="2" step="2"/><W6/><G125/><T59/><D59/><U54/><E58/><V86/><F86/><W56/><G123/><T22/><AGARI ba="0,2" hai="17,18,22,25,28,48,49,51,52,57,61,97,103,105" machi="22" ten="30,4000,0" yaku="1,1,0,1,54,1,53,0" doraHai="115" doraHaiUra="34" who="0" fromWho="0" sc="191,60,270,-10,274,-20,245,-10" /><INIT seed="3,0,0,2,0,42" ten="251,260,254,235" oya="3" hai0="59,71,2,130,126,20,77,97,121,82,63,36,7" hai1="92,55,40,60,103,28,120,41,67,110,49,78,34" hai2="70,72,13,95,96,18,3,75,113,25,112,131,100" hai3="33,80,37,66,105,79,85,74,127,135,87,129,124" shuffle="mt19937ar,4F794FB3,1E2294BD,2D4FF8E1,C4157757,7048995F,A5030D7E,8E590722,FE5E2EFB"/><W8/><G33/><T27/><D121/><U0/><E0/><V46/><F3/><W69/><G105/><T91/><D71/><U104/><E120/><V89/><F70/><W5/><G37/><T22/><D36/><U133/><E92/><V35/><F131/><W108/><G129/><T76/><D130/><U125/><E78/><V17/><F112/><W12/><G135/><T123/><D123/><U47/><E133/><V43/><F113/><W23/><G108/><T6/><D126/><N who="3" m="48169" /><G23/><T51/><D51/><U52/><E55/><V86/><F35/><W134/><G134/><T30/><D20/><U65/><E110/><V118/><F25/><W84/><G66/><T73/><D76/><U90/><E67/><V117/><F72/><W122/><G69/><T83/><D2/><U102/><E125/><V32/><F75/><W132/><G122/><T11/><D11/><U119/><E104/><V99/><F32/><W45/><G132/><T38/><D38/><U15/><E34/><V10/><F18/><W21/><G21/><T109/><D109/><U4/><E28/><V88/><F117/><W29/><G29/><T101/><D73/><U114/><E119/><V50/><F118/><W98/><G98/><T53/><D77/><U48/><E114/><V54/><F99/><W58/><G58/><T116/><D116/><U64/><E64/><V128/><F128/><W24/><G24/><T56/><D56/><U16/><E65/><V1/><F96/><W94/><G94/><N who="0" m="56543" /><D101/><U107/><E103/><V44/><F100/><W106/><G106/><T19/><D30/><RYUUKYOKU ba="0,0" sc="251,15,260,-15,254,-15,235,15" hai0="6,7,19,22,27,53,59,63,82,83" hai3="5,8,12,45,74,79,80,84,85,87" /><INIT seed="3,1,0,5,2,80" ten="266,245,239,250" oya="3" hai0="66,12,92,123,20,37,73,60,114,32,130,51,68" hai1="30,116,108,93,57,90,41,78,18,54,111,1,33" hai2="14,5,110,6,4,79,122,25,72,121,47,127,96" hai3="119,134,115,85,34,94,120,91,126,19,43,65,21" shuffle="mt19937ar,1C2FA3D8,A8F2F442,73396DD1,4011123C,04EB7F54,881C4B31,77D5BE36,472418C0"/><W38/><G120/><N who="2" m="46185" /><F110/><N who="1" m="42025" /><E116/><V81/><F127/><W16/><G34/><T24/><D37/><U133/><E133/><V50/><F25/><W86/><G115/><T36/><D36/><U61/><E1/><V40/><F96/><W48/><G119/><T112/><D73/><U22/><E78/><V131/><F131/><W76/><G38/><T59/><D130/><U55/><E41/><V83/><F83/><N who="3" m="47335" /><G134/><T107/><D107/><U29/><E54/><V64/><F64/><W3/><G3/><T129/><D129/><U75/><E75/><V58/><F58/><W11/><G126/><T128/><D128/><U17/><E33/><V8/><AGARI ba="1,0" hai="4,5,6,8,14,40,47,50,72,79,81" m="46185" machi="8" ten="30,1100,0" yaku="13,1" doraHai="80" who="2" fromWho="2" sc="266,-4,245,-4,239,14,250,-6" /><INIT seed="4,0,0,3,5,67" ten="262,241,253,244" oya="0" hai0="94,62,114,93,127,23,116,72,112,113,65,82,48" hai1="102,53,109,21,98,118,73,38,76,92,15,24,2" hai2="61,17,91,123,77,42,69,99,7,124,105,27,59" hai3="75,108,95,19,110,18,34,22,39,128,8,106,58" shuffle="mt19937ar,5940310D,B682F4CA,DD579B99,0772AD33,EDFDB282,905F0601,A750996A,9E72B620"/><T81/><D127/><U32/><E2/><V86/><F123/><W117/><G106/><T78/><D116/><U13/><E118/><V119/><F124/><W115/><G34/><T133/><D133/><U83/><E38/><V26/><F69/><W60/><G117/><T9/><D9/><U135/><E32/><V29/><F7/><W49/><G39/><T31/><D48/><U107/><E109/><V1/><F1/><W125/><G75/><T41/><D82/><U10/><E135/><V85/><F42/><W30/><G125/><T46/><D46/><U45/><E107/><V0/><F0/><W126/><G126/><T90/><D41/><U40/><E10/><V33/><F77/><W89/><G30/><T47/><D47/><U16/><REACH who="1" step="1"/><E40/><REACH who="1" step="2"/><V64/><F119/><W121/><G121/><T129/><D129/><U111/><E111/><V44/><F105/><W50/><G128/><T20/><D23/><U104/><E104/><V132/><F33/><W4/><G110/><T71/><D90/><U5/><E5/><V11/><F91/><W120/><G120/><T37/><D37/><U66/><E66/><V87/><F11/><W96/><G108/><T55/><D55/><U56/><E56/><V84/><F59/><W43/><G43/><T14/><D31/><U35/><E35/><V54/><F29/><W130/><G130/><T63/><D20/><U57/><E57/><V97/><F64/><N who="3" m="38935" /><G22/><T100/><D65/><U6/><E6/><V103/><F44/><W74/><G4/><T80/><D112/><U122/><E122/><V101/><F132/><RYUUKYOKU ba="0,1" sc="262,-10,231,30,253,-10,244,-10" hai1="13,15,16,21,24,45,53,73,76,83,92,98,102" /><INIT seed="5,1,1,4,4,93" ten="252,261,243,234" oya="1" hai0="31,61,40,13,0,26,134,79,99,65,96,46,7" hai1="59,39,11,87,70,30,37,104,133,102,32,28,89" hai2="112,54,43,41,118,6,109,68,2,127,63,128,5" hai3="83,15,80,45,25,123,3,114,126,60,90,4,110" shuffle="mt19937ar,899BA603,B25C2EBC,0C1CE70A,3291113F,4F4433E5,16A81054,76764E4C,989C8466"/><U122/><E70/><V97/><F109/><W115/><G110/><T91/><D134/><U9/><E122/><V130/><F118/><W103/><G123/><T117/><D117/><U24/><E133/><V113/><F127/><W52/><G126/><T72/><D91/><U49/><E30/><V47/><F2/><W78/><G3/><T33/><D13/><U36/><E102/><V120/><F120/><W84/><G103/><T86/><D86/><U22/><E104/><V124/><F124/><W107/><G107/><T121/><D121/><U95/><E32/><V12/><F97/><W50/><G25/><T129/><D129/><N who="2" m="49770" /><F12/><W1/><G1/><T106/><D106/><U48/><REACH who="1" step="1"/><E59/><REACH who="1" step="2"/><N who="2" m="35319" /><F68/><W75/><REACH who="3" step="1"/><G60/><REACH who="3" step="2"/><T94/><D61/><U81/><E81/><V35/><F35/><W82/><G82/><N who="0" m="45415" /><D94/><U73/><E73/><V57/><F113/><W55/><G55/><T111/><D111/><U66/><E66/><V135/><F112/><W34/><G34/><T98/><D65/><U29/><E29/><V56/><F135/><W20/><G20/><T62/><D62/><U16/><E16/><V131/><F131/><W88/><G88/><T53/><D53/><U51/><AGARI ba="1,3" hai="9,11,22,24,28,36,37,39,48,49,51,87,89,95" machi="51" ten="40,3900,0" yaku="1,1,0,1,53,0" doraHai="93" doraHaiUra="125" who="1" fromWho="1" sc="252,-14,251,72,243,-14,224,-14" owari="238,-1,323,32,229,-12,210,-19" /></mjloggm>