<mjloggm ver="2.3"><GO type="225"/><UN n0="%E3%83%81%E3%83%A3%E3%82%AA%E3%83%AA" n1="%E3%83%A0%E3%82%AF%E3%83%81%E3%83%A5%E3%83%B3" n2="%61%6E%62%79%33" n3="%E3%81%BF%E3%81%A3%E3%81%A4%E3%81%83%EF%BD%9E" dan="17,16,16,17" rate="2158,2047,2099,2141" sx="M,M,M,F"/><TAIKYOKU oya="0"/><INIT seed="0,0,0,5,0,89" ten="250,250,250,250" oya="0" hai0="40,130,37,74,80,49,85,87,108,57,39,45,135" hai1="36,7,106,86,113,134,101,4,71,91,132,126,127" hai2="103,10,43,14,124,1,32,2,34,9,41,76,96" hai3="115,114,92,111,95,79,58,24,88,94,13,122,28" shuffle="mt19937ar,230EFCC4,66152BE6,1B848B04,7BA457E0,7217E9EE,55044A78,FA4811C3,0ADC36FE"/><T23/><D135/><N who="1" m="51755" /><E71/><V18/><F76/><W52/><G114/><T25/><D130/><U119/><E36/><V133/><F133/><W102/><G115/><T121/><D121/><U46/><E46/><V75/><F75/><W50/><G122/><T99/><D108/><U17/><E17/><V47/><F124/><N who="1" m="47657" /><E113/><V112/><F112/><W35/><G111/><T60/><D99/><N who="1" m="61759" /><E119/><V78/><F18/><W93/><G102/><T83/><D39/><U16/><E16/><V12/><F103/><W109/><G109/><T8/><D37/><U69/><E69/><V65/><F47/><W116/><G116/><T107/><D8/><U123/><E123/><V100/><F100/><W61/><G13/><T21/><D45/><U29/><E29/><V84/><F12/><W77/><REACH who="3" step="1"/><G61/><REACH who="3" step="2"/><T51/><D60/><U62/><E62/><V19/><F14/><W98/><AGARI ba="0,1" hai="24,28,35,50,52,58,77,79,88,92,93,94,95,98" machi="98" ten="30,16000,3" yaku="1,1,2,1,0,1,52,4,54,2,53,1" doraHai="89" doraHaiUra="55" who="3" fromWho="3" sc="250,-80,250,-40,250,-40,240,170" /><INIT seed="1,0,0,4,0,75" ten="170,210,210,410" oya="1" hai0="30,115,126,14,55,118,47,42,129,7,31,82,95" hai1="35,128,6,102,100,33,36,86,3,101,124,28,94" hai2="53,67,134,107,25,104,92,93,83,15,48,96,41" hai3="116,5,0,112,16,69,103,56,117,44,62,21,1" shuffle="mt19937ar,91DE2330,29D1BFC7,438FEE27,0898E0A0,179BA5E0,CB216E58,5F28D129,8B118B14"/><U63/><E36/><V65/><F107/><W127/><G112/><T22/><D115/><U84/><E128/><V80/><F104/><W13/><G69/><T52/><D118/><N who="3" m="45673" /><G127/><T68/><D68/><U66/><E124/><V97/><F134/><W40/><G103/><T77/><D126/><U11/><E28/><V23/><F15/><W99/><G99/><T59/><D95/><U8/><E8/><V108/><F41/><W135/><G5/><T98/><D98/><U132/><E132/><V26/><F108/><W122/><G135/><T78/><D129/><U81/><E94/><V27/><F23/><W88/><G88/><T45/><D82/><N who="2" m="31274" /><F93/><W64/><G122/><T74/><D74/><U119/><E119/><V87/><F87/><W91/><G91/><T43/><D59/><U85/><REACH who="1" step="1"/><E81/><REACH who="1" step="2"/><V90/><F97/><W50/><AGARI ba="0,1" hai="0,1,13,16,21,40,44,50,56,62,64" m="45673" machi="50" ten="30,2000,0" yaku="12,1,54,1" doraHai="75" who="3" fromWho="3" sc="170,-5,200,-10,210,-5,410,30" /><INIT seed="2,0,0,0,4,47" ten="165,190,205,440" oya="2" hai0="51,35,59,37,82,73,133,56,86,108,114,68,89" hai1="103,34,113,122,101,109,52,72,87,84,46,76,32" hai2="24,75,107,42,38,63,30,1,6,31,53,134,97" hai3="43,28,4,17,120,70,36,60,128,5,66,54,12" shuffle="mt19937ar,F9DB277B,51F9AF60,390B0A01,822AF445,A141BABC,EDF0CEE8,D4149A96,5129FACD"/><V15/><F75/><W104/><G120/><T83/><D37/><U119/><E113/><V98/><F1/><W16/><G104/><T50/><D68/><U106/><E119/><V18/><F38/><W99/><G28/><T94/><D35/><U48/><E122/><V79/><F42/><W132/><G99/><T26/><D114/><U91/><E109/><V45/><F79/><W22/><G128/><T0/><D0/><U102/><E106/><V111/><F111/><W49/><G132/><T121/><D121/><U27/><E72/><V130/><F130/><W39/><G43/><T74/><D108/><U100/><N who="1" m="25600" /><DORA hai="8" /><U96/><E27/><V7/><F107/><W25/><G39/><T85/><D133/><U116/><E116/><V41/><F41/><W64/><G36/><T14/><D26/><U44/><E44/><V105/><F105/><W78/><G78/><T9/><D74/><U117/><E117/><V71/><F71/><W3/><G66/><T29/><D29/><U80/><REACH who="1" step="1"/><E96/><REACH who="1" step="2"/><N who="2" m="36971" /><F134/><W23/><G3/><T110/><D110/><U135/><E135/><V58/><F45/><AGARI ba="0,1" hai="4,5,12,16,17,22,23,25,45,49,54,60,64,70" machi="45" ten="30,7700,0" yaku="7,1,52,2,54,1" doraHai="47,8" who="3" fromWho="2" sc="165,0,180,0,205,-77,440,87" /><INIT seed="3,0,0,5,0,46" ten="165,180,128,527" oya="3" hai0="84,5,70,41,103,36,66,61,109,93,77,0,49" hai1="3,98,27,35,118,125,63,82,122,20,119,67,76" hai2="42,81,128,23,71,25,115,55,101,8,114,78,15" hai3="19,126,102,51,48,73,134,131,72,120,108,29,40" shuffle="mt19937ar,5F142A8D,99496A84,5FEEEB3C,97764C73,D0CAFF97,88487580,5FBC57A6,24B455BC"/><W24/><G120/><T4/><D36/><U117/><E122/><V104/><F71/><W52/><G19/><T58/><D109/><U11/><E35/><V106/><F128/><W47/><G131/><T17/><D17/><N who="1" m="12687" /><E98/><V9/><F42/><W45/><G108/><T54/><D41/><U38/><E38/><V69/><F69/><W113/><G113/><T80/><REACH who="0" step="1"/><D0/><REACH who="0" step="2"/><U6/><E125/><V121/><F121/><W32/><G126/><T39/><D39/><U43/><E43/><V13/><F114/><W135/><REACH who="3" step="1"/><G102/><REACH who="3" step="2"/><T12/><D12/><U96/><E117/><V132/><F115/><W14/><G14/><T10/><D10/><U86/><E118/><V21/><F13/><W129/><G129/><T97/><AGARI ba="0,2" hai="4,5,49,54,58,61,66,70,77,80,84,93,97,103" machi="97" ten="30,7900,0" yaku="1,1,0,1,52,1,53,1" doraHai="46" doraHaiUra="89" who="0" fromWho="0" sc="155,99,180,-20,128,-20,517,-39" owari="254,0,160,-19,108,-29,478,48" /></mjloggm>