<mjloggm ver="2.3"><GO type="225"/><UN n0="%E9%95%B7%E5%B2%A1%E5%A4%A7%E6%98%8E%E7%A5%9E" n1="%E8%80%81%E9%A6%AC" n2="%E3%83%80%E3%83%A0%E3%83%9E%E3%83%8B%E3%82%A2" n3="%E3%83%81%E3%83%A3%E3%82%AA%E3%83%AA" dan="16,16,16,17" rate="2066,2018,2142,2115" sx="F,M,M,M"/><TAIKYOKU oya="0"/><INIT seed="0,0,0,1,2,94" ten="250,250,250,250" oya="0" hai0="73,41,135,112,33,2,90,1,65,8,5,49,79" hai1="18,0,45,12,129,63,93,102,131,42,75,20,101" hai2="37,56,59,4,22,7,61,48,120,19,125,13,28" hai3="35,78,91,77,68,92,26,85,70,105,39,43,11" shuffle="mt19937ar,37AFDADB,9DDDC87D,43FBB057,8C0C974F,1929BFED,CCAD217A,96B417CC,7241556D"/><T121/><D112/><U106/><E106/><V66/><F37/><W23/><G35/><T103/><D121/><U130/><E0/><V50/><F120/><W47/><G105/><T134/><D33/><U3/><E3/><V62/><F125/><W83/><G11/><T6/><D65/><U46/><E75/><V64/><F28/><W76/><REACH who="3" step="1"/><G83/><REACH who="3" step="2"/><T14/><D8/><U53/><E131/><V81/><F81/><W17/><AGARI ba="0,1" hai="17,23,26,39,43,47,68,70,76,77,78,85,91,92" machi="17" ten="30,4000,0" yaku="1,1,2,1,0,1,53,0" doraHai="94" doraHaiUra="108" who="3" fromWho="3" sc="250,-20,250,-10,250,-10,240,50" /><INIT seed="1,0,0,3,0,75" ten="230,240,240,290" oya="1" hai0="85,63,102,5,18,7,51,27,87,58,117,93,38" hai1="71,116,74,43,119,1,13,73,113,9,121,98,26" hai2="10,69,16,65,50,40,97,34,101,118,134,33,42" hai3="103,17,36,46,21,32,45,0,129,56,109,20,91" shuffle="mt19937ar,361B8E3A,F4643009,60C2A745,D225DA98,8F693D2E,FBE28B49,C250A3BC,6D88EF1E"/><U37/><E121/><V89/><F118/><W59/><G32/><T52/><D38/><U84/><E113/><V135/><F89/><W105/><G0/><T106/><D117/><U124/><E71/><V54/><F65/><W8/><G109/><T86/><D106/><U78/><E1/><V3/><F69/><W81/><G129/><T25/><D51/><U19/><E124/><V23/><F33/><W68/><G68/><T4/><REACH who="0" step="1"/><D18/><REACH who="0" step="2"/><U53/><E119/><V39/><F39/><W79/><G17/><T111/><D111/><U55/><E116/><V126/><F126/><W70/><G105/><T128/><D128/><U90/><E37/><V82/><F16/><W110/><G36/><T66/><D66/><U47/><E19/><V83/><F50/><W123/><G110/><T48/><D48/><U127/><E127/><V41/><F10/><W76/><G8/><T29/><D29/><U49/><E9/><V130/><F130/><W122/><G122/><T28/><D28/><U22/><E49/><V15/><F135/><W92/><G123/><T131/><D131/><U61/><E26/><V120/><F134/><W114/><G114/><T11/><D11/><U104/><E104/><V115/><F120/><W44/><G44/><T64/><D64/><U14/><E47/><V67/><F67/><W35/><G46/><T80/><D80/><U96/><E43/><V132/><F83/><W24/><G81/><T94/><D94/><U72/><E55/><V100/><F40/><W99/><G45/><T62/><D62/><U2/><E53/><V60/><F41/><RYUUKYOKU ba="0,1" sc="220,30,240,-10,240,-10,290,-10" hai0="4,5,7,25,27,52,58,63,85,86,87,93,102" /><INIT seed="2,1,1,0,0,31" ten="250,230,230,280" oya="2" hai0="28,124,81,74,131,66,11,43,10,40,37,33,90" hai1="7,18,42,91,71,60,34,16,62,76,118,23,94" hai2="111,26,15,129,50,57,98,41,52,14,93,92,82" hai3="69,65,51,115,104,120,13,45,59,114,21,101,72" shuffle="mt19937ar,688341C1,3DCA7503,7853D80C,256C175F,BAFE1B54,8AA51F99,7D40A732,B80580A7"/><V30/><F129/><W75/><G69/><T39/><D124/><U55/><E118/><V119/><F119/><W24/><G13/><T32/><D131/><U87/><E34/><V2/><F2/><W103/><G120/><T107/><D107/><U113/><E113/><N who="3" m="43018" /><G59/><T80/><D28/><U54/><E7/><V97/><F41/><N who="3" m="25007" /><G65/><T89/><D66/><U20/><E42/><V100/><F111/><W56/><G56/><T133/><D133/><U68/><E76/><V44/><F57/><W61/><G61/><N who="1" m="23658" /><E71/><V47/><F44/><W95/><G104/><T78/><D78/><U125/><E125/><V35/><REACH who="2" step="1"/><F82/><REACH who="2" step="2"/><W132/><G132/><T134/><D134/><U130/><E130/><V5/><F5/><W105/><G105/><T4/><D4/><U38/><E68/><V77/><F77/><W96/><G103/><AGARI ba="1,2" hai="14,15,26,30,35,47,50,52,92,93,97,98,100,103" machi="103" ten="30,12000,1" yaku="1,1,7,1,9,1,52,1,54,1,53,0" doraHai="31" doraHaiUra="106" who="2" fromWho="3" sc="250,0,230,0,220,143,280,-123" /><INIT seed="2,2,0,4,1,134" ten="250,230,363,157" oya="2" hai0="21,86,122,92,36,6,70,31,54,22,119,125,135" hai1="127,131,7,9,16,53,41,115,34,103,64,25,76" hai2="57,80,46,69,49,98,114,71,58,1,30,99,59" hai3="48,100,82,117,11,26,87,106,38,83,77,133,51" shuffle="mt19937ar,3EE2BEE3,936A7666,D012AA3C,5A44004F,5FF891C1,388D8C3F,B93B6D6D,BB21EA9D"/><V107/><F1/><W4/><G38/><T40/><D70/><U23/><E115/><V104/><F114/><W15/><G117/><T105/><D105/><U50/><E41/><V43/><F30/><W3/><G133/><T88/><D135/><U121/><E131/><V10/><F10/><W123/><G123/><T29/><D122/><U120/><E76/><V109/><F80/><W35/><G83/><T13/><D119/><U93/><E64/><V112/><F112/><W63/><G63/><T96/><D40/><U89/><E103/><V60/><F109/><W116/><G116/><T28/><D36/><U52/><E34/><V68/><REACH who="2" step="1"/><F60/><REACH who="2" step="2"/><W74/><G3/><T27/><D31/><U32/><E121/><V95/><F95/><W5/><G106/><AGARI ba="2,1" hai="43,46,49,57,58,59,68,69,71,98,99,104,106,107" machi="106" ten="50,2400,0" yaku="1,1,53,0" doraHai="134" doraHaiUra="19" who="2" fromWho="3" sc="250,0,230,0,353,40,157,-30" /><INIT seed="2,3,0,2,1,40" ten="250,230,393,127" oya="2" hai0="13,7,42,96,21,133,112,72,63,17,45,57,67" hai1="35,99,20,24,56,39,66,125,5,54,98,85,110" hai2="121,4,61,95,30,92,117,113,8,26,12,9,43" hai3="68,15,131,129,127,0,114,29,107,6,31,16,118" shuffle="mt19937ar,9F3BB0AF,769BD2CF,0FBE5292,6FDAE010,98B899EA,D86362E2,9931E8A0,355005BB"/><V90/><F117/><W74/><G74/><T87/><D112/><U44/><E35/><V124/><F113/><W108/><G107/><T122/><D72/><U51/><E5/><V62/><F121/><W41/><G68/><T116/><D116/><U104/><E110/><V33/><F124/><W73/><G73/><T115/><D115/><U103/><E125/><V106/><F106/><W97/><G114/><T120/><D133/><U102/><E85/><V49/><F92/><W130/><G97/><T89/><D96/><U64/><E39/><V1/><F43/><W88/><G88/><T27/><D7/><U86/><E86/><V47/><F90/><W59/><G118/><T109/><D109/><U71/><E71/><V18/><F95/><W3/><G127/><T84/><D84/><U32/><E32/><V65/><F65/><W80/><G80/><T48/><REACH who="0" step="1"/><D27/><REACH who="0" step="2"/><U100/><E100/><V105/><F105/><W134/><G108/><T94/><AGARI ba="3,1" hai="13,17,21,42,45,48,57,63,67,87,89,94,120,122" machi="94" ten="20,12000,2" yaku="1,1,2,1,0,1,7,1,52,1,53,1" doraHai="40" doraHaiUra="81" who="0" fromWho="0" sc="240,139,230,-33,393,-63,127,-33" /><INIT seed="3,0,0,3,5,53" ten="379,197,330,94" oya="3" hai0="36,55,112,74,115,21,22,19,1,114,100,50,107" hai1="95,49,121,82,28,64,104,117,83,57,129,48,99" hai2="18,87,80,26,89,78,3,67,29,126,68,69,133" hai3="93,76,98,6,12,124,24,31,60,135,17,134,25" shuffle="mt19937ar,FBC9A1FE,93BDD1CE,BC1FF72C,CCE97D8B,4A9CC179,D789817B,B81F643A,07BADF06"/><W127/><G76/><T56/><D74/><U63/><E121/><V2/><F133/><N who="3" m="50699" /><G6/><T32/><D32/><U118/><E104/><V40/><F40/><W46/><G46/><T0/><D36/><U108/><E129/><V131/><F131/><W97/><G60/><T54/><D54/><U72/><E108/><V59/><F126/><N who="3" m="48171" /><G31/><T85/><D85/><U96/><E28/><V109/><F18/><W43/><G43/><T42/><D42/><U45/><E72/><V116/><F116/><W35/><G35/><T88/><D0/><U39/><E39/><V44/><F44/><W102/><G98/><N who="0" m="61847" /><D1/><U122/><E122/><V38/><F38/><W30/><G30/><T113/><D115/><U23/><E99/><V11/><F109/><W90/><G102/><T58/><D19/><U106/><E45/><V47/><F47/><W52/><G52/><N who="0" m="31767" /><D88/><U71/><E118/><V94/><F3/><W70/><G70/><T79/><D79/><U8/><E117/><V9/><F2/><W125/><N who="3" m="48179" /><W4/><DORA hai="65" /><G4/><T62/><AGARI ba="0,0" hai="21,22,55,58,62,112,113,114" m="31767,61847" machi="62" ten="30,7900,0" yaku="11,1,52,2,54,1" doraHai="53,65" who="0" fromWho="0" sc="379,79,197,-20,330,-20,94,-39" owari="458,45,177,-17,310,6,55,-34" /></mjloggm>