<mjloggm ver="2.3"><GO type="225"/><UN n0="%E3%83%9C%E3%83%84" n1="%E3%81%BF%E3%81%A3%E3%81%A4%E3%81%83%EF%BD%9E" n2="%E3%83%9B%E3%83%AA%E3%83%B1%E3%83%95%E3%83%9F%E3%82%AA" n3="%E3%81%BE%E3%82%8D%E3%81%B0%E3%81%97" dan="16,16,16,17" rate="2028,2155,2101,2108" sx="M,F,M,M"/><TAIKYOKU oya="0"/><INIT seed="0,0,0,5,3,23" ten="250,250,250,250" oya="0" hai0="127,35,14,43,10,74,45,37,59,34,88,24,95" hai1="123,38,30,62,1,102,90,72,63,108,107,20,66" hai2="12,101,103,69,50,94,97,48,2,68,100,36,67" hai3="26,57,4,92,109,132,56,75,47,71,133,104,131" shuffle="mt19937ar,EE810552,E25BD96D,D3F00171,C98C9202,9F04691A,4B959939,D691E693,21236A76"/><T81/><D127/><U17/><E1/><V77/><F36/><W116/><G104/><T84/><D59/><U83/><E38/><V7/><F2/><W16/><G116/><T58/><D58/><U110/><E30/><V6/><F77/><W54/><G71/><T42/><D42/><U91/><E123/><V33/><F33/><W85/><G75/><T5/><REACH who="0" step="1"/><D24/><REACH who="0" step="2"/><N who="1" m="14351" /><E110/><V96/><F69/><W13/><G109/><T80/><D80/><U78/><E108/><V120/><F68/><W113/><G57/><T44/><D44/><U134/><E83/><V121/><F67/><W130/><G47/><T9/><D9/><U46/><E66/><V21/><F121/><W51/><G26/><T25/><D25/><U93/><E46/><V105/><F120/><W73/><G56/><T82/><D82/><U61/><E61/><V27/><F27/><W112/><G54/><T52/><D52/><U8/><E8/><V117/><F117/><W122/><G122/><T31/><D31/><U18/><E63/><V41/><F41/><W55/><G55/><T114/><D114/><U28/><E62/><V60/><F60/><W126/><G113/><T76/><AGARI ba="0,1" hai="5,10,14,34,35,37,43,45,74,76,81,84,88,95" machi="76" ten="30,6000,0" yaku="1,1,0,1,54,1,53,0" doraHai="23" doraHaiUra="19" who="0" fromWho="0" sc="240,70,250,-20,250,-20,250,-20" /><INIT seed="0,1,0,2,0,114" ten="310,230,230,230" oya="0" hai0="127,107,44,48,91,99,29,78,117,83,42,23,80" hai1="11,88,128,38,27,131,64,111,39,17,51,65,86" hai2="120,9,119,121,132,54,133,25,43,112,79,55,90" hai3="104,72,134,92,16,101,8,5,4,130,7,110,28" shuffle="mt19937ar,7AAD7418,D8D740FF,3019DDE8,7FED82E1,4B59949B,61AB3965,B55DB42C,8D23F318"/><T81/><D127/><U98/><E98/><V50/><F112/><W60/><G72/><T2/><D2/><U63/><E51/><V82/><F90/><W95/><G110/><T94/><D107/><U1/><E111/><V45/><F9/><W73/><G73/><T106/><D106/><U125/><E125/><V76/><F25/><W53/><G28/><T61/><D61/><U116/><E116/><V70/><F70/><W46/><G130/><N who="1" m="49706" /><E1/><V12/><F12/><N who="3" m="7175" /><G104/><T33/><D33/><U122/><E122/><V21/><F21/><W59/><G101/><T19/><D117/><U135/><E135/><N who="2" m="51787" /><F119/><W69/><G134/><T126/><D29/><U105/><E105/><V22/><F22/><W109/><G109/><T97/><D126/><U6/><E6/><V96/><F121/><W113/><G113/><T37/><D37/><N who="1" m="13835" /><E63/><V3/><F3/><W75/><G75/><T36/><D36/><U77/><E77/><V31/><F79/><W108/><G108/><T85/><REACH who="0" step="1"/><D99/><REACH who="0" step="2"/><U47/><E65/><V71/><F96/><W57/><G60/><T32/><D32/><U35/><E64/><V15/><F120/><W124/><G124/><T13/><AGARI ba="1,1" hai="13,19,23,42,44,48,78,80,81,83,85,91,94,97" machi="13" ten="20,7800,0" yaku="1,1,0,1,7,1,8,1,53,0" doraHai="114" doraHaiUra="118" who="0" fromWho="0" sc="300,91,230,-27,230,-27,230,-27" /><INIT seed="0,2,0,4,3,103" ten="391,203,203,203" oya="0" hai0="70,46,100,4,92,59,118,125,39,68,47,110,78" hai1="69,21,60,23,48,75,119,17,90,57,80,131,61" hai2="58,126,37,40,114,88,5,3,134,73,113,18,30" hai3="49,94,27,34,29,133,96,28,8,51,6,129,14" shuffle="mt19937ar,8875840E,9AA2F37F,1326CDCD,13D99658,7852CDF6,EC4AA0EC,F33D2578,8286EA4A"/><T15/><D118/><U101/><E69/><V53/><F73/><W32/><G133/><T41/><D125/><U117/><E101/><V24/><F126/><W111/><G111/><T97/><D78/><U95/><E75/><V10/><F134/><W79/><G79/><T91/><D110/><U9/><E80/><V1/><F3/><W72/><G72/><T71/><D59/><U2/><E2/><V84/><F40/><W93/><G129/><T45/><D4/><U50/><E131/><V106/><F37/><W13/><G13/><T108/><D108/><U44/><E9/><V105/><F18/><W122/><G122/><T20/><D15/><U52/><E21/><V19/><F19/><W85/><G85/><T89/><D20/><U87/><E50/><V12/><F1/><W31/><G94/><T130/><D130/><U0/><E0/><V76/><F76/><W77/><G77/><T11/><D11/><U56/><E56/><V121/><F114/><W127/><G127/><T99/><D91/><U25/><REACH who="1" step="1"/><E61/><REACH who="1" step="2"/><V74/><F74/><W62/><G62/><T82/><D82/><U22/><E22/><V42/><F58/><W16/><G32/><T112/><D112/><U98/><E98/><V26/><F113/><W124/><G34/><T128/><D128/><U107/><E107/><V67/><F106/><W120/><G124/><T38/><D38/><U33/><E33/><V36/><F36/><W7/><G8/><T104/><AGARI ba="2,1" hai="39,41,45,46,47,68,70,71,89,92,97,99,100,104" machi="104" ten="30,3000,0" yaku="0,1,52,1" doraHai="103" who="0" fromWho="0" sc="391,46,193,-12,203,-12,203,-12" /><INIT seed="0,3,0,5,2,49" ten="437,181,191,191" oya="0" hai0="134,59,78,42,115,126,97,87,113,28,3,130,91" hai1="62,38,80,54,124,119,103,14,84,18,13,52,104" hai2="106,25,100,21,74,129,110,37,17,96,112,121,76" hai3="105,22,67,4,63,128,72,56,88,95,41,114,30" shuffle="mt19937ar,5068E613,E1466534,26E3471E,D00DF5C2,DC7B58B3,B3E33088,58508CFF,E10C12B8"/><T40/><D3/><U44/><E119/><V94/><F121/><W45/><G114/><T109/><D126/><U66/><E124/><V15/><F37/><W11/><G105/><T23/><D134/><U111/><E104/><V7/><F112/><W117/><G117/><T36/><D130/><U68/><E103/><V122/><F122/><W82/><G128/><T2/><D2/><U53/><E111/><V73/><F129/><W24/><G72/><T79/><D97/><U77/><REACH who="1" step="1"/><E18/><REACH who="1" step="2"/><V47/><F100/><W58/><G82/><N who="0" m="49655" /><D109/><U32/><E32/><V85/><F106/><W102/><G102/><T71/><D113/><U20/><E20/><V135/><F21/><W89/><G95/><T107/><D23/><U57/><E57/><V10/><F110/><W70/><G58/><T50/><D59/><U55/><N who="1" m="13312" /><DORA hai="9" /><U26/><E26/><V90/><F25/><W86/><G56/><T6/><D115/><U43/><AGARI ba="3,1" hai="13,14,38,43,44,62,66,68,77,80,84" m="13312" machi="43" ten="40,16000,3" yaku="1,1,0,1,52,6,54,1,53,1" doraHai="49,9" doraHaiUra="29,61" who="1" fromWho="1" sc="437,-83,171,179,191,-43,191,-43" /><INIT seed="1,0,0,3,1,25" ten="354,350,148,148" oya="1" hai0="57,70,100,94,5,12,121,86,73,68,10,88,15" hai1="123,76,59,111,1,37,126,118,0,19,125,127,17" hai2="116,21,72,108,32,98,40,101,24,91,6,133,128" hai3="79,64,80,114,43,103,61,107,69,81,89,122,41" shuffle="mt19937ar,0E1B4C6B,41A6F9A1,7DBB1FAA,990A3846,45C9B659,1D60BC1F,E1ECB943,CEADCFD5"/><U7/><E37/><V8/><F116/><W99/><G114/><T117/><D117/><U124/><E118/><V22/><F72/><W13/><G122/><T87/><D73/><U102/><E102/><V78/><F78/><W54/><G54/><T3/><D121/><U132/><E123/><V84/><F133/><W35/><G35/><T38/><D38/><U58/><E76/><V95/><F40/><W2/><G2/><N who="1" m="1130" /><E7/><V135/><F135/><W110/><G110/><T49/><D100/><U30/><E132/><V66/><F108/><W77/><G89/><T52/><D3/><U96/><E96/><V90/><F90/><W113/><G113/><T62/><D62/><U47/><E47/><V44/><F44/><W28/><G13/><T67/><D67/><U31/><E111/><V85/><F66/><W39/><G39/><T27/><D27/><U14/><E19/><V53/><F101/><W63/><G64/><T51/><D51/><U36/><E36/><V74/><F6/><W9/><G103/><T134/><D134/><U120/><E120/><V11/><F91/><W83/><G43/><T105/><D105/><U18/><E18/><V26/><F98/><W34/><G41/><T112/><D112/><U75/><E75/><V115/><F74/><W4/><G99/><T29/><D87/><U20/><N who="1" m="31744" /><DORA hai="42" /><U56/><AGARI ba="0,0" hai="14,17,20,30,31,56,58,59" m="31744,1130" machi="56" ten="70,12000,1" yaku="4,1,18,1,52,2" doraHai="25,42" who="1" fromWho="1" sc="354,-40,350,120,148,-40,148,-40" /><INIT seed="1,1,0,1,5,134" ten="314,470,108,108" oya="1" hai0="55,123,88,52,1,133,79,31,53,116,43,33,39" hai1="130,61,73,111,38,85,21,36,118,68,60,8,24" hai2="93,119,66,94,6,15,57,23,40,12,102,70,77" hai3="27,92,76,46,69,124,16,25,122,101,100,3,64" shuffle="mt19937ar,B57D06D3,FE818CF7,E40F62B9,1B2BC204,AA727360,609FE526,9C260BBD,D04D8174"/><U11/><E73/><V84/><F70/><W72/><G122/><T96/><D116/><U71/><E118/><V74/><F74/><W117/><G117/><T86/><D133/><U91/><E68/><V7/><F40/><W67/><G3/><T51/><D123/><U29/><E71/><V37/><F37/><W109/><G109/><T113/><D113/><U18/><E38/><V90/><F77/><W97/><G69/><T110/><D110/><U32/><E36/><V13/><F23/><W75/><G46/><T115/><D115/><U131/><E11/><V87/><F119/><W95/><G97/><T45/><D1/><U30/><E8/><V132/><F132/><W22/><G22/><T42/><D96/><U35/><E30/><V62/><F102/><W20/><G20/><T65/><D79/><U83/><E32/><V126/><F126/><W105/><G76/><T47/><D65/><U99/><E99/><V103/><F103/><W108/><G108/><T121/><D121/><U107/><E107/><V104/><F104/><W9/><G105/><T98/><D98/><U17/><E17/><V128/><F128/><N who="1" m="49193" /><E111/><V135/><F135/><W78/><G78/><T26/><REACH who="0" step="1"/><D43/><REACH who="0" step="2"/><U125/><E35/><V106/><F106/><W63/><G75/><T0/><D0/><U34/><E34/><V82/><F87/><W112/><G72/><T44/><D44/><U58/><E85/><V41/><F41/><W4/><G101/><T127/><D127/><U48/><E125/><V114/><F114/><W50/><G124/><T89/><D89/><U56/><E91/><RYUUKYOKU ba="1,1" sc="304,15,470,-15,108,15,108,-15" hai0="26,31,33,39,42,45,47,51,52,53,55,86,88" hai2="6,7,12,13,15,57,62,66,82,84,90,93,94" /><INIT seed="2,2,1,2,4,92" ten="319,455,123,93" oya="2" hai0="16,55,103,72,64,7,12,45,40,127,35,85,22" hai1="21,69,70,65,43,95,131,71,97,58,5,48,106" hai2="110,100,66,122,28,135,11,90,91,2,52,130,14" hai3="33,83,27,31,80,77,104,0,78,1,63,44,60" shuffle="mt19937ar,8FD2E5A2,ED65D895,C1FF546E,89856274,F5CD982E,2C53F6C9,D1AC9C1B,25626254"/><V87/><F122/><W8/><G104/><T118/><D72/><U89/><E5/><V50/><F2/><W49/><G80/><T34/><D127/><U10/><E10/><V114/><F114/><W88/><G78/><T61/><D118/><U129/><E21/><V18/><F135/><W62/><G8/><T101/><D55/><N who="1" m="32103" /><E43/><V126/><F126/><W56/><G56/><T115/><D115/><U4/><E4/><V134/><F134/><W32/><G32/><T54/><D54/><U53/><E53/><V93/><F110/><W75/><REACH who="3" step="1"/><G88/><REACH who="3" step="2"/><T24/><D35/><U119/><E106/><V107/><F91/><W59/><G59/><T125/><D34/><U124/><E124/><V3/><F107/><W82/><G82/><T46/><D125/><U117/><E65/><V105/><F66/><W98/><G98/><T41/><D64/><U84/><E84/><V51/><F87/><W23/><G23/><T116/><D85/><U128/><AGARI ba="2,2" hai="69,70,71,89,95,97,117,119,128,129,131" m="32103" machi="128" ten="40,2700,0" yaku="19,1,52,1" doraHai="92" who="1" fromWho="1" sc="319,-9,455,53,123,-15,83,-9" /><INIT seed="3,0,0,0,1,0" ten="310,508,108,74" oya="3" hai0="22,124,49,62,98,105,63,99,45,41,24,20,130" hai1="113,107,85,29,114,35,134,135,81,33,121,40,133" hai2="109,69,26,2,93,57,101,59,11,52,96,36,38" hai3="56,6,25,88,65,102,126,111,5,12,61,106,89" shuffle="mt19937ar,977055BE,F3BCC002,08E08D1B,0BD96F47,B4FD9B96,6FC48B8F,E866730F,013D4910"/><W7/><G126/><T118/><D118/><U66/><E107/><V67/><F69/><W1/><G1/><T90/><D124/><U125/><E125/><V10/><F109/><W104/><G111/><T71/><D130/><U46/><E66/><V51/><F36/><W100/><G106/><T76/><D76/><N who="1" m="46247" /><E121/><V18/><F38/><W30/><G12/><T95/><D105/><U117/><E117/><V8/><F2/><W14/><G14/><T15/><D71/><U64/><E64/><V110/><F110/><W87/><G104/><T53/><D99/><U28/><E28/><V21/><F67/><W112/><G112/><N who="1" m="43114" /><E29/><V73/><F73/><W94/><REACH who="3" step="1"/><G89/><REACH who="3" step="2"/><T83/><D15/><U129/><E129/><V27/><F27/><W97/><G97/><T32/><D98/><U115/><E115/><V92/><F92/><W74/><G74/><T55/><D95/><U70/><E70/><V108/><F108/><W44/><G44/><AGARI ba="0,1" hai="8,10,11,18,21,26,44,51,52,57,59,93,96,101" machi="44" ten="40,2600,0" yaku="8,1,54,1" doraHai="0" who="2" fromWho="3" sc="310,0,508,0,108,36,64,-26" owari="310,6,508,51,144,-21,38,-36" /></mjloggm>