<mjloggm ver="2.3"><GO type="225"/><UN n0="%E3%80%93%E3%81%84%E3%81%A1%E3%81%AF%E3%82%89%E3%80%93" n1="%62%61%6B%61%73%65" n2="%E3%81%9A%E3%81%86" n3="%E3%81%B6%E3%81%A3%E3%81%A8%E3%81%B3%E4%BE%8D" dan="16,16,16,16" rate="2048,2015,2016,2090" sx="M,F,M,M"/><TAIKYOKU oya="0"/><INIT seed="0,0,0,1,5,80" ten="250,250,250,250" oya="0" hai0="2,32,63,60,123,13,130,24,93,131,25,118,69" hai1="87,95,53,11,59,90,22,41,26,124,79,84,28" hai2="45,77,83,82,42,67,76,81,68,122,85,96,31" hai3="125,57,89,107,115,7,120,100,86,1,103,66,135" shuffle="mt19937ar,247B2E50,70A590BC,ED37849A,E8DAB89E,AF681E93,285541C5,CED7735D,403756A8"/><T0/><D118/><U30/><E124/><V97/><F122/><W73/><G115/><T132/><D69/><U106/><E106/><V37/><F31/><W129/><G73/><T56/><D123/><U21/><E41/><V117/><F117/><W38/><G38/><T116/><D116/><U14/><E30/><V27/><F27/><W99/><G103/><T33/><D93/><U4/><E22/><V72/><REACH who="2" step="1"/><F82/><REACH who="2" step="2"/><W50/><G120/><T49/><D25/><U5/><E5/><V94/><F94/><W88/><G7/><T51/><D24/><U46/><E79/><V110/><F110/><W55/><G125/><T58/><REACH who="0" step="1"/><D13/><REACH who="0" step="2"/><U48/><E46/><V74/><F74/><W18/><G1/><T104/><D104/><U20/><E20/><V75/><F75/><W126/><G126/><T119/><D119/><U78/><E78/><V29/><F29/><W16/><G107/><T35/><D35/><U91/><E91/><V23/><F23/><W17/><G17/><T15/><D15/><U121/><E121/><V12/><F12/><W47/><G16/><T65/><D65/><U19/><E19/><V70/><F70/><W112/><G18/><T128/><D128/><U133/><E28/><V54/><F54/><W111/><G129/><T61/><D61/><AGARI ba="0,2" hai="37,42,45,61,67,68,72,76,77,81,83,85,96,97" machi="61" ten="40,5200,0" yaku="1,1,52,1,53,1" doraHai="80" doraHaiUra="39" who="2" fromWho="0" sc="240,-52,250,0,240,72,250,0" /><INIT seed="1,0,0,3,3,56" ten="188,250,312,250" oya="1" hai0="78,58,88,27,125,15,95,129,127,108,91,102,96" hai1="6,38,49,84,55,5,44,46,1,120,17,131,45" hai2="122,98,128,19,77,28,29,90,110,130,72,30,118" hai3="132,63,48,33,10,112,2,69,76,61,31,26,18" shuffle="mt19937ar,89CCDD52,701E4E5A,37545253,1CE8B648,CCF8CA14,1B8B2C13,7324645D,D0793BD6"/><U57/><E120/><V37/><F122/><W43/><G112/><T23/><D129/><N who="2" m="49770" /><F118/><W62/><G76/><T124/><D108/><U25/><E38/><V93/><F110/><W71/><G132/><T59/><D78/><U80/><E1/><V107/><F37/><W109/><G109/><T135/><D15/><U60/><E131/><V70/><F107/><W36/><G36/><T126/><N who="0" m="31744" /><DORA hai="68" /><T12/><D12/><U103/><E103/><V111/><F70/><W99/><G18/><T119/><D119/><U11/><E49/><V7/><F7/><W75/><G75/><T115/><D135/><U89/><E11/><V86/><F72/><W9/><G9/><T83/><D115/><U67/><REACH who="1" step="1"/><E67/><REACH who="1" step="2"/><V13/><F111/><W82/><G10/><T81/><D102/><U40/><E40/><V34/><F34/><W22/><G33/><T116/><D116/><U54/><E54/><V87/><F77/><W50/><G2/><T53/><D53/><U64/><E64/><V121/><F121/><W114/><G43/><T4/><D4/><U16/><E16/><V94/><F19/><W20/><G114/><T65/><D65/><U14/><E14/><V133/><F13/><W66/><G66/><T117/><D117/><U105/><E105/><V101/><F133/><W100/><G71/><T106/><D106/><U0/><E0/><V3/><F3/><W113/><G69/><T52/><D52/><U39/><E39/><V97/><AGARI ba="0,1" hai="28,29,30,86,87,90,93,94,97,98,101" m="49770" machi="97" ten="40,1500,0" yaku="19,1" doraHai="56,68" who="2" fromWho="2" sc="188,-4,240,-7,312,25,250,-4" /><INIT seed="2,0,0,5,1,61" ten="184,233,337,246" oya="2" hai0="52,6,4,94,82,37,21,49,95,117,135,134,0" hai1="68,118,124,125,27,15,39,18,80,40,89,57,97" hai2="108,91,116,87,45,67,112,32,7,64,28,77,115" hai3="123,128,55,78,31,11,132,42,98,20,70,75,106" shuffle="mt19937ar,3C501527,02182081,53BF5BD7,78288E21,B9F42857,A0C5CF5C,20274675,EEEC3ECD"/><V33/><F116/><W47/><G123/><T100/><D37/><U120/><E68/><V16/><F108/><W104/><G70/><T51/><D117/><U99/><E118/><V58/><F7/><W109/><G55/><T113/><D113/><U79/><E27/><V83/><F112/><W23/><G109/><T92/><D100/><U122/><E57/><V25/><F115/><W121/><G11/><T66/><D82/><U86/><E39/><V56/><F33/><W3/><G3/><T114/><D114/><U110/><E40/><V8/><F56/><W5/><G5/><N who="0" m="2155" /><D0/><U119/><E119/><V14/><F58/><W71/><G71/><T111/><D111/><U38/><E38/><V17/><F17/><W96/><G106/><T46/><D21/><N who="1" m="11487" /><E110/><V74/><F45/><W126/><G47/><T88/><D51/><U54/><E54/><V72/><F72/><W81/><G42/><T26/><D26/><U29/><E29/><V30/><F28/><W65/><G31/><T24/><D24/><U44/><E44/><V69/><F69/><W107/><G107/><T48/><D48/><U50/><E50/><V130/><F130/><W13/><G128/><T53/><D53/><U2/><E2/><V59/><F59/><W90/><G104/><T63/><D88/><U19/><E19/><V41/><F41/><W133/><G90/><T60/><D60/><U34/><E34/><V10/><F8/><W105/><G105/><T76/><D76/><U22/><E79/><V35/><F35/><W103/><G78/><T73/><D73/><U1/><E1/><RYUUKYOKU ba="0,0" sc="184,15,233,-15,337,15,246,-15" hai0="46,49,52,63,66,92,94,95,134,135" hai2="10,14,16,25,30,32,64,67,74,77,83,87,91" /><INIT seed="2,1,0,4,2,87" ten="199,218,352,231" oya="2" hai0="20,106,39,34,49,31,100,72,119,79,95,50,127" hai1="84,115,133,21,46,118,65,116,37,76,75,0,44" hai2="85,45,117,63,16,15,47,14,7,5,35,11,82" hai3="130,8,125,101,26,56,103,129,6,23,1,41,135" shuffle="mt19937ar,37A8264B,63B9A46E,1360953E,F8F03770,B4FF658F,D00C7491,167DC534,1C26AA82"/><V58/><F117/><W77/><G135/><T97/><D39/><U104/><E104/><V38/><F35/><W111/><G111/><T19/><D119/><U88/><E115/><V71/><F71/><W93/><G125/><T40/><D127/><U113/><E113/><V86/><F38/><W131/><G77/><T13/><D106/><U69/><E0/><V32/><F32/><W114/><G114/><T108/><D108/><U110/><E110/><V51/><F85/><W92/><G41/><T29/><D34/><U27/><E133/><V96/><F96/><W67/><G67/><T10/><D72/><U122/><E122/><V102/><F102/><N who="3" m="38923" /><G56/><T98/><D79/><U57/><E69/><V89/><F51/><W36/><G36/><T134/><D134/><U33/><E33/><V94/><F82/><W83/><G83/><T132/><D98/><U59/><E76/><V120/><F120/><W105/><G105/><T55/><D132/><U68/><E75/><V109/><F109/><W60/><G60/><T99/><D99/><U17/><E68/><V28/><F28/><AGARI ba="1,0" hai="1,6,8,23,26,28,92,93,129,130,131" m="38923" machi="28" ten="30,1000,0" yaku="19,1" doraHai="87" who="3" fromWho="2" sc="199,0,218,0,352,-13,231,13" /><INIT seed="3,0,0,4,0,106" ten="199,218,339,244" oya="3" hai0="68,62,67,86,105,26,96,109,118,14,21,27,88" hai1="57,116,29,77,104,6,78,42,31,30,89,28,34" hai2="12,56,112,33,126,114,121,81,127,22,108,7,61" hai3="52,92,63,64,124,38,59,43,47,36,65,49,37" shuffle="mt19937ar,58A483DB,3EB76DB7,D630C5CD,8AE47A1A,38EB445C,53DC789A,16B02148,049CC9E9"/><W18/><G124/><N who="2" m="47657" /><F33/><W80/><G80/><T99/><D109/><U16/><E104/><V120/><F108/><W15/><REACH who="3" step="1"/><G92/><REACH who="3" step="2"/><T44/><D118/><U8/><E116/><V101/><F81/><W123/><G123/><T71/><D71/><U91/><E34/><V9/><F120/><W24/><G24/><T93/><D44/><U87/><E78/><V95/><F95/><W111/><G111/><T119/><D119/><U60/><E77/><V35/><F121/><W129/><G129/><T130/><D130/><U133/><E91/><V23/><F114/><W32/><G32/><T69/><D69/><U45/><E89/><V53/><F35/><W74/><G74/><T41/><D41/><U54/><E42/><V48/><F112/><W100/><G100/><T135/><D135/><U66/><E133/><V13/><F101/><W125/><G125/><T50/><D105/><U5/><E87/><V70/><F12/><W117/><G117/><T75/><D75/><U4/><N who="1" m="7168" /><DORA hai="110" /><U79/><E79/><V17/><F7/><W90/><G90/><T39/><D27/><U73/><E73/><V40/><F40/><W83/><G83/><T72/><D72/><U134/><E134/><V97/><F97/><W107/><G107/><T55/><D26/><U131/><E131/><V76/><F76/><W128/><G128/><T58/><D39/><U20/><E45/><N who="2" m="27791" /><F70/><W2/><G2/><T98/><D98/><U3/><E3/><V115/><F115/><W1/><G1/><T122/><D122/><U11/><E66/><AGARI ba="0,1" hai="9,13,17,22,23,56,61,66" m="27791,47657" machi="66" ten="30,1000,0" yaku="18,1" doraHai="106,110" who="2" fromWho="1" sc="199,0,218,-10,339,20,234,0" owari="199,-20,208,-14,359,36,234,-2" /></mjloggm>