<mjloggm ver="2.3"><GO type="225"/><UN n0="%23%37%34%E5%A4%A7%E6%B2%BB%E9%83%8E" n1="%E3%81%AA%E3%83%BC%E3%81%8B%E3%82%80" n2="%41%6D%41" n3="%E3%83%81%E3%83%A3%E3%82%AA%E3%83%AA" dan="16,16,16,17" rate="2063,2078,2037,2135" sx="M,M,M,M"/><TAIKYOKU oya="0"/><INIT seed="0,0,0,2,0,61" ten="250,250,250,250" oya="0" hai0="102,34,40,63,127,99,64,38,51,23,18,41,49" hai1="60,2,47,80,27,52,35,6,39,73,17,114,124" hai2="108,120,82,89,84,14,101,43,126,16,24,8,30" hai3="1,86,132,79,75,115,117,42,45,133,134,135,26" shuffle="mt19937ar,5F00AEE3,5A91977E,81887900,04B03C7D,A5637892,1C1FD832,6C72A8DA,FD55EE7A"/><T56/><D34/><U59/><E124/><V104/><F126/><W96/><G115/><T28/><D127/><U25/><E114/><V62/><F108/><W121/><G117/><T100/><D28/><U91/><E2/><V10/><F120/><W54/><G121/><T20/><D20/><U33/><E6/><V107/><F43/><N who="0" m="16458" /><D38/><U67/><E39/><V125/><F125/><W95/><G1/><T87/><D87/><N who="1" m="50663" /><E73/><V130/><F130/><W123/><G123/><T90/><D90/><U83/><E33/><V128/><F128/><W94/><G75/><T9/><D9/><U131/><E131/><V5/><F101/><N who="0" m="39018" /><D99/><U3/><E3/><V44/><F62/><W55/><G26/><AGARI ba="0,0" hai="18,23,26,49,51,56,63,64" m="39018,16458" machi="26" ten="30,2900,0" yaku="8,1,52,1" doraHai="61" who="0" fromWho="3" sc="250,29,250,0,250,0,250,-29" /><INIT seed="0,1,0,5,0,4" ten="279,250,250,221" oya="0" hai0="109,94,88,93,123,17,96,15,18,14,24,110,60" hai1="16,40,122,125,62,101,36,43,128,58,126,39,48" hai2="52,82,102,26,29,115,65,23,2,21,38,70,107" hai3="134,69,51,135,57,7,3,32,98,59,85,106,35" shuffle="mt19937ar,3AFD2C5D,E595748F,C3A9B47F,79E177E0,7CFFDEF9,CF9B31D0,26F79B9B,D1C8023E"/><T77/><D123/><U63/><E101/><V92/><F115/><W61/><G69/><T100/><D77/><U25/><E25/><V47/><F2/><W5/><G85/><T41/><D41/><U103/><E103/><V22/><F107/><W30/><G106/><T71/><D71/><U113/><E16/><N who="0" m="6249" /><D24/><U76/><E76/><V50/><F38/><W129/><G98/><N who="0" m="59479" /><D60/><U66/><E122/><V89/><F70/><W78/><G78/><T64/><D64/><U111/><E113/><V79/><F102/><W114/><G114/><T73/><D73/><U120/><E120/><V121/><F65/><W105/><G105/><T91/><D91/><U119/><E119/><V55/><F55/><W27/><G35/><T42/><D42/><U8/><E66/><V86/><REACH who="2" step="1"/><F121/><REACH who="2" step="2"/><W131/><G3/><T83/><D83/><U33/><E39/><V130/><F130/><W13/><G131/><T72/><D72/><AGARI ba="1,1" hai="21,22,23,26,29,47,50,52,72,79,82,86,89,92" machi="72" ten="30,3900,0" yaku="1,1,7,1,54,1,53,0" doraHai="4" doraHaiUra="116" who="2" fromWho="0" sc="279,-42,250,0,240,52,221,0" /><INIT seed="1,0,0,0,0,52" ten="237,250,292,221" oya="1" hai0="38,76,96,80,47,20,89,0,95,51,27,99,102" hai1="113,8,36,29,110,90,131,66,59,129,68,128,73" hai2="106,98,40,14,124,64,92,18,67,100,23,86,108" hai3="71,35,81,60,49,6,32,87,107,33,2,53,46" shuffle="mt19937ar,EBA33E17,7891BB68,F6585677,31974D01,E648D139,562950B0,A64A3B02,16D8E12B"/><U22/><E36/><V82/><F108/><W55/><G107/><T12/><D0/><U118/><E73/><V130/><F130/><W125/><G125/><T42/><D12/><U37/><E37/><V17/><F124/><W91/><G71/><T97/><D38/><U50/><E118/><V133/><F133/><W21/><G21/><T9/><D9/><U120/><E113/><V19/><F40/><W24/><G2/><T117/><D117/><U132/><E120/><V135/><F106/><W5/><REACH who="3" step="1"/><G24/><REACH who="3" step="2"/><T13/><D13/><U101/><E68/><V28/><F135/><W79/><G79/><T75/><REACH who="0" step="1"/><D102/><REACH who="0" step="2"/><U44/><E132/><V30/><F14/><W63/><G63/><T26/><D26/><U122/><E122/><V11/><F11/><W112/><G112/><T15/><D15/><U10/><E110/><V119/><F119/><W84/><G84/><T114/><D114/><U31/><E128/><V1/><F1/><W111/><G111/><T103/><D103/><U105/><E131/><V77/><F23/><W7/><G7/><T61/><D61/><U34/><E129/><V48/><F100/><W126/><G126/><T70/><D70/><U123/><E105/><V104/><F104/><W88/><G88/><T43/><D43/><U127/><E123/><V93/><F86/><W94/><G94/><T65/><D65/><U74/><E74/><V16/><F93/><W78/><G78/><T45/><D45/><U58/><E127/><V109/><F92/><W62/><G62/><T116/><D116/><U54/><E34/><V57/><F67/><RYUUKYOKU type="nm" ba="0,2" sc="227,-40,250,120,292,-40,211,-40" hai0="20,27,42,47,51,75,76,80,89,95,96,97,99" hai3="5,6,32,33,35,46,49,53,55,60,81,87,91" /><INIT seed="2,1,2,3,2,12" ten="187,370,252,171" oya="2" hai0="107,62,94,133,49,105,64,132,47,4,23,72,46" hai1="35,92,60,116,26,97,113,91,22,127,74,106,114" hai2="11,98,108,0,75,8,83,15,111,3,77,28,86" hai3="112,128,42,125,67,109,99,51,1,18,56,40,5" shuffle="mt19937ar,C2F45E0C,E5DA0B85,9F9DD607,2E966ED6,3E0B9106,616B8D71,61761C88,B363F44A"/><V36/><F28/><W21/><G109/><N who="2" m="42057" /><F36/><W17/><G125/><T27/><D72/><U66/><E74/><V121/><F121/><W59/><G128/><T101/><D4/><U14/><E116/><V48/><F98/><W78/><G112/><T33/><D33/><U115/><E127/><V95/><F48/><W88/><G78/><T89/><D105/><U80/><E106/><V104/><F104/><W79/><G79/><T68/><D101/><U29/><E80/><N who="2" m="45119" /><F95/><N who="3" m="56807" /><G1/><N who="2" m="585" /><F15/><W126/><G126/><T43/><D107/><U45/><E45/><V135/><F135/><W70/><G70/><T25/><D46/><U123/><E123/><V54/><F54/><N who="3" m="31839" /><G21/><T38/><D38/><U16/><E115/><V65/><F65/><W53/><G67/><T96/><REACH who="0" step="1"/><D27/><REACH who="0" step="2"/><U63/><E114/><V24/><F24/><W13/><G13/><T129/><D129/><U93/><E113/><V9/><F9/><W41/><G5/><T71/><D71/><U61/><E66/><V57/><F57/><W32/><G32/><T39/><D39/><U131/><E131/><V100/><F100/><W55/><G59/><T102/><D102/><U76/><E76/><AGARI ba="1,3" hai="8,11,76,83,86" m="585,45119,42057" machi="76" ten="30,2900,0" yaku="14,1,10,1" doraHai="12" who="2" fromWho="1" sc="177,0,370,-32,252,62,171,0" /><INIT seed="2,2,0,2,1,52" ten="177,338,314,171" oya="2" hai0="13,4,74,124,93,55,84,68,95,58,66,56,79" hai1="75,0,117,22,18,85,14,81,91,80,1,62,107" hai2="6,5,24,42,53,34,105,12,10,28,122,49,44" hai3="128,37,92,8,15,38,134,116,54,2,16,96,99" shuffle="mt19937ar,9C24C5D8,403C5CD5,66FEB1EA,8FF300C6,CF4CC049,B39B2543,B05233D3,0E28B111"/><V131/><F122/><W46/><G116/><T119/><D74/><U135/><E107/><V111/><F105/><W97/><G134/><T88/><D68/><U87/><E117/><V60/><F131/><W113/><G128/><T65/><D119/><U115/><E75/><V133/><F133/><W26/><G113/><T106/><D106/><U94/><E135/><V57/><REACH who="2" step="1"/><F111/><REACH who="2" step="2"/><W17/><G38/><T47/><D124/><U127/><E127/><V7/><AGARI ba="2,1" hai="5,6,7,10,12,24,28,34,42,44,49,53,57,60" machi="7" ten="20,12000,1" yaku="1,1,2,1,0,1,7,1,52,1,53,0" doraHai="52" doraHaiUra="19" who="2" fromWho="2" sc="177,-42,338,-42,304,136,171,-42" /><INIT seed="2,3,0,0,2,108" ten="135,296,440,129" oya="2" hai0="62,47,105,112,23,32,91,104,55,126,75,6,46" hai1="8,22,90,92,7,117,85,35,87,31,43,4,14" hai2="3,111,18,61,96,71,129,56,25,93,88,89,0" hai3="73,27,53,124,94,101,26,72,106,86,38,114,107" shuffle="mt19937ar,92232837,E671CD58,127C8A5E,12B741A8,5C6F34C0,E7948F30,D49DA9CF,61FC8280"/><V10/><F129/><W57/><G38/><T133/><D32/><U83/><E117/><V30/><F71/><W74/><G124/><T40/><D126/><U41/><E35/><V82/><F111/><W127/><G127/><T130/><D130/><U109/><E109/><V33/><F18/><W42/><G42/><T76/><D133/><U116/><E116/><V115/><F115/><W81/><G114/><T120/><D120/><U67/><E67/><V9/><F3/><W15/><G15/><T17/><D6/><U64/><E64/><V134/><F0/><W20/><G94/><T110/><D110/><U70/><E70/><V97/><F134/><W69/><G69/><T113/><D91/><U16/><E31/><V5/><F5/><W13/><G13/><T11/><D11/><U45/><E22/><V80/><F80/><W100/><G100/><T135/><D135/><U79/><E43/><V44/><F44/><W21/><G21/><T49/><D76/><U122/><E122/><V119/><F119/><W131/><G131/><T95/><D75/><U24/><E24/><V1/><F1/><W99/><G107/><N who="0" m="41035" /><D95/><U78/><E79/><V65/><F82/><W52/><G57/><N who="0" m="35135" /><D46/><U58/><E58/><V59/><F59/><W37/><G37/><AGARI ba="3,0" hai="4,7,8,14,16,37,41,45,78,83,85,87,90,92" machi="37" ten="30,2000,0" yaku="7,1,54,1" doraHai="108" who="1" fromWho="3" sc="135,0,296,29,440,0,129,-29" /><INIT seed="3,0,0,4,1,111" ten="135,325,440,100" oya="3" hai0="3,22,45,81,110,33,11,14,125,133,126,72,87" hai1="123,84,76,77,113,56,78,21,75,116,60,19,24" hai2="0,27,42,109,10,36,74,26,91,95,13,122,2" hai3="4,119,1,127,108,54,40,39,12,8,49,46,64" shuffle="mt19937ar,44D336DB,9689E9EA,9B6CAA91,5C55362A,14DD733C,98FBCE16,11AC9F25,018B4BED"/><W34/><G119/><T59/><D33/><U30/><E123/><V115/><F115/><W128/><G108/><T85/><D110/><U135/><E75/><V101/><F109/><W71/><G34/><T99/><D3/><U16/><E135/><V89/><F2/><W43/><G127/><N who="0" m="48651" /><D133/><U51/><E113/><V47/><F122/><W120/><G120/><T80/><D45/><U124/><E124/><V134/><F134/><W102/><G128/><T79/><D99/><U86/><E51/><V118/><F0/><W35/><G35/><T121/><D121/><U65/><E116/><V66/><F74/><W44/><G102/><T50/><D22/><U131/><E131/><V53/><F66/><W90/><G90/><T37/><D37/><U63/><E60/><V6/><F53/><W97/><G97/><T5/><D81/><U23/><E30/><V132/><F132/><W32/><G32/><T38/><D38/><U48/><E48/><V112/><F91/><W129/><G129/><T83/><D83/><U28/><E28/><V57/><F112/><W92/><G92/><T70/><D70/><U104/><E104/><V73/><F73/><W58/><G1/><T17/><D5/><U107/><E107/><V41/><F27/><AGARI ba="0,0" hai="16,19,21,23,24,27,56,63,65,76,77,78,84,86" machi="27" ten="40,5200,0" yaku="9,1,8,1,54,1" doraHai="111" who="1" fromWho="2" sc="135,0,325,52,440,-52,100,0" owari="135,-21,377,13,388,38,100,-30" /></mjloggm>