<mjloggm ver="2.3"><GO type="185"/><UN n0="%E6%84%9F%E8%AC%9D%E3%81%A7%E3%81%99" n1="%E3%80%93%E3%81%84%E3%81%A1%E3%81%AF%E3%82%89%E3%80%93" n2="%E3%81%A8%E3%81%84%E3%81%A4%E3%81%BE%E3%81%99%E3%81%9F%E3%81%81%E2%99%AA" n3="" dan="17,18,16,0" rate="2214,2249,2130,1500" sx="M,M,M,C"/><TAIKYOKU oya="0"/><INIT seed="0,0,0,0,3,48" ten="350,350,350,0" oya="0" hai0="87,105,58,108,49,60,36,132,76,129,73,94,43" hai1="86,1,82,74,65,85,112,50,67,79,116,114,75" hai2="130,93,72,59,81,113,123,100,46,55,71,133,47" hai3="" shuffle="mt19937ar,A9E48975,3FA00414,378CC7BE,189360F4,4812E0BE,E77F4542,96AC9282,7AF05E63"/><T66/><D105/><U84/><E1/><V38/><N who="2" m="31520" /><V63/><F113/><T91/><D36/><U40/><E116/><V77/><F133/><T117/><D117/><U115/><E75/><V102/><F130/><T52/><D132/><U92/><E92/><V3/><F3/><T51/><D129/><U2/><E2/><V89/><F71/><T34/><D34/><U78/><E79/><V118/><F118/><T88/><D108/><U42/><REACH who="1" step="1"/><E50/><REACH who="1" step="2"/><V135/><F135/><T103/><D73/><U32/><E32/><V122/><N who="2" m="31264" /><V41/><REACH who="2" step="1"/><F47/><REACH who="2" step="2"/><T98/><D76/><U64/><AGARI ba="0,2" hai="40,42,64,65,67,74,78,82,84,85,86,112,114,115" machi="64" ten="40,12000,3" yaku="1,1,0,1,29,2,11,1,53,3" doraHai="48" doraHaiUra="62" who="1" fromWho="1" sc="350,-80,340,140,340,-40,0,0" /><INIT seed="1,0,0,5,0,111" ten="270,480,300,0" oya="1" hai0="70,115,56,39,92,52,101,37,38,3,51,46,82" hai1="66,50,45,84,65,83,68,94,74,77,121,35,95" hai2="55,54,102,93,110,78,72,49,42,128,127,120,134" hai3="" shuffle="mt19937ar,DA330B2A,C5908E56,AEF8DFAF,D66541AE,77A6B279,117DF675,D9A2FA58,995CFBFE"/><U61/><N who="1" m="31008" /><U98/><E35/><V112/><N who="2" m="30752" /><V1/><F1/><T41/><D3/><U89/><E66/><V64/><F110/><T97/><D82/><U135/><E135/><V124/><F64/><T75/><D75/><U0/><E0/><V100/><F134/><T107/><D115/><U132/><E132/><V36/><F128/><T63/><REACH who="0" step="1"/><D107/><REACH who="0" step="2"/><U60/><E60/><V126/><F112/><T43/><D43/><U122/><N who="1" m="31264" /><U73/><REACH who="1" step="1"/><E95/><REACH who="1" step="2"/><V103/><F93/><T131/><D131/><U67/><E67/><AGARI ba="0,2" hai="37,38,39,41,46,51,52,56,63,67,70,92,97,101" machi="67" ten="40,8000,1" yaku="1,1,24,2,54,1,53,1" doraHai="111" doraHaiUra="59" who="0" fromWho="1" sc="260,100,470,-80,300,0,0,0" /><INIT seed="2,0,0,2,3,95" ten="360,390,300,0" oya="2" hai0="51,123,91,54,116,130,81,50,39,113,99,100,124" hai1="84,75,104,90,3,107,85,2,34,135,63,115,118" hai2="133,98,52,129,56,125,53,69,78,61,70,59,45" hai3="" shuffle="mt19937ar,FA47677C,B4EE94EB,B13198B6,757D69B1,A85ECCB9,D3D0913C,00E63C91,6F935E9C"/><V96/><F125/><T87/><N who="0" m="31520" /><T46/><D124/><U74/><E34/><V109/><F133/><T131/><D116/><U76/><E118/><V49/><F129/><N who="0" m="49162" /><D113/><U55/><E135/><V121/><N who="2" m="31008" /><V73/><F109/><T103/><D39/><U60/><E76/><V64/><F78/><T36/><D36/><U41/><E41/><V117/><F73/><T122/><N who="0" m="31264" /><T108/><D108/><U67/><E67/><V35/><F35/><T132/><D132/><U88/><REACH who="1" step="1"/><E55/><REACH who="1" step="2"/><V44/><F117/><T89/><D51/><U58/><E58/><V97/><REACH who="2" step="1"/><F70/><REACH who="2" step="2"/><T79/><D79/><U82/><E82/><V101/><F101/><T86/><D103/><U114/><AGARI ba="0,2" hai="2,3,60,63,74,75,84,85,88,90,104,107,114,115" machi="114" ten="25,9000,2" yaku="1,1,0,1,22,2,54,1,53,2" doraHai="95" doraHaiUra="106" who="1" fromWho="1" sc="360,-30,380,110,290,-60,0,0" /><INIT seed="4,0,0,5,0,83" ten="330,490,230,0" oya="0" hai0="116,82,73,124,71,49,63,56,100,34,42,86,68" hai1="59,108,102,109,127,92,0,91,79,118,106,101,36" hai2="78,32,62,44,115,41,122,107,131,72,55,43,93" hai3="" shuffle="mt19937ar,DDE243AA,105DDAC7,4BD12D66,59830D9A,1F322E97,95A52589,4464C570,6FC64FCA"/><T97/><D34/><U119/><E36/><V66/><N who="2" m="31264" /><V39/><F107/><T64/><D73/><U114/><E59/><V3/><F3/><T70/><D116/><U65/><E65/><V89/><F32/><T77/><D124/><U113/><E0/><V50/><F131/><T51/><REACH who="0" step="1"/><D42/><REACH who="0" step="2"/><U46/><E127/><V104/><F115/><T98/><D98/><U75/><E75/><V47/><F72/><T87/><D87/><U33/><E33/><V76/><F104/><AGARI ba="0,1" hai="49,51,56,63,64,68,70,71,77,82,86,97,100,104" machi="104" ten="40,3900,0" yaku="1,1,52,1,53,0" doraHai="83" doraHaiUra="135" who="0" fromWho="2" sc="320,49,490,0,230,-39,0,0" /><INIT seed="4,1,0,4,5,90" ten="369,490,191,0" oya="0" hai0="70,51,113,39,114,119,128,0,83,40,1,34,45" hai1="116,129,112,89,92,64,94,67,87,123,100,61,42" hai2="133,36,2,63,41,52,60,125,3,84,104,76,57" hai3="" shuffle="mt19937ar,0D24CBBC,5C36A5BE,E9695143,604CEECB,49FFB4A6,62FFCC76,7606D4B9,497857BB"/><T68/><D34/><U65/><N who="1" m="31520" /><U105/><E116/><V75/><F104/><T109/><D119/><U99/><E129/><V97/><F125/><T50/><D128/><U35/><E35/><V96/><F133/><T77/><D109/><U71/><E112/><N who="0" m="43113" /><D51/><U115/><E115/><V91/><F76/><T58/><D58/><U32/><E32/><V82/><F75/><T56/><D56/><U44/><REACH who="1" step="1"/><E105/><REACH who="1" step="2"/><V47/><REACH who="2" step="1"/><F63/><REACH who="2" step="2"/><T81/><D1/><AGARI ba="1,2" hai="1,2,3,36,41,47,52,57,60,82,84,91,96,97" machi="1" ten="40,5200,0" yaku="1,1,2,1,54,1,53,0" doraHai="90" doraHaiUra="135" who="2" fromWho="0" sc="369,-54,480,0,181,74,0,0" /><INIT seed="5,0,0,0,4,39" ten="315,480,255,0" oya="1" hai0="70,96,41,100,107,113,32,65,66,53,83,93,0" hai1="131,98,128,69,111,3,68,92,52,74,106,110,63" hai2="54,59,119,105,127,58,33,81,78,87,125,60,46" hai3="" shuffle="mt19937ar,2B617061,7D65B474,6679105F,095BF049,EFDDC440,53AEF948,87065095,3E163161"/><U109/><E3/><V103/><F33/><T43/><D0/><U86/><E106/><V62/><F119/><T130/><D32/><U124/><E74/><V35/><F35/><T34/><D34/><U44/><E86/><V133/><F133/><T76/><D130/><N who="1" m="49707" /><E124/><N who="2" m="47691" /><F46/><T112/><D53/><U64/><E44/><V50/><F59/><T116/><D107/><U97/><E52/><V126/><N who="2" m="47699" /><V67/><DORA hai="104" /><F67/><N who="0" m="25610" /><D70/><N who="1" m="27243" /><E92/><V108/><F108/><T135/><D116/><U56/><AGARI ba="0,0" hai="56,63,64,97,98,109,110,111" m="27243,49707" machi="56" ten="40,2600,0" yaku="10,1,19,1" doraHai="39,104" who="1" fromWho="1" sc="315,-13,480,26,255,-13,0,0" /><INIT seed="5,1,0,0,0,34" ten="302,506,242,0" oya="1" hai0="64,113,91,128,109,100,120,112,130,118,95,70,63" hai1="80,69,35,101,106,59,52,45,122,47,49,133,74" hai2="92,135,66,132,119,99,87,134,76,131,56,50,94" hai3="" shuffle="mt19937ar,AB1E20BB,8526F368,C411B54E,D79FF153,4C35F0BD,055164A8,783FE143,BB5B470B"/><U65/><N who="1" m="31264" /><U38/><E35/><V98/><F119/><T105/><N who="0" m="30752" /><T81/><D109/><U58/><E133/><V102/><F131/><N who="0" m="50218" /><D118/><U111/><E111/><V104/><F66/><T48/><D81/><U124/><E101/><V88/><F56/><T116/><D116/><U57/><E106/><V42/><F50/><T32/><D32/><U103/><E103/><V46/><F46/><T96/><D48/><U77/><E47/><V3/><F42/><T61/><D61/><U97/><E97/><AGARI ba="1,0" hai="63,64,70,91,95,96,97,100,105,112,113" m="50218,30752" machi="97" ten="30,2000,0" yaku="19,1,52,1" doraHai="34" who="0" fromWho="1" sc="302,22,506,-22,242,0,0,0" /><INIT seed="6,0,0,1,2,54" ten="324,484,242,0" oya="2" hai0="58,43,120,76,90,95,117,56,1,115,125,118,116" hai1="36,92,133,32,77,39,40,79,38,126,71,78,96" hai2="135,59,3,63,2,131,48,49,129,61,107,98,88" hai3="" shuffle="mt19937ar,EF201FF3,00233719,28D0E12A,F04FD3C4,994AEBEC,5A257905,0E3C54AB,51004314"/><V112/><F112/><T93/><N who="0" m="30752" /><T128/><D1/><U91/><E32/><V122/><N who="2" m="31264" /><V111/><F135/><T83/><D115/><U50/><E71/><V108/><F107/><T0/><D0/><U55/><E126/><V121/><N who="2" m="31008" /><V70/><F70/><T53/><D125/><U60/><E60/><V82/><F2/><T72/><D128/><N who="2" m="49226" /><F3/><T104/><D104/><U105/><E105/><V94/><F82/><T127/><D127/><U86/><E133/><V119/><F63/><T132/><D132/><U47/><REACH who="1" step="1"/><E96/><REACH who="1" step="2"/><V89/><F119/><T85/><D43/><AGARI ba="0,1" hai="36,38,39,40,43,47,50,55,77,78,79,86,91,92" machi="43" ten="50,3200,0" yaku="1,1,2,1,53,0" doraHai="54" doraHaiUra="130" who="1" fromWho="0" sc="324,-32,474,42,242,0,0,0" owari="292,-11,516,47,242,-36,0,0" /></mjloggm>