<mjloggm ver="2.3"><GO type="225"/><UN n0="%EF%BC%88%EF%BC%8A%EF%BC%9E%EF%BC%9C%EF%BC%89" n1="%E6%A1%9C%E8%8A%B1%E9%96%83%E3%80%85" n2="%4E%6F%2E%32" n3="%E3%81%93%E3%82%93%E3%81%AB%E3%81%A1%E3%81%AF%E6%97%A5%E6%9B%9C%E6%97%A5" dan="17,16,16,16" rate="2172,2037,2087,2005" sx="F,M,M,M"/><TAIKYOKU oya="0"/><INIT seed="0,0,0,3,3,93" ten="250,250,250,250" oya="0" hai0="46,117,35,34,40,120,94,115,36,14,126,103,97" hai1="54,89,83,23,130,106,105,41,84,47,53,132,18" hai2="63,99,73,75,0,32,135,100,133,44,88,21,45" hai3="110,134,98,111,1,38,28,72,7,43,91,69,123" shuffle="mt19937ar,F0AF9BF4,5D4CF0FD,1AEA248F,D62D45DF,C2A841C2,91291696,9EC6F84A,50D9F5AB"/><T101/><D120/><U49/><E130/><V79/><F32/><W17/><G72/><T51/><D117/><U92/><E132/><N who="2" m="50763" /><F0/><W113/><G69/><T16/><D115/><U55/><REACH who="1" step="1"/><E83/><REACH who="1" step="2"/><N who="2" m="45551" /><F75/><W122/><G134/><T24/><D126/><U15/><AGARI ba="0,1" hai="15,18,23,41,47,49,53,54,55,84,89,92,105,106" machi="15" ten="30,2000,0" yaku="1,1,0,1,53,0" doraHai="93" doraHaiUra="95" who="1" fromWho="1" sc="250,-10,240,30,250,-5,250,-5" /><INIT seed="1,0,0,1,4,112" ten="240,270,245,245" oya="1" hai0="86,44,133,27,84,121,6,125,62,23,20,132,64" hai1="95,128,107,28,102,34,82,19,120,69,2,32,85" hai2="110,1,39,25,38,66,88,115,87,106,94,127,92" hai3="99,15,83,35,78,117,33,37,54,63,30,122,91" shuffle="mt19937ar,C04BD973,D76F9220,BC064F0A,4D6711A8,5E0B6942,B8CBEB17,008AA00D,C1DC7CF6"/><U60/><E2/><V113/><F115/><W42/><G122/><T36/><D121/><U16/><E120/><V131/><F106/><W68/><G15/><T90/><D6/><U3/><E3/><V13/><F113/><W134/><G134/><T22/><D125/><U97/><E128/><V12/><F1/><W5/><G5/><T14/><D14/><U129/><E129/><V8/><F131/><W105/><G54/><T116/><D116/><U11/><E95/><V72/><F110/><W56/><G56/><T26/><D44/><U48/><E48/><V89/><F72/><N who="3" m="43463" /><G91/><T59/><D36/><U7/><E7/><V0/><F66/><N who="3" m="41055" /><G30/><T118/><D118/><U4/><E4/><V108/><F127/><W43/><G43/><T76/><D76/><U75/><E11/><V73/><F108/><W67/><G67/><T47/><D47/><U41/><E41/><V24/><F73/><W29/><G29/><T109/><D109/><U98/><E75/><V100/><F0/><W9/><G9/><T123/><D123/><U71/><E69/><V46/><F13/><W10/><G10/><T80/><REACH who="0" step="1"/><D86/><REACH who="0" step="2"/><U31/><E85/><V126/><F87/><W135/><G135/><AGARI ba="0,1" hai="20,22,23,26,27,59,62,64,80,84,90,132,133,135" machi="135" ten="40,5200,0" yaku="1,1,2,1,20,1,53,0" doraHai="112" doraHaiUra="45" who="0" fromWho="3" sc="230,62,270,0,245,0,245,-52" /><INIT seed="2,0,0,4,2,120" ten="292,270,245,193" oya="2" hai0="92,50,15,125,66,97,60,88,121,72,47,94,32" hai1="117,71,98,19,73,118,56,8,55,63,53,74,133" hai2="58,135,81,7,30,13,10,28,106,42,21,3,36" hai3="90,23,110,4,128,46,116,83,65,96,84,104,85" shuffle="mt19937ar,E36766DB,14930AC7,3A3A93BF,8A508202,E3C341EB,AEC1C301,B037AD0E,A56A9DBD"/><V100/><F135/><W40/><G116/><T27/><D72/><U33/><E133/><V75/><F36/><W17/><G65/><T101/><D121/><U57/><E71/><V108/><F106/><W112/><G128/><T113/><D113/><U105/><E33/><V18/><F100/><W130/><G130/><T126/><D15/><U5/><E19/><V124/><F124/><N who="0" m="47722" /><D27/><U70/><E70/><V79/><F42/><W134/><G4/><T99/><D32/><U1/><E73/><V0/><F0/><W16/><G134/><T95/><D95/><U123/><E74/><V6/><F6/><W109/><G112/><T51/><D47/><U59/><E123/><V9/><F9/><W35/><G35/><T49/><D49/><U89/><E105/><V76/><F76/><W122/><G122/><T31/><D31/><U39/><E39/><V38/><F38/><W111/><G85/><T129/><D129/><U22/><E117/><V25/><F30/><W24/><G104/><T68/><AGARI ba="0,0" hai="50,51,60,66,68,88,92,94,97,99,101" m="47722" machi="68" ten="30,2000,0" yaku="18,1,54,1" doraHai="120" who="0" fromWho="0" sc="292,20,270,-5,245,-10,193,-5" /><INIT seed="3,0,0,5,3,46" ten="312,265,235,188" oya="3" hai0="43,2,57,4,53,82,0,107,31,135,5,105,93" hai1="69,98,92,23,6,37,56,22,101,85,41,20,97" hai2="27,115,75,19,124,118,132,99,67,117,73,133,129" hai3="1,61,72,89,42,14,29,34,60,11,54,116,120" shuffle="mt19937ar,81DCCA51,CEEFE6E1,BF198D6A,CEED9573,9AC1946F,FE2F2390,977C4A21,D7DDF24D"/><W71/><G120/><T10/><D31/><U32/><E69/><V106/><F115/><W18/><G116/><N who="2" m="44649" /><F67/><W122/><G122/><T52/><D43/><U103/><E32/><V36/><F36/><W16/><G72/><T79/><D93/><U84/><E6/><V66/><F66/><W80/><G71/><T86/><D135/><N who="2" m="51786" /><F129/><W65/><G65/><T88/><D79/><U102/><E37/><V64/><F64/><W47/><G1/><T50/><D53/><U38/><E38/><V28/><F124/><W17/><G54/><T87/><D87/><U83/><E41/><V94/><F19/><W110/><G110/><T68/><D68/><U104/><E102/><N who="2" m="60791" /><F106/><W26/><G60/><T128/><D128/><U25/><E25/><V24/><F24/><W131/><G61/><T90/><D107/><U21/><N who="1" m="5120" /><DORA hai="63" /><U130/><E130/><V9/><F9/><W30/><G30/><T58/><D105/><U48/><REACH who="1" step="1"/><E83/><REACH who="1" step="2"/><V121/><F121/><W45/><G131/><T55/><D82/><U59/><E59/><V81/><F81/><W78/><G47/><T112/><D4/><U126/><E126/><V70/><F70/><W127/><G127/><T119/><D5/><U7/><E7/><V62/><F27/><W95/><G45/><T77/><D119/><U8/><E8/><V40/><F40/><W125/><G125/><T35/><D10/><U100/><E100/><V91/><F28/><W74/><G42/><T76/><D0/><U33/><E33/><V44/><F44/><W51/><G51/><T111/><D2/><U109/><E109/><RYUUKYOKU ba="0,1" sc="312,-15,255,15,235,-15,188,15" hai1="48,56,84,85,92,97,98,101,103,104" hai3="11,14,16,17,18,26,29,34,74,78,80,89,95" /><INIT seed="3,1,1,4,2,106" ten="297,270,220,203" oya="3" hai0="89,120,112,113,16,76,36,126,64,55,119,69,15" hai1="23,53,34,135,4,111,109,10,123,60,83,32,45" hai2="130,61,57,73,11,134,92,104,124,117,103,1,59" hai3="9,72,54,74,98,21,39,37,50,125,44,0,90" shuffle="mt19937ar,9F80E29E,D674EF35,2CCA9520,B580F023,55ABF975,5E9769F3,35D1C0C0,1363A195"/><W127/><G21/><T58/><D36/><U41/><E123/><V93/><F117/><W48/><G0/><T82/><D119/><U62/><E135/><V86/><F73/><N who="3" m="28267" /><G9/><T49/><D120/><U116/><E116/><V52/><F134/><W114/><G114/><N who="0" m="44139" /><D89/><U29/><E23/><V51/><F104/><W87/><G98/><T88/><D76/><U105/><E105/><V131/><F124/><N who="3" m="47691" /><G50/><T2/><D126/><U99/><E99/><V68/><F68/><W43/><G43/><T95/><D2/><U79/><E41/><V56/><F1/><W77/><G77/><T66/><D69/><U42/><E42/><V81/><F11/><W27/><G27/><T121/><D121/><U17/><E10/><V70/><F70/><W78/><G78/><T28/><D28/><U75/><E29/><V96/><F93/><AGARI ba="1,1" hai="37,39,44,48,54,87,90,93" m="47691,28267" machi="93" ten="30,11600,0" yaku="18,1,52,3" doraHai="106" who="3" fromWho="2" sc="297,0,270,0,220,-119,203,129" owari="297,5,270,-8,101,-30,332,33" /></mjloggm>