<mjloggm ver="2.3"><GO type="225"/><UN n0="%23%37%34%E5%A4%A7%E6%B2%BB%E9%83%8E" n1="%E4%BA%8C%E4%B8%89%E8%B5%A4%E4%BA%94%EF%BC%94%EF%BC%96%EF%BC%98" n2="%E6%A1%9C%E4%BA%95%E3%82%A2%E3%82%BD%E3%82%B3" n3="%6B%6F%67%65%70%61%6E" dan="16,16,16,16" rate="2072,2089,2068,2053" sx="M,M,M,M"/><TAIKYOKU oya="0"/><INIT seed="0,0,0,4,4,51" ten="250,250,250,250" oya="0" hai0="100,129,4,19,121,105,14,71,38,110,0,10,61" hai1="91,120,1,21,42,56,82,68,17,40,117,114,62" hai2="108,24,20,23,134,81,9,8,96,65,54,87,39" hai3="47,107,11,53,115,84,101,86,78,79,83,46,116" shuffle="mt19937ar,E98EAF9E,BCA631EC,9EA55A1D,52C48366,250BFFFC,39DB70E0,5802614C,CE533FD6"/><T106/><D121/><U36/><E120/><V60/><F39/><W98/><G115/><T27/><D38/><U119/><E1/><V28/><F108/><W125/><G116/><T112/><D112/><U59/><E114/><V32/><F134/><W88/><G125/><T64/><D110/><U123/><E123/><V13/><F96/><W109/><G109/><T35/><D129/><U58/><E82/><V30/><F8/><W113/><G113/><T55/><D100/><U66/><E91/><V76/><F30/><W90/><G11/><T33/><D33/><U104/><E104/><V29/><F29/><W7/><G7/><T41/><D41/><U50/><E36/><V77/><F77/><W16/><G16/><T18/><D18/><U133/><E133/><V44/><F65/><W6/><G6/><T48/><D27/><U89/><E89/><V103/><F103/><W37/><G37/><T99/><D99/><U63/><E63/><V130/><F130/><W124/><G124/><T70/><D70/><U22/><E22/><V94/><F94/><W69/><G69/><T34/><D34/><U3/><E3/><V128/><F128/><W127/><G127/><T122/><D35/><U45/><REACH who="1" step="1"/><E40/><REACH who="1" step="2"/><V131/><F131/><W12/><G90/><T52/><D122/><U132/><E132/><V67/><F9/><W57/><G88/><T93/><D93/><U75/><E75/><V135/><F135/><W49/><G83/><T31/><D106/><U85/><E85/><V73/><F73/><W111/><G84/><T26/><D105/><U5/><E5/><RYUUKYOKU ba="0,1" sc="250,-10,240,30,250,-10,250,-10" hai1="17,21,42,45,50,56,58,59,62,66,68,117,119" /><INIT seed="1,1,1,3,1,35" ten="240,270,240,240" oya="1" hai0="45,120,7,113,23,123,20,129,121,108,114,125,14" hai1="119,78,71,105,76,63,92,38,94,99,132,50,116" hai2="53,110,69,9,59,62,39,118,128,55,130,126,5" hai3="61,13,15,32,24,82,41,77,17,74,42,83,97" shuffle="mt19937ar,89F602A2,FA7687C5,99EF5592,3A25EA56,57FBCE7C,B9517B30,130D1D5F,28AEC643"/><U52/><E38/><V48/><F118/><W21/><G61/><T98/><D45/><U40/><E105/><V95/><F39/><W96/><G32/><T70/><D70/><U22/><E132/><V3/><F110/><W79/><G24/><T104/><D104/><U19/><E116/><V6/><F126/><W84/><REACH who="3" step="1"/><G15/><REACH who="3" step="2"/><T58/><D14/><N who="1" m="9591" /><E119/><V46/><F69/><W30/><G30/><T4/><D108/><U56/><E71/><V49/><F6/><W109/><G109/><T68/><D68/><U111/><E111/><V67/><F67/><W93/><G93/><N who="1" m="35946" /><E99/><AGARI ba="1,2" hai="13,17,21,41,42,74,77,79,82,83,84,96,97,99" machi="99" ten="40,2600,0" yaku="1,1,53,1" doraHai="35" doraHaiUra="18" who="3" fromWho="1" sc="240,0,270,-29,240,0,230,49" /><INIT seed="2,0,0,2,5,71" ten="240,241,240,279" oya="2" hai0="126,28,27,7,75,135,37,97,88,49,113,93,108" hai1="118,34,80,26,119,124,72,73,8,51,39,20,36" hai2="58,91,94,43,23,33,81,117,130,99,100,112,64" hai3="11,85,1,2,42,30,10,109,110,57,35,127,78" shuffle="mt19937ar,F31E633F,18E43D95,B3B45F18,18F990FC,A18749FF,C7B45BD8,F5BF09C3,3B5D993E"/><V98/><F33/><W32/><G42/><T52/><D113/><U86/><E34/><N who="3" m="12842" /><G57/><T106/><D75/><U84/><E51/><V101/><F112/><W67/><G67/><T63/><D106/><U87/><E8/><N who="3" m="3114" /><G85/><T19/><D63/><U44/><E124/><V46/><F130/><W128/><G78/><T25/><D126/><U18/><E44/><V53/><F117/><W104/><G104/><T16/><D7/><U66/><E66/><V22/><F64/><W31/><G127/><T79/><D79/><U77/><REACH who="1" step="1"/><E73/><REACH who="1" step="2"/><V13/><F46/><W9/><G128/><T95/><D49/><U17/><E17/><V134/><F58/><W105/><G9/><T3/><D19/><U47/><E47/><V59/><F59/><W83/><G105/><T54/><D16/><U114/><E114/><V50/><F50/><W82/><G2/><T92/><D3/><U116/><AGARI ba="0,1" hai="18,20,26,36,39,72,77,80,84,86,87,116,118,119" machi="116" ten="40,8000,1" yaku="1,1,0,1,52,2,53,1" doraHai="71" doraHaiUra="12" who="1" fromWho="1" sc="240,-20,231,90,240,-40,279,-20" /><INIT seed="3,0,0,1,0,15" ten="220,321,200,259" oya="3" hai0="17,111,37,90,85,68,97,32,116,6,101,38,24" hai1="35,52,40,62,11,19,81,71,49,9,109,115,92" hai2="39,18,135,58,10,8,114,60,122,124,72,102,55" hai3="120,75,30,53,103,104,132,66,0,105,43,108,65" shuffle="mt19937ar,D02EF7BB,7B092A11,490A8F66,6D08414E,D1C67A74,FB51A3F1,E1EFBDB7,100E5298"/><W110/><G120/><T78/><D116/><U80/><E35/><V87/><F114/><W94/><G0/><T84/><D68/><U14/><E115/><V54/><F72/><W89/><G75/><T31/><D111/><N who="3" m="42537" /><G132/><T130/><D130/><U3/><E109/><V23/><F135/><W4/><G4/><T123/><D123/><U47/><E3/><V64/><F122/><W133/><G133/><T121/><D6/><U13/><E92/><V63/><F39/><W128/><G128/><T129/><D129/><U82/><E71/><V46/><F124/><W106/><G43/><T107/><D121/><U51/><E62/><V27/><F102/><W7/><G7/><T12/><D78/><U20/><E13/><V125/><F125/><W56/><G30/><T117/><D85/><U118/><E118/><V131/><F131/><W5/><G5/><T86/><D86/><U44/><AGARI ba="0,0" hai="9,11,14,19,20,40,44,47,49,51,52,80,81,82" machi="44" ten="30,7900,0" yaku="0,1,8,1,52,1,54,1" doraHai="15" who="1" fromWho="1" sc="220,-20,321,79,200,-20,259,-39" owari="200,-15,400,40,180,-22,220,-3" /></mjloggm>