<mjloggm ver="2.3"><GO type="225"/><UN n0="%E7%8A%AC%EF%BC%88%E3%81%84%E3%81%AC%EF%BC%89" n1="%E3%83%9C%E3%83%84" n2="%E3%82%B9%E3%83%91%E3%83%BC%E3%82%AF%E3%82%B9" n3="%E3%82%AF%E3%83%AB%E3%83%AB%E2%98%86" dan="16,16,16,16" rate="2114,2046,2041,2094" sx="M,M,F,F"/><TAIKYOKU oya="0"/><INIT seed="0,0,0,4,3,42" ten="250,250,250,250" oya="0" hai0="80,36,110,30,54,105,56,86,45,117,20,8,47" hai1="13,121,52,84,40,81,65,102,89,15,106,116,98" hai2="119,127,44,94,53,120,112,33,63,87,77,66,1" hai3="113,60,118,100,26,108,64,128,78,123,12,37,19" shuffle="mt19937ar,E7908C9F,692D48B8,582083D2,591ACC11,7B98938B,FA0F6AF5,C0EA59AF,8310523A"/><T107/><D117/><U35/><E121/><V115/><F1/><W114/><G118/><T129/><D129/><U75/><E116/><V16/><F119/><W132/><G128/><T69/><D69/><U59/><E35/><V88/><F33/><W135/><G123/><T91/><D110/><U67/><E75/><V11/><F120/><W18/><G108/><T111/><D111/><U0/><E0/><V10/><F127/><W2/><G2/><T4/><D36/><U62/><E40/><V29/><F29/><W109/><G109/><T85/><D85/><U133/><E133/><N who="3" m="51274" /><G78/><T90/><D91/><U25/><REACH who="1" step="1"/><E25/><REACH who="1" step="2"/><V104/><F112/><W34/><G26/><N who="0" m="16711" /><D107/><U9/><E9/><V31/><F115/><W57/><G34/><T125/><D105/><U55/><E55/><V103/><F104/><W83/><G114/><T38/><D125/><U46/><E46/><N who="0" m="17417" /><D38/><U17/><E17/><V3/><F3/><W95/><G19/><T92/><D8/><U48/><E48/><V130/><F10/><W101/><G37/><T71/><D4/><U39/><E39/><V43/><F130/><W5/><G5/><T68/><D68/><U134/><E134/><V122/><F122/><W24/><G113/><T27/><D27/><U22/><E22/><V23/><F11/><W51/><G24/><T126/><D126/><U99/><E99/><V72/><F43/><W49/><G49/><N who="0" m="30799" /><D71/><U14/><AGARI ba="0,1" hai="13,14,15,52,59,62,65,67,81,84,89,98,102,106" machi="14" ten="30,4000,0" yaku="1,1,0,1,54,1,53,0" doraHai="42" doraHaiUra="28" who="1" fromWho="1" sc="250,-20,240,50,250,-10,250,-10" /><INIT seed="1,0,0,4,3,79" ten="230,290,240,240" oya="1" hai0="14,68,72,121,83,105,63,81,131,35,112,114,49" hai1="89,58,8,1,5,23,34,70,3,12,64,104,122" hai2="10,74,11,125,42,76,56,101,93,2,75,0,123" hai3="132,7,60,135,29,82,73,66,50,16,99,77,107" shuffle="mt19937ar,E0989D50,23D4269A,0613EE47,9315F4B1,3ACCDF04,A9CC5181,9C3B70B2,D9B37A47"/><U6/><E122/><V36/><F123/><W96/><G7/><T24/><D121/><U116/><E116/><V67/><F125/><W51/><G29/><T119/><D119/><U126/><E126/><V100/><F67/><W102/><G99/><T4/><D131/><U133/><E104/><V27/><F27/><W118/><G118/><T115/><D72/><U106/><E106/><V53/><F42/><W110/><G110/><T45/><D105/><U91/><E70/><V97/><F36/><W31/><G31/><T25/><D68/><U129/><E34/><V21/><F21/><W22/><G135/><T109/><D63/><U92/><E129/><V87/><F87/><W65/><G132/><T13/><D109/><U55/><E64/><V61/><F101/><W111/><G111/><T128/><D128/><U130/><E130/><V90/><F100/><W15/><REACH who="3" step="1"/><G66/><REACH who="3" step="2"/><T39/><D35/><U30/><E133/><V103/><F103/><W124/><G124/><T86/><D4/><U85/><E5/><V95/><F97/><W134/><G134/><T52/><D114/><U94/><E30/><V9/><F2/><W38/><G38/><T117/><D117/><U84/><E23/><V88/><F0/><W127/><G127/><T26/><D39/><U37/><E37/><V78/><F74/><W28/><G28/><T59/><D112/><U62/><AGARI ba="0,1" hai="1,3,6,8,12,55,58,62,84,85,89,91,92,94" machi="62" ten="20,3900,0" yaku="0,1,7,1,9,1" doraHai="79" who="1" fromWho="1" sc="230,-13,290,49,240,-13,230,-13" /><INIT seed="1,1,0,5,0,79" ten="217,339,227,217" oya="1" hai0="85,49,51,44,70,130,115,127,96,55,1,37,9" hai1="68,0,78,52,27,101,8,81,92,110,108,131,57" hai2="18,19,123,66,11,86,80,125,34,114,75,90,56" hai3="84,29,111,135,2,117,118,72,48,128,60,47,100" shuffle="mt19937ar,EF64197B,F49F7CFC,AAE6D195,0CDA2685,F7CB8C79,991A579C,23F490EA,26E982B5"/><U6/><E68/><V120/><F114/><W109/><G72/><T121/><D115/><U91/><E101/><V62/><F34/><W41/><G2/><T116/><D116/><N who="3" m="44649" /><G128/><T105/><D70/><U83/><E27/><V21/><F125/><W31/><G100/><T69/><D69/><U30/><E30/><N who="3" m="11274" /><G135/><T119/><D119/><U99/><E131/><V35/><F35/><W16/><G60/><T122/><D130/><U50/><REACH who="1" step="1"/><E83/><REACH who="1" step="2"/><V40/><F75/><AGARI ba="1,1" hai="0,6,8,50,52,57,75,78,81,91,92,99,108,110" machi="75" ten="40,12000,1" yaku="1,1,2,1,52,1,54,1,53,0" doraHai="79" doraHaiUra="126" who="1" fromWho="2" sc="217,0,329,133,227,-123,217,0" /><INIT seed="1,2,0,3,2,105" ten="217,462,104,217" oya="1" hai0="127,9,12,102,24,63,85,109,3,17,10,96,25" hai1="64,62,128,103,83,123,14,133,91,59,16,74,104" hai2="43,15,34,49,111,122,21,98,99,93,27,66,67" hai3="37,76,124,75,134,80,41,116,54,50,47,92,125" shuffle="mt19937ar,DAE48D85,EBC8890D,B3C47A3D,E2B6912E,8C82F3CF,202588B6,24D42A4A,287A66C9"/><U97/><E123/><V69/><F122/><W19/><G134/><T126/><D63/><U4/><E133/><V84/><F34/><W68/><G68/><T52/><D85/><U95/><E4/><V48/><F111/><W13/><G92/><T7/><D109/><U81/><E128/><V60/><F66/><W55/><G116/><T18/><D52/><U120/><E74/><V88/><F15/><W100/><G100/><T46/><D46/><U23/><E120/><V72/><F72/><W114/><G114/><T29/><D96/><AGARI ba="2,0" hai="14,16,23,59,62,64,81,83,91,95,96,97,103,104" machi="96" ten="30,2900,0" yaku="7,1,54,1" doraHai="105" who="1" fromWho="0" sc="217,-35,462,35,104,0,217,0" /><INIT seed="1,3,0,3,3,34" ten="182,497,104,217" oya="1" hai0="52,127,0,61,130,48,40,81,62,7,80,123,10" hai1="49,9,109,50,51,37,30,22,11,8,65,39,99" hai2="44,129,69,60,27,77,79,4,74,29,114,78,3" hai3="82,31,33,117,73,104,15,89,88,76,66,19,133" shuffle="mt19937ar,20ECDCB2,F3BF0674,23003DDF,254A4238,29D2F117,E12A07A8,8F2C24C5,EE056594"/><U87/><E65/><V91/><F114/><W98/><G133/><T32/><D32/><U14/><E109/><V102/><F91/><W121/><G121/><T56/><D127/><U116/><E116/><V64/><F129/><W100/><G117/><T83/><D130/><U36/><E87/><V86/><F86/><W20/><REACH who="3" step="1"/><G66/><REACH who="3" step="2"/><T47/><REACH who="0" step="1"/><D123/><REACH who="0" step="2"/><U57/><E36/><AGARI ba="3,2" hai="0,7,10,36,40,47,48,52,56,61,62,80,81,83" machi="36" ten="40,8000,1" yaku="1,1,2,1,52,1,54,1,53,0" doraHai="34" doraHaiUra="63" who="0" fromWho="1" sc="172,109,497,-89,104,0,207,0" /><INIT seed="2,0,0,1,3,71" ten="281,408,104,207" oya="2" hai0="117,7,0,125,101,72,47,31,55,21,43,53,18" hai1="67,8,5,120,44,15,97,104,112,2,134,130,108" hai2="102,54,75,24,106,23,69,16,87,118,73,65,99" hai3="122,1,119,36,45,6,94,17,25,114,128,81,22" shuffle="mt19937ar,74CEAD6E,58BC8C5A,F2559692,B5841A23,89F502E2,9E3F3877,8A23D865,B67E30E6"/><V110/><F118/><W70/><G122/><T79/><D117/><U29/><E112/><V37/><F110/><W111/><G70/><T57/><D31/><U41/><E120/><V92/><F37/><W46/><G119/><T10/><D125/><U74/><E74/><V64/><F54/><W40/><G111/><T124/><D124/><U66/><E108/><V20/><F20/><W135/><G114/><T12/><D101/><U63/><E29/><V123/><F123/><W86/><G128/><T89/><D89/><U95/><E104/><V77/><F69/><W105/><G105/><T83/><REACH who="0" step="1"/><D57/><REACH who="0" step="2"/><U100/><E130/><V93/><F93/><W58/><G94/><T103/><D103/><U116/><E116/><V33/><F33/><W107/><G107/><T126/><D126/><U52/><E95/><V14/><F106/><W51/><G58/><T50/><AGARI ba="0,1" hai="0,7,10,12,18,21,43,47,50,53,55,72,79,83" machi="50" ten="20,5200,0" yaku="1,1,0,1,7,1,53,1" doraHai="71" doraHaiUra="32" who="0" fromWho="0" sc="271,62,408,-13,104,-26,207,-13" /><INIT seed="3,0,0,0,5,11" ten="333,395,78,194" oya="3" hai0="73,110,132,93,64,7,53,117,101,88,14,66,16" hai1="33,84,34,135,72,74,128,107,96,49,130,57,86" hai2="47,23,1,68,81,118,100,87,26,21,67,85,115" hai3="95,50,89,123,69,125,18,46,60,129,30,106,58" shuffle="mt19937ar,18221F73,B1F78C3F,62A88CD3,8ACD2445,327CAA60,7C3E7235,BD310768,DE9CFAE4"/><W35/><G123/><T131/><D117/><U9/><E135/><V39/><F118/><W114/><G106/><T104/><D132/><U91/><E9/><V31/><F115/><W61/><G114/><T126/><D73/><N who="1" m="28267" /><E57/><V116/><F116/><W27/><G125/><T97/><D126/><U59/><E59/><V65/><F1/><W48/><G129/><N who="1" m="49770" /><E49/><V8/><F8/><W63/><G69/><T52/><D110/><U83/><E86/><V77/><F87/><W38/><G58/><T90/><D7/><U29/><E29/><V112/><F112/><W19/><G38/><T20/><D131/><U12/><E12/><V120/><F120/><W122/><G122/><T99/><REACH who="0" step="1"/><D90/><REACH who="0" step="2"/><U76/><E91/><V2/><F100/><AGARI ba="0,1" hai="33,34,76,83,84,96,100,107" m="49770,28267" machi="100" ten="30,1000,0" yaku="19,1" doraHai="11" who="1" fromWho="2" sc="323,0,395,20,78,-10,194,0" owari="323,7,415,42,68,-33,194,-16" /></mjloggm>