<mjloggm ver="2.3"><GO type="185"/><UN n0="%E3%81%A8%E3%81%84%E3%81%A4%E3%81%BE%E3%81%99%E3%81%9F%E3%81%81%E2%99%AA" n1="%E3%81%B5%E3%81%8F%EF%BC%A3%EF%BD%88%EF%BD%81%EF%BD%8E%E2%99%AA" n2="%E3%80%93%E3%81%84%E3%81%A1%E3%81%AF%E3%82%89%E3%80%93" n3="" dan="16,17,18,0" rate="2138,2159,2251,1500" sx="M,F,M,C"/><TAIKYOKU oya="0"/><INIT seed="0,0,0,5,4,70" ten="350,350,350,0" oya="0" hai0="127,105,50,131,88,94,87,89,97,2,34,124,125" hai1="36,117,111,39,118,62,128,60,133,84,69,0,107" hai2="83,114,54,41,106,61,91,48,63,85,119,57,56" hai3="" shuffle="mt19937ar,87F3D35C,2B81179E,F317B321,8E98CC47,78C0DA06,BAC22779,E0D5F405,2950BA98"/><T103/><D34/><U86/><E107/><V68/><F114/><T108/><D2/><U113/><E0/><V132/><F119/><T115/><D50/><U129/><E69/><V43/><F106/><T49/><D49/><U90/><E133/><V98/><F132/><T99/><D115/><U44/><E113/><V75/><F75/><T74/><D74/><U32/><E90/><V109/><F109/><T122/><N who="0" m="31264" /><T35/><D35/><U67/><E32/><V102/><F68/><T37/><D37/><U96/><E96/><V76/><F48/><T120/><N who="0" m="30752" /><T53/><D53/><U40/><E111/><V51/><F51/><T42/><D42/><U101/><E101/><V110/><F110/><T59/><D59/><U104/><E67/><V100/><F76/><T121/><N who="0" m="31008" /><T134/><D108/><U80/><E44/><V1/><F1/><T65/><D65/><U123/><N who="1" m="31520" /><U135/><E135/><V64/><F43/><T77/><D134/><U72/><E40/><V112/><F41/><T38/><D38/><U46/><E46/><V116/><F112/><T92/><D77/><U73/><E104/><V52/><F64/><T82/><D131/><U78/><E78/><V95/><F57/><RYUUKYOKU ba="0,0" sc="350,10,350,10,350,-20,0,0" hai0="82,87,88,89,92,94,97,99,103,105,124,125,127" hai1="36,39,60,62,72,73,80,84,86,117,118,128,129" /><INIT seed="0,1,0,4,4,39" ten="360,360,330,0" oya="0" hai0="61,133,55,105,96,32,33,103,80,113,77,37,95" hai1="63,0,99,73,74,98,86,128,66,79,132,38,69" hai2="62,115,78,126,48,59,88,44,120,67,129,92,49" hai3="" shuffle="mt19937ar,EADF0D22,0ED90595,F417620D,940150EE,0E0F84F8,4572E25C,366EEE81,ABA3849C"/><T125/><D113/><U53/><E0/><V106/><N who="2" m="30752" /><V89/><F106/><T35/><D133/><U107/><E132/><V117/><F115/><T102/><D125/><U1/><E1/><V118/><F126/><T110/><D110/><U124/><E124/><V100/><F78/><T42/><D103/><U2/><E2/><V121/><N who="2" m="31008" /><V81/><F129/><T114/><D114/><U111/><E38/><V127/><F127/><T47/><D95/><U119/><E119/><N who="2" m="45579" /><F81/><T40/><D40/><U130/><E111/><V54/><F49/><T64/><D55/><U83/><E53/><V131/><F131/><T76/><REACH who="0" step="1"/><D80/><REACH who="0" step="2"/><U60/><E83/><V75/><F75/><T82/><D82/><U70/><E130/><V72/><F72/><T93/><D93/><U85/><E128/><V109/><F109/><T123/><N who="0" m="31520" /><T91/><D91/><U94/><E94/><V68/><F100/><T122/><N who="0" m="31264" /><T41/><D41/><U45/><E79/><V34/><F34/><T84/><D84/><U87/><E86/><V134/><F134/><T135/><D135/><U112/><E112/><V36/><F92/><T101/><D101/><U108/><E108/><V90/><F89/><T58/><AGARI ba="1,1" hai="32,33,35,37,42,47,58,61,64,76,77,96,102,105" m="31264,31520" machi="58" ten="30,12000,2" yaku="1,1,5,1,0,1,52,3,53,0" doraHai="39" doraHaiUra="104" who="0" fromWho="0" sc="350,132,360,-61,330,-61,0,0" /><INIT seed="0,2,0,0,0,97" ten="482,299,269,0" oya="0" hai0="95,75,40,116,57,135,110,114,38,121,85,56,74" hai1="105,64,2,48,83,125,54,79,81,84,101,39,59" hai2="33,89,88,58,82,111,112,130,86,44,115,36,134" hai3="" shuffle="mt19937ar,F3A9E7A4,EB18677B,EC1C2F76,CDCE608F,D6CD0FF3,2C4C8EDA,07D0BC69,90E2BD7F"/><T106/><D95/><U99/><E39/><V60/><F33/><T55/><D85/><U45/><E2/><V52/><F130/><T103/><D103/><U102/><E125/><V93/><F134/><T118/><D106/><U94/><E64/><V131/><F131/><T3/><N who="0" m="31008" /><T32/><D32/><U1/><E1/><V100/><F111/><T69/><D69/><U133/><E133/><V35/><F35/><T92/><D92/><U96/><E79/><V53/><F100/><T129/><D3/><U37/><REACH who="1" step="1"/><E84/><REACH who="1" step="2"/><V68/><F68/><T41/><D129/><U80/><E80/><V127/><F127/><T50/><D135/><U120/><N who="1" m="30752" /><U109/><E109/><V70/><F70/><T43/><D110/><U73/><E73/><V67/><F115/><T46/><D114/><U87/><E87/><V117/><F112/><T122/><N who="0" m="31264" /><T62/><D75/><U104/><E104/><V124/><F124/><T34/><D74/><U91/><E91/><V66/><F117/><N who="0" m="45162" /><D34/><U108/><E108/><V77/><F89/><T42/><D38/><U76/><E76/><V98/><F36/><T63/><N who="0" m="10240" /><DORA hai="65" /><T49/><D46/><U123/><N who="1" m="31520" /><U78/><E78/><V119/><F119/><RYUUKYOKU ba="2,1" sc="482,0,289,0,269,0,0,0" hai0="49,50,55,56,57,62,63" hai1="37,45,48,54,59,81,83,94,96,99,101,102,105" hai2="44,52,53,58,60,66,67,77,82,86,88,93,98" /><INIT seed="0,3,1,5,0,95" ten="482,289,269,0" oya="0" hai0="34,73,40,72,48,113,83,123,62,53,75,67,57" hai1="96,61,41,126,82,1,2,65,127,52,85,133,37" hai2="3,50,32,116,39,36,130,129,92,55,103,71,60" hai3="" shuffle="mt19937ar,C85CE35F,35A47ADF,367F51B0,0BCA4195,F1DA5949,50C07996,C4ABFD56,A36B372C"/><T131/><N who="0" m="31520" /><T46/><D113/><U84/><E133/><V106/><F32/><T70/><D34/><U69/><E84/><V115/><F106/><T49/><REACH who="0" step="1"/><D131/><REACH who="0" step="2"/><U94/><E1/><V89/><F115/><T112/><D112/><U38/><E2/><V79/><F3/><T132/><D132/><U119/><E119/><V109/><F130/><T91/><D91/><U33/><E33/><V93/><F129/><T68/><D68/><U42/><E127/><V101/><F71/><T135/><D135/><U100/><E126/><V64/><F116/><T87/><D87/><U0/><E0/><V78/><F89/><T77/><AGARI ba="3,2" hai="40,46,48,49,53,57,62,67,70,72,73,75,77,83" m="31520" machi="77" ten="30,4000,0" yaku="1,1,0,1,52,1,53,0" doraHai="95" doraHaiUra="122" who="0" fromWho="0" sc="472,66,289,-23,269,-23,0,0" /><INIT seed="0,4,0,1,2,96" ten="538,266,246,0" oya="0" hai0="93,90,50,69,119,109,94,123,38,121,81,56,92" hai1="87,114,62,42,120,66,65,57,82,35,106,34,70" hai2="101,111,49,84,73,33,107,103,76,117,48,41,77" hai3="" shuffle="mt19937ar,D926C476,37514D22,40476DCC,B530607A,0D4FFA7D,43D43630,AA1C051D,7C92C652"/><T54/><N who="0" m="31008" /><T52/><N who="0" m="31520" /><T85/><D119/><U108/><N who="1" m="30752" /><U78/><E108/><V63/><F111/><T0/><D0/><U60/><E114/><V122/><N who="2" m="31264" /><V131/><F117/><T100/><D109/><U132/><E106/><V37/><F37/><T126/><D38/><U104/><E104/><V118/><F118/><T102/><D69/><U98/><E132/><V134/><F73/><T40/><D40/><U55/><E98/><V116/><F107/><T89/><D126/><U68/><E42/><V112/><F116/><T135/><D135/><U43/><E43/><V1/><F112/><T79/><D54/><U125/><E125/><V61/><F33/><T51/><D51/><AGARI ba="4,0" hai="34,35,51,55,57,60,62,65,66,68,70,78,82,87" m="30752" machi="51" ten="30,3900,0" yaku="7,1,9,1,52,1" doraHai="96" who="1" fromWho="0" sc="538,-47,266,47,246,0,0,0" /><INIT seed="1,0,0,5,3,102" ten="491,313,246,0" oya="1" hai0="87,78,53,69,120,90,82,3,121,37,85,52,59" hai1="54,130,116,58,119,75,41,117,50,60,88,57,51" hai2="42,132,111,105,95,100,123,129,91,98,133,89,34" hai3="" shuffle="mt19937ar,C75BF9C5,4A6BE22E,CF341D7D,41FC8899,6B8281F9,F52FDD62,3F05E9BC,192FADAC"/><U128/><E75/><V71/><N who="2" m="31520" /><V126/><F71/><T36/><N who="0" m="30752" /><T43/><N who="0" m="31008" /><T115/><D69/><U131/><E88/><N who="2" m="33867" /><F42/><T81/><D115/><U97/><E97/><V108/><F34/><T48/><D3/><U2/><E2/><V112/><F112/><T79/><D43/><U80/><E80/><V122/><N who="2" m="31264" /><V104/><F129/><T93/><REACH who="0" step="1"/><D53/><REACH who="0" step="2"/><U38/><REACH who="1" step="1"/><E57/><REACH who="1" step="2"/><V125/><F125/><T114/><D114/><U0/><E0/><V67/><F126/><T96/><AGARI ba="0,2" hai="36,37,48,52,59,78,79,81,82,85,87,90,93,96" m="31008,30752" machi="96" ten="20,12000,3" yaku="1,1,0,1,7,1,9,1,52,2,54,1,53,1" doraHai="102" doraHaiUra="84" who="0" fromWho="0" sc="481,140,303,-80,246,-40,0,0" /><INIT seed="2,0,0,0,4,36" ten="621,223,206,0" oya="2" hai0="110,54,95,75,130,105,90,78,63,91,131,89,79" hai1="114,94,113,84,87,76,77,119,96,111,55,64,2" hai2="59,132,129,57,80,46,122,53,61,62,32,85,107" hai3="" shuffle="mt19937ar,A97B3539,FED30BBB,DBDFD5D7,128BA62F,EB762305,7DC6835A,05CB45DD,F1852EF5"/><V104/><N who="2" m="31264" /><V47/><F32/><T92/><D105/><U50/><E2/><V81/><F129/><N who="0" m="49162" /><D110/><U66/><E111/><V88/><F132/><T118/><D118/><U103/><E119/><V0/><F0/><T97/><D75/><U123/><N who="1" m="31520" /><U101/><E114/><V74/><F107/><T134/><D134/><U99/><E113/><V127/><F127/><T112/><D112/><U72/><E72/><V34/><F104/><T56/><D92/><U73/><E73/><V70/><F70/><T100/><AGARI ba="0,0" hai="54,56,63,78,79,89,90,91,95,97,100" m="49162" machi="100" ten="30,800,0" yaku="19,1" doraHai="36" who="0" fromWho="0" sc="621,8,223,-3,206,-5,0,0" /><INIT seed="4,0,0,5,5,84" ten="629,220,201,0" oya="0" hai0="47,37,109,106,111,100,129,36,80,81,86,76,83" hai1="119,50,112,130,103,45,48,49,97,60,108,63,132" hai2="35,134,96,128,62,75,43,44,56,58,79,93,90" hai3="" shuffle="mt19937ar,377746B1,0E51B5D2,91691205,96B9EB28,732106FB,A754C302,036A3D00,54746C92"/><T38/><D129/><U102/><E119/><V98/><F128/><T0/><D0/><U72/><E72/><V54/><F134/><T53/><D106/><U74/><E74/><V82/><F35/><T39/><D100/><U94/><E132/><V89/><F58/><T52/><N who="0" m="9216" /><DORA hai="3" /><T117/><D117/><U116/><E116/><V101/><F44/><T118/><D118/><U46/><E108/><N who="0" m="41545" /><D47/><N who="1" m="17931" /><E112/><V127/><F127/><T2/><D2/><U34/><E34/><V113/><F113/><T135/><D135/><U70/><E70/><V115/><F115/><T78/><D86/><U88/><E130/><V42/><REACH who="2" step="1"/><F90/><REACH who="2" step="2"/><T73/><D73/><U114/><E114/><V55/><F55/><AGARI ba="0,1" hai="52,53,55,76,78,80,81,83" m="41545,9216" machi="55" ten="70,12000,1" yaku="28,2,10,1,54,1" doraHai="84,3" who="0" fromWho="2" sc="629,130,220,0,191,-120,0,0" /><INIT seed="4,1,0,4,4,113" ten="759,220,71,0" oya="0" hai0="99,74,132,65,119,104,87,105,88,120,97,47,122" hai1="130,0,63,123,111,69,80,91,77,115,96,35,106" hai2="55,112,89,56,43,102,94,134,1,40,64,114,61" hai3="" shuffle="mt19937ar,A39F06C4,5A5E94D1,CFFF3742,1907447B,2FE1A56C,A774346D,A87134BC,94768A43"/><T46/><N who="0" m="30752" /><T70/><N who="0" m="31264" /><T37/><D74/><U93/><E80/><V86/><F1/><T95/><D132/><U71/><E93/><V109/><F109/><T52/><D119/><U66/><E96/><V84/><F134/><T32/><D32/><U3/><E91/><V110/><F110/><T129/><D129/><U117/><E77/><V38/><F38/><T75/><D75/><U57/><E63/><V44/><F114/><T45/><D37/><U126/><E57/><V135/><F135/><T2/><D2/><U121/><N who="1" m="31008" /><U59/><E59/><V67/><F112/><T127/><D127/><U76/><E66/><V41/><F44/><T72/><D72/><U128/><E76/><V125/><F125/><T50/><D99/><U124/><E130/><V108/><F108/><T131/><D131/><U100/><E100/><V34/><F34/><T54/><D54/><U60/><E126/><V78/><REACH who="2" step="1"/><F102/><REACH who="2" step="2"/><T101/><REACH who="0" step="1"/><D105/><REACH who="0" step="2"/><U68/><N who="1" m="31520" /><U33/><E3/><V39/><F39/><T92/><D92/><U49/><E106/><V118/><F118/><T62/><AGARI ba="1,2" hai="45,46,47,50,52,62,65,70,87,88,95,97,101,104" m="31264,30752" machi="62" ten="30,12000,2" yaku="1,1,0,1,52,2,54,2,53,1" doraHai="113" doraHaiUra="85" who="0" fromWho="0" sc="749,142,220,-61,61,-61,0,0" /><INIT seed="4,2,0,4,2,81" ten="891,159,0,0" oya="0" hai0="105,75,51,0,90,122,94,110,69,115,91,89,35" hai1="104,48,70,127,65,46,66,108,56,129,98,1,135" hai2="114,50,121,106,41,92,62,37,111,131,40,117,125" hai3="" shuffle="mt19937ar,7ABA0B57,BCE6D8B3,5A622AAD,B5CFFCE8,B2EF0A74,967D6B17,8F566508,44083562"/><T34/><N who="0" m="31264" /><T59/><D69/><U54/><E1/><V3/><N who="2" m="31008" /><V77/><F106/><T36/><D36/><U45/><E104/><V76/><F3/><T82/><D105/><U60/><E98/><V84/><F117/><T64/><D0/><U55/><E108/><V39/><F111/><T53/><D110/><U107/><E107/><V61/><F131/><T93/><D115/><U52/><E135/><V78/><F114/><T74/><D64/><U134/><E134/><V79/><F125/><T32/><REACH who="0" step="1"/><D82/><REACH who="0" step="2"/><U109/><E109/><V47/><N who="2" m="19456" /><DORA hai="118" /><V58/><F62/><T49/><D49/><U83/><E83/><V43/><F39/><T44/><D44/><U57/><E66/><V88/><F37/><T80/><D80/><U133/><E133/><V126/><F126/><T132/><D132/><U73/><E127/><V103/><F103/><T85/><D85/><U128/><E60/><V100/><F100/><T102/><D102/><U130/><E130/><V116/><F116/><T99/><D99/><U95/><E129/><V68/><F68/><T120/><N who="0" m="30752" /><T101/><D101/><U124/><E70/><V113/><F113/><T63/><D63/><U71/><E71/><V119/><F119/><RYUUKYOKU ba="2,1" sc="881,10,159,-20,0,10,0,0" hai0="32,34,35,51,53,59,74,75,89,90,91,93,94" hai2="40,41,43,47,50,58,61,84,88,92" /><INIT seed="4,3,1,1,3,108" ten="891,139,10,0" oya="0" hai0="2,102,101,47,78,95,109,116,112,56,135,33,129" hai1="91,32,125,67,117,124,55,134,98,121,120,42,83" hai2="53,0,62,48,35,115,68,123,92,133,84,88,66" hai3="" shuffle="mt19937ar,3277B7D0,8F5A5490,BE12CDB2,0A73E752,50BB3AD8,5B1E3CC3,E7AAAD50,FD5AEE5E"/><T131/><D33/><U85/><N who="1" m="30752" /><U69/><N who="1" m="31008" /><U114/><E32/><V127/><N who="2" m="31520" /><V111/><F35/><T128/><D2/><U34/><E34/><V96/><F0/><T113/><D116/><U40/><E117/><V94/><F111/><T70/><D109/><U107/><E134/><V61/><F133/><T43/><D70/><U72/><E72/><V130/><F130/><T76/><D135/><U79/><E114/><N who="0" m="44137" /><D56/><U51/><E69/><V122/><N who="2" m="31264" /><V132/><F115/><T41/><D95/><U63/><E107/><V57/><F132/><T73/><D73/><U97/><E125/><V106/><F127/><T59/><D59/><U81/><E67/><V82/><F106/><T44/><D44/><U86/><E63/><V80/><F62/><T65/><D65/><U126/><E126/><V89/><AGARI ba="3,1" hai="48,53,57,61,66,68,80,82,84,88,89,92,94,96" m="31264,31520" machi="89" ten="20,6000,1" yaku="0,1,7,1,52,2,54,1" doraHai="108" who="2" fromWho="2" sc="891,-43,139,-23,10,76,0,0" /><INIT seed="5,0,0,3,0,2" ten="848,116,86,0" oya="1" hai0="43,48,117,108,70,34,107,90,42,109,105,104,100" hai1="121,49,122,67,75,76,66,111,33,40,73,101,98" hai2="92,126,103,63,3,128,68,81,35,89,91,64,95" hai3="" shuffle="mt19937ar,122C8673,DA29A28F,3A16E743,A9EB0CAC,6CD42491,8B9B9916,895A871F,A7112DC0"/><U99/><N who="1" m="31008" /><U127/><N who="1" m="31264" /><U88/><E111/><V38/><F3/><T56/><D70/><U62/><E127/><V119/><F38/><T47/><D100/><U54/><E40/><V133/><F126/><T53/><D117/><U41/><E41/><V86/><F119/><T55/><D34/><U60/><E33/><V45/><F133/><T112/><D112/><U120/><N who="1" m="30752" /><U79/><E88/><V123/><N who="2" m="31520" /><V80/><F128/><T72/><D72/><U78/><E49/><V129/><F129/><T114/><D114/><U57/><E54/><V93/><F35/><T84/><D43/><U135/><E135/><V134/><F134/><T77/><D77/><U52/><E52/><V58/><F45/><T74/><D74/><U82/><E75/><V59/><REACH who="2" step="1"/><F103/><REACH who="2" step="2"/><T71/><D55/><U110/><E110/><V44/><F44/><T124/><D124/><U36/><E36/><V94/><N who="2" m="23552" /><DORA hai="132" /><V115/><F115/><T125/><D125/><U97/><REACH who="1" step="1"/><E101/><REACH who="1" step="2"/><V113/><F113/><T0/><D109/><U51/><E51/><V39/><F39/><T32/><D108/><U1/><E1/><V37/><F37/><T46/><D0/><U83/><E83/><V118/><F118/><RYUUKYOKU ba="0,2" sc="848,-20,106,10,76,10,0,0" hai1="57,60,62,66,67,73,76,78,79,82,97,98,99" hai2="58,59,63,64,68,80,81,86,89,91" /><INIT seed="5,1,2,0,4,59" ten="828,116,86,0" oya="1" hai0="50,82,118,79,124,116,2,71,33,86,65,106,114" hai1="123,47,63,94,101,126,61,113,127,43,96,66,85" hai2="88,100,130,120,110,70,80,98,72,115,77,109,64" hai3="" shuffle="mt19937ar,114C4BF6,88BA2733,71F8DDA6,EEEA4FA3,0E01D303,8EA24DB9,F7A0334B,0E710736"/><U135/><N who="1" m="31520" /><U78/><E113/><V60/><N who="2" m="30752" /><V92/><F130/><T117/><D33/><U74/><E74/><V128/><F128/><T125/><D2/><U103/><E103/><V45/><F115/><T89/><D114/><U134/><E85/><V69/><F69/><T68/><D106/><U40/><E78/><V133/><F133/><N who="1" m="50697" /><E40/><V0/><F0/><T52/><D79/><U55/><E55/><V102/><F102/><T56/><D65/><U121/><N who="1" m="31008" /><U132/><N who="1" m="50705" /><U93/><DORA hai="54" /><E93/><V83/><F83/><T91/><D91/><U37/><E63/><V129/><F129/><T41/><D41/><U1/><E1/><V73/><F73/><T107/><D107/><U119/><E119/><V36/><REACH who="2" step="1"/><F100/><REACH who="2" step="2"/><T32/><D32/><U49/><E37/><V42/><AGARI ba="1,3" hai="36,42,45,60,64,70,72,77,80,88,92,98,109,110" m="30752" machi="42" ten="30,12000,3" yaku="1,1,2,1,0,1,52,2,54,1,53,2" doraHai="59,54" doraHaiUra="38,39" who="2" fromWho="2" sc="828,-41,116,-81,76,152,0,0" /><INIT seed="6,0,0,2,5,104" ten="787,35,228,0" oya="2" hai0="71,41,91,35,130,39,105,109,75,134,73,123,88" hai1="80,79,77,117,110,89,113,129,72,48,64,51,133" hai2="46,108,111,52,78,50,1,102,125,63,65,107,135" hai3="" shuffle="mt19937ar,CEC0BC33,AF1F8181,DF81D07D,DB33FA51,B430AA9C,C6F2F41D,29197423,590B1C70"/><V61/><F1/><T2/><RYUUKYOKU type="yao9" ba="0,0" sc="787,0,35,0,228,0,0,0" hai0="2,35,39,41,71,73,75,88,91,105,109,123,130,134" /><INIT seed="6,1,0,3,0,47" ten="787,35,228,0" oya="2" hai0="88,118,52,117,44,59,87,89,2,46,110,68,73" hai1="41,106,38,124,1,121,64,113,43,79,61,77,57" hai2="62,100,37,84,99,131,76,92,97,51,0,128,102" hai3="" shuffle="mt19937ar,0EF45B73,5A6D860B,17E86387,3EB14192,5792D90D,BD341BD6,B32D1C0D,55349FBB"/><V69/><F37/><T129/><D73/><U35/><N who="1" m="31008" /><U82/><E35/><V50/><F0/><T127/><D68/><U101/><E1/><V107/><F69/><T34/><D34/><U130/><E130/><N who="2" m="49707" /><F62/><T114/><D2/><U58/><E124/><V108/><F108/><T133/><D129/><U70/><E113/><V49/><F84/><T86/><D110/><U3/><E106/><V96/><F96/><T104/><D104/><U94/><E101/><V90/><F76/><T53/><D127/><U45/><E94/><V135/><F135/><T105/><D105/><U122/><N who="1" m="31264" /><U109/><E82/><V55/><F100/><T40/><D133/><U63/><E3/><V75/><F75/><T74/><D74/><U54/><E79/><V103/><F103/><T91/><D114/><U78/><E77/><V80/><F80/><T134/><D134/><U33/><E78/><V83/><F83/><T132/><D132/><U36/><E33/><V32/><F32/><T119/><D119/><U98/><E98/><V115/><F115/><T66/><D118/><U123/><N who="1" m="31520" /><U111/><E70/><V60/><F107/><T81/><D117/><U116/><E116/><V85/><F92/><T126/><D126/><RYUUKYOKU type="nm" ba="1,0" sc="787,60,35,-20,228,-40,0,0" hai1="36,38,41,43,45,54,57,58,61,63,64,109,111" owari="847,79,15,-58,188,-21,0,0" /></mjloggm>