<mjloggm ver="2.3"><GO type="225"/><UN n0="%E3%83%9B%E3%83%A2%E3%83%8F%E3%83%A0" n1="%E5%B1%B1%E5%B9%B8%E5%95%86%E5%BA%97" n2="%E9%9B%AA%E5%9B%BD%E8%82%B2%E3%81%A1" n3="%E2%98%85%E3%83%A6%E3%83%94%E3%83%86%E3%83%AB%E2%98%85" dan="16,17,17,17" rate="2063,2176,2126,2087" sx="M,M,M,M"/><TAIKYOKU oya="0"/><INIT seed="0,0,0,3,2,10" ten="250,250,250,250" oya="0" hai0="63,0,12,30,124,46,54,101,29,83,49,65,55" hai1="8,125,73,45,69,48,51,4,9,22,27,118,114" hai2="53,58,92,68,93,120,5,91,115,14,94,62,77" hai3="78,6,75,119,47,41,123,132,38,2,126,57,127" shuffle="mt19937ar,A90EB8D7,F040C7FB,91F9C80C,6595A259,38616235,D8D78BB2,0C6B4BD0,A666BF36"/><T39/><D124/><N who="3" m="47657" /><G119/><T18/><D0/><U110/><E118/><V7/><F120/><W121/><G57/><T85/><D101/><U80/><E69/><V109/><F115/><W44/><G44/><T34/><D39/><U99/><E114/><V15/><F109/><W98/><G98/><T105/><D105/><U28/><E110/><V86/><F68/><W116/><G116/><T133/><D133/><U117/><E117/><V87/><F77/><W129/><G129/><T59/><D34/><U89/><E9/><V36/><F36/><W102/><G102/><T19/><D65/><U74/><E51/><V70/><F70/><W112/><G112/><T61/><D61/><U26/><E125/><V130/><F130/><W23/><G23/><T113/><D113/><U100/><E27/><V106/><F106/><W122/><G132/><T33/><D33/><U31/><E31/><V52/><F53/><W16/><G16/><N who="0" m="6187" /><D12/><N who="2" m="4650" /><F87/><W90/><G90/><AGARI ba="0,0" hai="29,30,46,49,54,55,59,63,83,85,90" m="6187" machi="90" ten="30,2900,0" yaku="8,1,54,1" doraHai="10" who="0" fromWho="3" sc="250,29,250,0,250,0,250,-29" /><INIT seed="0,1,0,2,5,78" ten="279,250,250,221" oya="0" hai0="8,96,100,123,36,51,119,110,79,113,114,58,126" hai1="23,133,86,29,9,135,107,106,42,17,4,27,7" hai2="62,93,109,84,59,128,26,50,25,80,99,20,18" hai3="97,95,30,34,24,10,112,16,33,131,15,60,55" shuffle="mt19937ar,6E2020F9,9633D1D5,069726AC,7ABEC26D,39A84E60,CA3CEC4C,034A3C9A,08DD966E"/><T44/><D123/><U32/><E42/><V31/><F128/><W49/><G131/><T66/><D119/><U71/><E71/><V120/><F120/><W108/><G108/><T121/><D121/><U132/><E86/><V38/><F38/><W116/><G116/><T28/><D126/><U75/><E75/><V41/><F109/><W40/><G112/><T122/><D122/><U1/><REACH who="1" step="1"/><E4/><REACH who="1" step="2"/><V72/><F72/><W70/><G40/><N who="0" m="24967" /><D113/><U69/><E69/><V5/><F5/><W82/><G70/><T3/><D114/><U81/><E81/><V46/><F84/><W53/><G82/><T118/><D118/><U21/><E21/><V56/><F80/><W89/><G33/><T61/><D36/><U22/><E22/><N who="2" m="15799" /><F62/><W6/><G60/><T130/><D61/><U87/><E87/><V74/><F74/><W48/><G6/><T43/><D130/><U103/><E103/><AGARI ba="1,1" hai="18,20,26,41,46,50,56,59,93,99,103" m="15799" machi="103" ten="30,1000,0" yaku="8,1" doraHai="78" who="2" fromWho="1" sc="279,0,240,-13,250,23,221,0" /><INIT seed="1,0,0,4,2,57" ten="279,227,273,221" oya="1" hai0="111,34,125,126,69,38,80,59,99,27,130,62,48" hai1="9,32,44,97,60,12,8,119,58,88,75,6,36" hai2="113,117,28,0,121,29,67,129,108,52,115,91,104" hai3="106,72,127,7,71,17,77,39,47,65,21,19,46" shuffle="mt19937ar,3638EBB2,36653FCD,84065745,A1D402F5,492B2F80,C9CA41E3,384052AF,B935058C"/><U114/><E75/><V84/><F117/><W13/><G106/><T20/><D38/><U86/><E32/><V73/><F121/><W116/><G116/><T107/><D130/><U45/><E119/><V101/><F73/><W33/><G33/><T128/><D128/><U74/><E74/><V16/><F0/><W22/><G127/><N who="0" m="48651" /><D80/><U109/><E36/><V87/><F129/><W83/><G7/><T134/><D134/><U81/><E114/><V11/><F67/><W53/><G39/><T112/><D112/><U5/><E97/><V89/><F101/><W76/><G53/><T15/><D15/><N who="1" m="5519" /><E109/><V43/><F104/><W122/><G122/><T85/><D85/><U118/><E118/><V124/><F108/><W92/><G92/><T35/><D111/><U51/><E51/><V25/><F124/><W18/><G76/><T61/><D69/><U42/><E42/><V4/><F43/><W70/><G18/><N who="0" m="12695" /><D99/><U94/><E81/><V100/><F113/><W96/><G96/><T103/><D103/><U90/><E90/><V66/><F100/><W56/><G70/><T105/><D105/><U41/><E41/><V95/><F91/><W68/><G68/><T120/><D107/><U82/><E82/><V98/><F89/><W3/><G3/><T78/><D78/><U110/><E110/><V31/><F98/><W135/><G71/><T30/><D120/><U55/><AGARI ba="0,0" hai="6,9,12,44,45,55,58,60,86,88,94" m="5519" machi="55" ten="30,6000,0" yaku="8,1,52,1,54,1" doraHai="57" who="1" fromWho="1" sc="279,-20,227,60,273,-20,221,-20" /><INIT seed="1,1,0,4,5,18" ten="259,287,253,201" oya="1" hai0="27,90,105,42,15,89,28,94,103,54,135,76,131" hai1="127,84,86,5,11,107,104,52,47,57,75,126,56" hai2="33,64,66,0,88,60,13,69,113,68,74,65,35" hai3="97,83,118,41,10,73,91,78,23,49,29,48,30" shuffle="mt19937ar,EB6600A3,40488133,F9F912F4,C1DEC8D3,7B38DC57,B11FF33F,171C4D90,B293ADA3"/><U37/><E75/><V95/><F0/><W77/><G118/><T114/><D114/><U70/><E70/><V116/><F74/><W125/><G125/><N who="1" m="47626" /><E37/><V51/><F116/><W123/><G123/><T21/><D135/><U115/><E47/><V17/><F113/><W20/><G10/><T1/><D1/><N who="1" m="431" /><E57/><V2/><F2/><W109/><G109/><T44/><D131/><U58/><E58/><V8/><F51/><W128/><G128/><T100/><D76/><U50/><E115/><V55/><F55/><W9/><G9/><T112/><D112/><U119/><E119/><V12/><F12/><W4/><G4/><T79/><D79/><U67/><E67/><V96/><REACH who="2" step="1"/><F65/><REACH who="2" step="2"/><W81/><G41/><T26/><D15/><U111/><E111/><V117/><F117/><W101/><G49/><T108/><D54/><U59/><E59/><V32/><F32/><W130/><G48/><T6/><D108/><U45/><E56/><V46/><F46/><W25/><G130/><T98/><D44/><U36/><E36/><V124/><F124/><W93/><G73/><T80/><D42/><U92/><E52/><V106/><F106/><W31/><G25/><T14/><D27/><U63/><E107/><V3/><F3/><W62/><G62/><AGARI ba="1,1" hai="8,13,17,33,35,60,62,64,66,68,69,88,95,96" machi="62" ten="40,8000,1" yaku="1,1,9,1,54,1,53,1" doraHai="18" doraHaiUra="87" who="2" fromWho="3" sc="259,0,287,0,243,93,201,-83" /><INIT seed="2,0,0,5,2,8" ten="259,287,336,118" oya="2" hai0="60,115,21,3,106,92,1,82,56,132,65,131,7" hai1="39,118,12,84,70,121,53,26,76,114,38,116,37" hai2="27,73,47,45,102,15,86,55,117,69,14,127,57" hai3="61,108,11,125,16,6,101,20,64,123,63,68,48" shuffle="mt19937ar,A64282FB,1BA9E58D,39450149,54F7C7C7,E1563B0E,D0E9BB98,E0616FBC,125B36E6"/><V30/><F69/><W52/><G123/><T113/><D106/><U51/><E114/><V9/><F73/><W28/><G108/><T71/><D132/><U54/><E26/><V128/><F117/><W32/><G125/><T31/><D131/><U34/><E34/><V94/><F127/><W85/><G63/><T119/><D119/><U75/><E75/><V120/><F120/><W44/><G101/><T122/><D122/><U67/><E121/><V91/><F102/><W97/><G97/><T110/><D110/><U100/><E100/><V133/><F133/><W25/><G85/><T41/><D71/><U33/><E33/><V78/><F78/><W19/><REACH who="3" step="1"/><G32/><REACH who="3" step="2"/><T98/><D115/><U18/><E118/><V126/><F126/><W135/><G135/><T10/><D113/><U112/><E116/><V46/><F128/><W105/><G105/><T4/><D98/><U130/><E130/><V80/><F80/><W5/><G5/><T124/><D82/><U0/><E112/><V134/><F134/><W107/><G107/><T42/><D124/><U79/><E84/><V129/><F129/><W29/><G29/><T23/><D92/><U99/><E99/><V66/><F94/><W35/><G35/><T13/><D31/><U103/><E103/><V50/><F30/><W58/><G58/><T36/><D7/><U2/><E70/><V109/><F86/><W72/><G72/><T96/><D96/><U90/><E79/><V22/><F109/><W104/><G104/><T95/><D95/><U89/><E76/><V87/><F57/><W24/><G24/><RYUUKYOKU ba="0,1" sc="259,-10,287,-10,336,-10,108,30" hai3="6,11,16,19,20,25,28,44,48,52,61,64,68" /><INIT seed="3,1,1,5,1,118" ten="249,277,326,138" oya="3" hai0="135,13,112,6,53,59,49,72,34,106,133,80,51" hai1="37,90,120,124,12,116,48,61,58,2,85,30,123" hai2="35,93,54,14,19,81,36,125,29,15,107,127,4" hai3="71,114,119,31,46,40,99,64,1,50,41,45,108" shuffle="mt19937ar,EFC7EB25,F8F0F659,766968B0,1C9841E2,531159A4,7294FE3C,3218BC92,15E59466"/><W129/><G1/><T20/><D34/><U76/><E2/><V69/><F107/><W74/><G119/><T98/><D112/><U100/><E116/><V32/><F36/><W11/><G74/><T21/><D106/><U115/><E37/><V88/><F69/><W5/><G114/><T121/><D98/><U73/><E115/><V92/><F81/><W7/><G129/><T102/><D102/><U105/><E30/><V28/><F54/><W128/><G128/><T79/><D51/><U111/><E48/><V101/><F4/><W8/><G31/><T89/><D89/><U52/><E12/><V39/><F39/><W26/><G26/><T57/><D57/><U68/><E68/><V65/><F65/><W110/><G99/><T122/><D6/><U22/><E22/><N who="0" m="8809" /><D13/><U62/><E62/><V17/><F88/><W47/><G71/><T84/><D72/><U103/><E124/><V75/><F75/><W42/><G64/><T96/><D96/><N who="1" m="61575" /><E103/><AGARI ba="1,1" hai="14,15,17,19,28,29,32,35,92,93,101,103,125,127" machi="103" ten="25,1600,0" yaku="22,2" doraHai="118" who="2" fromWho="1" sc="249,0,277,-19,326,29,138,0" owari="249,-10,258,1,355,35,138,-26" /></mjloggm>