<mjloggm ver="2.3"><GO type="185"/><UN n0="%E6%84%9F%E8%AC%9D%E3%81%A7%E3%81%99" n1="%E3%81%A8%E3%81%84%E3%81%A4%E3%81%BE%E3%81%99%E3%81%9F%E3%81%81%E2%99%AA" n2="%E3%80%93%E3%81%84%E3%81%A1%E3%81%AF%E3%82%89%E3%80%93" n3="" dan="17,16,18,0" rate="2214,2124,2254,1500" sx="M,M,M,C"/><TAIKYOKU oya="0"/><INIT seed="0,0,0,1,0,94" ten="350,350,350,0" oya="0" hai0="128,38,71,47,3,97,1,100,89,73,116,111,39" hai1="96,127,58,104,43,65,114,109,132,36,83,88,59" hai2="131,102,46,81,76,2,35,55,41,103,90,84,98" hai3="" shuffle="mt19937ar,BCAD0B87,1DFC0DAA,FE034FEF,C13E1165,0D0C8324,D469CE7C,0E88D515,01FE4941"/><T67/><D116/><U0/><E0/><V56/><F131/><T85/><D128/><U91/><E114/><V45/><F35/><T99/><D73/><U44/><E109/><V110/><F110/><T107/><D111/><U126/><E132/><V78/><F2/><T118/><D118/><U133/><E133/><V80/><F103/><T135/><D135/><U92/><E104/><V77/><F41/><T108/><D108/><U117/><E117/><V130/><F81/><T52/><D1/><U61/><REACH who="1" step="1"/><E58/><REACH who="1" step="2"/><V60/><REACH who="2" step="1"/><F130/><REACH who="2" step="2"/><T112/><D3/><U123/><N who="1" m="31520" /><U75/><E75/><V95/><AGARI ba="0,2" hai="45,46,55,56,60,76,77,78,80,84,90,95,98,102" machi="95" ten="30,6000,1" yaku="1,1,0,1,8,1,52,1,53,1" doraHai="94" doraHaiUra="50" who="2" fromWho="2" sc="350,-40,340,-20,340,80,0,0" /><INIT seed="1,0,0,4,2,51" ten="310,320,420,0" oya="1" hai0="122,116,103,53,108,52,74,135,129,33,70,102,65" hai1="89,90,107,98,95,121,42,83,80,68,106,133,134" hai2="40,77,120,71,130,39,45,127,44,49,38,115,126" hai3="" shuffle="mt19937ar,0DED983B,17FBD269,CCD18B17,AD4F37D6,045C226A,B418A8AE,8C797A44,F8CECD41"/><U76/><N who="1" m="31008" /><U104/><E68/><V63/><N who="2" m="30752" /><V91/><F77/><T97/><N who="0" m="31264" /><T62/><D33/><U93/><E42/><V100/><F100/><T60/><D135/><N who="1" m="51723" /><E76/><V96/><F96/><AGARI ba="0,0" hai="80,83,89,90,93,95,96,98,104,106,107" m="51723,31008" machi="96" ten="40,12000,1" yaku="20,1,34,2,52,1" doraHai="51" who="1" fromWho="2" sc="310,0,320,120,420,-120,0,0" /><INIT seed="1,1,0,3,5,107" ten="310,440,300,0" oya="1" hai0="61,36,77,72,33,84,83,46,95,2,32,124,117" hai1="42,103,125,49,50,131,102,99,70,128,112,109,116" hai2="54,101,85,76,57,65,58,122,67,51,71,119,94" hai3="" shuffle="mt19937ar,A39E0343,12660976,FA63DF34,D4FFD28F,A48F50D8,5F1B0DD1,3943CCE5,DFB65D76"/><U135/><E116/><V88/><N who="2" m="31264" /><V87/><F119/><T93/><D117/><U62/><E112/><V68/><F101/><T121/><N who="0" m="31008" /><T79/><D2/><U40/><E109/><V35/><F35/><T41/><D124/><U118/><E118/><V100/><F100/><T106/><D106/><U39/><E125/><V60/><F71/><T129/><D129/><N who="1" m="49739" /><E103/><V74/><F68/><T123/><N who="0" m="31520" /><T56/><D79/><U132/><E99/><V134/><F134/><N who="1" m="51241" /><E102/><V34/><F34/><T111/><D111/><U97/><E97/><V73/><REACH who="2" step="1"/><F67/><REACH who="2" step="2"/><T47/><D33/><U48/><E39/><V75/><F75/><T69/><D32/><U115/><E115/><V78/><F78/><T86/><D72/><U92/><E92/><V126/><F126/><T90/><D95/><U43/><E43/><V1/><F1/><T45/><REACH who="0" step="1"/><D69/><REACH who="0" step="2"/><U89/><E89/><V59/><F59/><T110/><D110/><U96/><E96/><V104/><F104/><T3/><D3/><U0/><E0/><V82/><AGARI ba="1,2" hai="51,54,57,58,60,65,73,74,76,82,85,87,88,94" m="31264" machi="82" ten="30,9000,2" yaku="1,1,0,1,52,3,54,1,53,0" doraHai="107" doraHaiUra="37" who="2" fromWho="2" sc="300,-31,440,-61,290,112,0,0" /><INIT seed="2,0,0,0,1,82" ten="269,379,402,0" oya="2" hai0="83,98,124,106,84,47,69,34,117,33,81,111,0" hai1="119,120,64,97,114,76,86,71,68,90,40,42,55" hai2="118,38,101,108,127,123,113,32,57,93,122,70,51" hai3="" shuffle="mt19937ar,C36ED286,82B3516E,2150F637,B9DDB91A,4B8B51A5,32C066F4,83AA412C,78680827"/><V99/><N who="2" m="31264" /><V115/><N who="2" m="31520" /><V60/><F32/><T132/><D0/><U52/><N who="1" m="30752" /><U48/><E114/><V62/><F38/><T39/><D117/><U65/><E119/><V104/><F118/><T72/><D132/><U110/><E76/><V79/><F127/><T100/><D124/><U95/><E110/><V128/><F128/><T116/><D69/><U41/><E71/><V112/><F108/><T131/><D111/><U125/><E125/><V105/><F79/><T87/><D72/><U1/><E1/><V78/><F78/><T46/><D131/><U135/><E135/><V3/><F3/><T89/><D116/><U67/><E68/><V73/><F73/><T45/><REACH who="0" step="1"/><D39/><REACH who="0" step="2"/><U92/><REACH who="1" step="1"/><E48/><REACH who="1" step="2"/><V50/><F50/><T134/><D134/><U121/><N who="1" m="31008" /><U36/><E36/><V49/><F49/><T130/><D130/><U2/><E2/><V37/><F37/><T133/><D133/><U109/><E109/><V75/><F51/><T61/><D61/><U91/><AGARI ba="0,2" hai="40,41,42,52,55,64,65,67,86,90,91,92,95,97" m="31008,30752" machi="91" ten="40,9000,2" yaku="1,1,0,1,8,1,52,3,54,1,53,0" doraHai="82" doraHaiUra="129" who="1" fromWho="1" sc="259,-30,369,110,402,-60,0,0" /><INIT seed="4,0,0,3,2,102" ten="229,479,342,0" oya="0" hai0="80,47,110,78,43,63,133,73,97,71,95,58,0" hai1="116,129,1,66,34,127,49,100,113,70,45,51,121" hai2="105,131,60,86,106,126,50,33,35,84,75,83,128" hai3="" shuffle="mt19937ar,3A6F5FDA,972090EE,7580C310,2BC2F47E,F11977D0,3587EF41,069208B8,5886B993"/><T89/><D0/><U81/><N who="1" m="31008" /><U98/><E1/><V76/><F60/><T135/><D71/><U48/><E34/><V62/><F62/><T99/><D99/><U77/><E116/><V104/><F50/><T38/><REACH who="0" step="1"/><D110/><REACH who="0" step="2"/><U2/><E2/><V88/><F126/><T118/><D118/><U3/><E127/><V42/><F33/><T112/><D112/><U39/><E3/><V56/><F35/><T57/><D57/><U115/><E70/><V114/><F56/><T94/><D94/><U32/><E32/><V93/><F114/><T61/><D61/><U37/><E115/><V132/><F132/><T55/><AGARI ba="0,1" hai="38,43,47,55,58,63,73,78,80,89,95,97,133,135" machi="55" ten="30,4000,0" yaku="1,1,0,1,53,1" doraHai="102" doraHaiUra="79" who="0" fromWho="0" sc="219,50,479,-20,342,-20,0,0" /><INIT seed="4,1,0,3,5,65" ten="269,459,322,0" oya="0" hai0="70,134,69,114,98,81,118,41,103,101,128,124,43" hai1="79,71,58,85,84,77,60,48,113,54,32,96,119" hai2="94,55,116,83,89,97,51,74,126,111,68,64,92" hai3="" shuffle="mt19937ar,2A406A50,432693F1,ECDE91CC,300B1A8F,53322FB9,5D968E26,F4A12C21,DE60B411"/><T53/><D118/><U102/><E32/><V35/><F35/><T44/><D114/><U45/><E119/><V76/><F116/><T115/><D115/><U66/><E113/><V131/><F111/><T109/><D109/><U87/><REACH who="1" step="1"/><E45/><REACH who="1" step="2"/><V106/><F131/><T120/><N who="0" m="30752" /><T40/><D128/><U57/><E57/><V93/><F126/><T39/><D134/><U129/><E129/><V34/><F34/><T78/><D124/><U107/><AGARI ba="1,1" hai="48,54,58,60,66,71,77,79,84,85,87,96,102,107" machi="107" ten="30,3000,0" yaku="1,1,0,1,52,1,53,0" doraHai="65" doraHaiUra="133" who="1" fromWho="1" sc="269,-21,449,42,322,-11,0,0" /><INIT seed="5,0,0,1,5,94" ten="248,491,311,0" oya="1" hai0="133,112,93,99,59,78,128,121,105,79,2,98,72" hai1="0,77,110,61,129,106,91,134,60,97,96,74,32" hai2="88,83,90,55,49,131,80,56,87,92,46,111,102" hai3="" shuffle="mt19937ar,EE886F09,AA90345B,8B150011,A2F39EC7,1EF50337,58204234,3767AF56,52F0583A"/><U114/><E32/><V101/><F111/><T81/><N who="0" m="31008" /><T103/><D2/><U126/><E110/><V33/><F33/><T119/><D59/><U123/><N who="1" m="31520" /><U76/><E0/><V64/><F131/><T118/><D128/><U89/><E129/><V66/><F83/><T132/><D112/><U44/><E114/><V113/><F113/><T75/><D79/><U69/><E69/><V37/><F37/><T104/><D72/><U62/><E44/><V42/><F42/><T57/><D57/><U35/><E35/><V39/><F39/><T120/><N who="0" m="30752" /><T43/><D43/><U47/><E47/><V45/><F45/><T51/><D51/><U86/><E74/><V38/><F38/><T125/><D125/><U122/><N who="1" m="31264" /><U100/><E126/><V41/><F41/><T68/><D68/><U1/><E1/><V34/><F34/><T115/><D115/><U54/><E54/><V73/><F73/><T135/><D105/><U109/><E109/><V63/><F66/><T117/><D119/><U67/><E67/><V84/><AGARI ba="0,0" hai="46,49,55,56,63,64,80,84,87,88,90,92,101,102" machi="84" ten="20,3900,0" yaku="0,1,7,1,8,1,54,1" doraHai="94" who="2" fromWho="2" sc="248,-13,491,-26,311,39,0,0" /><INIT seed="6,0,0,4,4,93" ten="235,465,350,0" oya="2" hai0="32,39,122,123,36,40,96,101,51,0,2,1,97" hai1="108,49,34,100,130,48,94,35,133,81,71,92,45" hai2="102,53,98,82,75,106,62,60,124,68,69,129,73" hai3="" shuffle="mt19937ar,1701A525,983E66F0,7D597414,C8F050AC,070C29E1,00F8F3CE,F2072421,AC947F20"/><V131/><F124/><T91/><N who="0" m="31264" /><T105/><N who="0" m="31520" /><T103/><D32/><U107/><E71/><V55/><F82/><T117/><D117/><U109/><E107/><V115/><F115/><T128/><D128/><U135/><E130/><V37/><F37/><T78/><D78/><U70/><E70/><V57/><F102/><T46/><REACH who="0" step="1"/><D91/><REACH who="0" step="2"/><U110/><E35/><V54/><F131/><T61/><D61/><U111/><E34/><V118/><F118/><T88/><D88/><U47/><E111/><V99/><F129/><T80/><D80/><U134/><E81/><V132/><F62/><T119/><D119/><U56/><E110/><V85/><F60/><T41/><D41/><U116/><E109/><V87/><F132/><T66/><D66/><U121/><E108/><V95/><F55/><T3/><N who="0" m="0" /><DORA hai="83" /><T125/><D125/><U65/><E116/><V86/><F54/><T44/><D44/><U126/><E45/><V127/><F127/><T52/><D52/><U84/><E47/><V59/><F53/><T63/><D63/><U79/><E126/><V112/><F112/><T58/><D58/><U74/><E135/><V43/><F43/><T67/><D67/><U76/><E134/><V72/><F72/><RYUUKYOKU ba="0,1" sc="225,20,465,-10,350,-10,0,0" hai0="36,39,40,46,51,96,97,101,103,105" owari="245,-35,465,41,340,-6,0,0" /></mjloggm>