<mjloggm ver="2.3"><GO type="185"/><UN n0="%41%55%54%4F%4E%4F%4D%59" n1="%E3%81%B5%E3%81%8F%EF%BC%A3%EF%BD%88%EF%BD%81%EF%BD%8E%E2%99%AA" n2="%E4%B8%89%E7%94%B0%E6%9D%91%E8%8C%9C" n3="" dan="16,16,17,0" rate="2117,2176,2226,1500" sx="M,F,F,C"/><TAIKYOKU oya="0"/><INIT seed="0,0,0,2,4,133" ten="350,350,350,0" oya="0" hai0="105,47,113,98,82,49,62,68,72,50,43,45,56" hai1="41,83,53,55,75,127,54,110,73,122,48,64,104" hai2="95,3,107,51,125,87,61,66,44,76,109,124,89" hai3="" shuffle="mt19937ar,6D296A20,97045C41,7ED472BD,D7063055,AEA7ADB2,40B98FCA,0EFC00B5,DE0D73A0"/><T81/><D68/><U36/><N who="1" m="31264" /><U108/><E104/><V99/><F3/><T102/><D72/><U60/><E83/><V38/><F38/><T52/><REACH who="0" step="1"/><D113/><REACH who="0" step="2"/><U85/><E75/><V86/><F109/><T79/><D79/><U2/><E73/><V129/><F129/><T106/><D106/><U93/><E108/><V101/><F76/><T121/><N who="0" m="31008" /><T100/><D100/><U74/><E74/><V114/><F114/><T57/><D57/><U88/><E110/><V130/><F130/><T33/><D33/><U65/><E2/><V80/><F107/><T103/><D103/><U97/><E60/><V115/><F115/><T117/><D117/><U37/><E37/><V96/><F96/><T58/><D58/><U92/><E36/><V135/><F87/><T128/><D128/><U123/><N who="1" m="31520" /><U112/><E112/><V0/><F0/><T46/><D46/><U131/><E131/><V70/><REACH who="2" step="1"/><F135/><REACH who="2" step="2"/><T116/><D116/><U1/><E1/><V34/><F34/><T118/><D118/><U111/><E111/><V32/><F32/><T35/><D35/><U67/><E97/><V119/><F119/><T90/><D90/><U132/><E132/><V126/><F126/><T94/><D94/><RYUUKYOKU ba="0,2" sc="340,10,350,-20,340,10,0,0" hai0="43,45,47,49,50,52,56,62,81,82,98,102,105" hai2="44,51,61,66,70,80,86,89,95,99,101,124,125" /><INIT seed="0,1,2,3,4,60" ten="350,330,350,0" oya="0" hai0="87,57,88,61,65,68,47,52,116,82,33,94,105" hai1="2,123,42,98,110,128,120,48,71,95,76,54,51" hai2="49,55,56,89,126,102,39,127,36,45,41,131,96" hai3="" shuffle="mt19937ar,DF6F93E4,0D9BA633,C051BD7D,0A2BF12B,40E595E6,97537C3C,8EA8A2E4,C9844FAC"/><T118/><D105/><U83/><N who="1" m="30752" /><U93/><N who="1" m="31520" /><U133/><E110/><V99/><F131/><T132/><D33/><U74/><E133/><V0/><F0/><T117/><D132/><U1/><E128/><V130/><F130/><T43/><D82/><U129/><E71/><V59/><F89/><T121/><N who="0" m="31008" /><T112/><D112/><U32/><E32/><V114/><F114/><T35/><D35/><U124/><E124/><N who="2" m="47659" /><F59/><T37/><D37/><N who="2" m="14410" /><F102/><T44/><REACH who="0" step="1"/><D43/><REACH who="0" step="2"/><U107/><E42/><V113/><F113/><T90/><D90/><U100/><E129/><V103/><F103/><T77/><D77/><U75/><E1/><V91/><F91/><T119/><N who="0" m="29696" /><DORA hai="3" /><T108/><D108/><U80/><E107/><V53/><F41/><T84/><D84/><U97/><E2/><V62/><AGARI ba="1,3" hai="45,49,53,55,56,62,96,99" m="14410,47659" machi="62" ten="30,800,0" yaku="18,1" doraHai="60,3" who="2" fromWho="2" sc="340,-6,330,-4,350,40,0,0" /><INIT seed="1,0,0,5,0,135" ten="334,326,390,0" oya="1" hai0="73,77,74,132,40,125,42,47,38,70,98,1,116" hai1="53,109,36,58,3,92,65,85,55,71,113,64,69" hai2="52,87,59,81,76,95,110,90,97,120,133,45,44" hai3="" shuffle="mt19937ar,8EF4EA8A,C5160ECC,83DC3A7D,C86349EE,B9BFB49D,0A98841B,3D6C56C4,8219EA63"/><U93/><E3/><V99/><N who="2" m="30752" /><V46/><F110/><T57/><D1/><U67/><E113/><V118/><F118/><T130/><D70/><U131/><E109/><V68/><F68/><T96/><D116/><U103/><E36/><V82/><F82/><T124/><D132/><U128/><E53/><V79/><F133/><T121/><N who="0" m="31008" /><T89/><D42/><U117/><E117/><V112/><F112/><T32/><D32/><U80/><E69/><V126/><F126/><N who="0" m="48746" /><D130/><N who="1" m="49707" /><E103/><V123/><N who="2" m="31520" /><V39/><F39/><T0/><D0/><U62/><E71/><V33/><F33/><T127/><D127/><U34/><E34/><V111/><F111/><T108/><D108/><U54/><E54/><V86/><REACH who="2" step="1"/><F76/><AGARI ba="0,0" hai="55,58,62,64,65,67,76,80,85,92,93" m="49707" machi="76" ten="30,1500,0" yaku="19,1" doraHai="135" who="1" fromWho="2" sc="334,0,326,15,390,-15,0,0" /><INIT seed="1,1,0,0,3,130" ten="334,341,375,0" oya="1" hai0="134,71,52,69,76,133,35,34,121,36,128,118,77" hai1="87,101,32,48,123,131,45,104,73,2,1,80,78" hai2="103,88,126,94,37,68,117,70,98,61,109,43,62" hai3="" shuffle="mt19937ar,5797F383,1F6285CE,3FF6ABAD,3DAE8DA1,9D0D4033,A486E2E9,5F890B95,0CE2EEB8"/><U120/><N who="1" m="30752" /><U65/><N who="1" m="31520" /><U96/><E32/><V50/><F126/><T51/><N who="0" m="31008" /><T53/><D36/><U64/><E131/><V112/><F117/><T86/><D128/><U95/><E104/><V97/><F37/><T106/><D106/><U83/><E1/><V111/><F112/><T82/><D118/><U114/><E114/><V113/><F113/><T92/><D77/><U84/><E73/><V38/><F38/><T40/><D40/><U99/><E99/><V115/><F115/><T135/><D53/><U132/><E132/><V105/><F50/><T125/><D125/><U79/><E2/><V54/><F54/><AGARI ba="1,0" hai="45,48,54,64,65,78,79,80,83,84,87,95,96,101" m="31520,30752" machi="54" ten="30,12000,1" yaku="7,1,9,1,8,1,52,2" doraHai="130" who="1" fromWho="2" sc="334,0,341,122,375,-122,0,0" /><INIT seed="1,2,0,1,2,65" ten="334,463,253,0" oya="1" hai0="69,47,90,46,44,98,107,35,81,93,109,83,131" hai1="33,122,121,87,62,82,95,101,39,40,89,80,36" hai2="111,112,63,117,71,54,41,37,79,60,91,34,70" hai3="" shuffle="mt19937ar,6FF42B52,702719CD,11F1F872,2B814EDB,2F95E6C6,62310417,8C23B47F,7E0E7563"/><U78/><N who="1" m="31008" /><U1/><N who="1" m="31264" /><U119/><E1/><V66/><F34/><T75/><D35/><U77/><E33/><V116/><F112/><T126/><D126/><U76/><E119/><V130/><F79/><T118/><D118/><U43/><E101/><V2/><F2/><T124/><D124/><U135/><E135/><V68/><F130/><T49/><D131/><U48/><E62/><V61/><F111/><T125/><D125/><U84/><E76/><V128/><F128/><T134/><D109/><U38/><REACH who="1" step="1"/><E48/><REACH who="1" step="2"/><V92/><F117/><T59/><D134/><U86/><AGARI ba="2,1" hai="36,38,39,40,43,77,78,80,82,84,86,87,89,95" m="31264,31008" machi="86" ten="30,12000,2" yaku="1,1,2,1,0,1,9,1,52,2,53,0" doraHai="65" doraHaiUra="56" who="1" fromWho="1" sc="334,-62,453,134,253,-62,0,0" /><INIT seed="1,3,0,3,4,37" ten="272,587,191,0" oya="1" hai0="49,3,82,110,48,78,127,94,119,60,32,98,84" hai1="103,95,46,104,117,131,101,106,52,56,92,47,70" hai2="45,116,57,135,123,68,76,99,54,61,67,40,132" hai3="" shuffle="mt19937ar,4EF3C168,6034F900,C84984AA,10A8646D,8E86532F,33CC54E9,8FFD3EC0,F9489177"/><U80/><E117/><V2/><N who="2" m="31520" /><V118/><F2/><T125/><D119/><N who="2" m="45610" /><F76/><T124/><D3/><U108/><E70/><V88/><F88/><T109/><D32/><U81/><E131/><V72/><F99/><T63/><D49/><U122/><N who="1" m="31264" /><U42/><E108/><N who="0" m="41577" /><D48/><U121/><N who="1" m="31008" /><U85/><E106/><V114/><F72/><T0/><D0/><U97/><E103/><AGARI ba="3,0" hai="60,63,78,82,84,94,98,103,124,125,127" m="41577" machi="103" ten="40,2600,0" yaku="18,1,14,1" doraHai="37" who="0" fromWho="1" sc="272,32,587,-32,191,0,0,0" /><INIT seed="2,0,0,1,0,95" ten="304,555,191,0" oya="2" hai0="119,64,62,55,79,122,88,65,116,45,132,47,73" hai1="77,75,113,43,101,107,87,69,114,89,124,120,40" hai2="118,104,134,76,35,86,56,115,131,48,41,33,39" hai3="" shuffle="mt19937ar,7374EE11,B0F229BA,56A1692E,B5AD81A1,06A736C6,48A98E63,B4D966C3,D475309B"/><V67/><F118/><T78/><N who="0" m="31264" /><T60/><D132/><U112/><N who="1" m="30752" /><U125/><E69/><V0/><F134/><T58/><D45/><U85/><E43/><V135/><F135/><T51/><D79/><U133/><E40/><V50/><F115/><T53/><D53/><U90/><E133/><V34/><F104/><T49/><D49/><U110/><E110/><V106/><F106/><T72/><D78/><U68/><E68/><V129/><F0/><T36/><D36/><U54/><E54/><V59/><F86/><T108/><D108/><U105/><E75/><V80/><F67/><T123/><N who="0" m="31520" /><T42/><D42/><U66/><E77/><V94/><F39/><T83/><D73/><U57/><E57/><V63/><F41/><T44/><D44/><U82/><E66/><V81/><F34/><T100/><D72/><U1/><E1/><V97/><F63/><T121/><N who="0" m="31008" /><T126/><D119/><U46/><E46/><V96/><REACH who="2" step="1"/><F76/><REACH who="2" step="2"/><T127/><D116/><U109/><E109/><V130/><F130/><T128/><D128/><U93/><E107/><V111/><F111/><T2/><D2/><U103/><E105/><V102/><F102/><AGARI ba="0,1" hai="82,85,87,89,90,93,101,102,103,112,113,114,124,125" m="30752" machi="102" ten="50,8000,1" yaku="34,3,52,1" doraHai="95" who="1" fromWho="2" sc="304,0,555,90,181,-80,0,0" /><INIT seed="4,0,0,4,3,122" ten="304,645,101,0" oya="0" hai0="99,71,44,78,70,91,89,68,130,102,59,53,90" hai1="100,80,32,46,121,110,3,131,127,48,120,57,33" hai2="125,96,51,54,108,109,74,103,2,101,67,85,107" hai3="" shuffle="mt19937ar,C20BB03A,7E14917F,C0A9262B,3967BF44,4C7850DA,A84E9F42,813F6FA8,0DBFFE06"/><T117/><D117/><U38/><N who="1" m="30752" /><U42/><N who="1" m="31008" /><U34/><E3/><V56/><F2/><T95/><D130/><U124/><E110/><V39/><F125/><N who="1" m="48201" /><E100/><V1/><F1/><T69/><D69/><U52/><E131/><V118/><F118/><T93/><D78/><U58/><E80/><V43/><F103/><T111/><D44/><AGARI ba="0,0" hai="32,33,34,38,42,44,46,48,52,57,58" m="48201,31008,30752" machi="44" ten="40,8000,1" yaku="18,1,52,2,54,1" doraHai="122" who="1" fromWho="0" sc="304,-80,645,80,101,0,0,0" /><INIT seed="5,0,0,0,4,69" ten="224,725,101,0" oya="1" hai0="133,57,119,75,131,56,98,118,96,70,38,35,3" hai1="40,113,123,68,107,33,106,94,51,112,59,48,129" hai2="93,114,65,99,78,120,126,73,130,86,55,121,82" hai3="" shuffle="mt19937ar,A01618D7,FE7607CE,11E00065,DD61BE91,018221AD,96698B79,44673ECE,72B3BAD9"/><U79/><N who="1" m="31520" /><U116/><E33/><V74/><N who="2" m="30752" /><V124/><N who="2" m="31008" /><V67/><F114/><N who="1" m="44137" /><E68/><V105/><F130/><T53/><D35/><U77/><E129/><V132/><F65/><T89/><D131/><U103/><E116/><V115/><F67/><T109/><D70/><U125/><E125/><N who="2" m="48235" /><F55/><T54/><D54/><U91/><E103/><V100/><F115/><T122/><D53/><U88/><E59/><V37/><F37/><T44/><N who="0" m="31264" /><T101/><D101/><U90/><E94/><V45/><F45/><T34/><D34/><U71/><E71/><V87/><F132/><T58/><D56/><U39/><E39/><V83/><F93/><T128/><D128/><U61/><E61/><V97/><F97/><T52/><D38/><U60/><E60/><V81/><F81/><T46/><D58/><U76/><E48/><V50/><F50/><T72/><D57/><U80/><E80/><V66/><F66/><T64/><D64/><U1/><E1/><V117/><F117/><T41/><D3/><U110/><E51/><V84/><F84/><T36/><D36/><U47/><E47/><V32/><F32/><T102/><D46/><U127/><E127/><V134/><F134/><T108/><D44/><RYUUKYOKU ba="0,0" sc="224,-10,725,-10,101,20,0,0" hai2="73,74,78,82,83,86,87,99,100,105" /><INIT seed="6,1,0,3,4,79" ten="214,715,121,0" oya="2" hai0="98,53,95,3,60,65,38,48,1,130,112,56,109" hai1="111,118,44,82,77,34,106,90,66,61,36,72,58" hai2="94,135,33,101,91,86,64,110,42,35,108,76,89" hai3="" shuffle="mt19937ar,E0F075E4,28BEE1B9,069E82D4,ADC9B6F1,CBF57B66,AA21A39F,B73017E5,FCB5CEB0"/><V80/><F135/><T103/><D38/><U88/><E118/><V105/><F33/><T45/><D109/><N who="2" m="42090" /><F42/><T39/><D130/><U52/><E111/><V127/><F35/><T41/><D112/><U99/><E34/><V102/><F127/><T113/><D113/><U49/><E106/><V92/><F105/><T126/><D126/><U54/><E99/><V43/><F64/><T133/><D133/><U73/><E73/><V83/><F43/><T62/><D62/><U37/><E36/><V55/><F55/><T124/><D124/><U71/><E37/><V132/><F132/><T78/><D78/><U96/><E96/><V116/><F116/><T2/><D2/><U128/><E128/><V121/><N who="2" m="31008" /><V67/><F67/><T70/><AGARI ba="1,0" hai="1,3,39,41,45,48,53,56,60,65,70,95,98,103" machi="70" ten="20,3900,0" yaku="0,1,7,1,24,2" doraHai="79" who="0" fromWho="0" sc="214,41,715,-14,121,-27,0,0" owari="255,-14,701,65,94,-51,0,0" /></mjloggm>