<mjloggm ver="2.3"><GO type="225"/><UN n0="%E3%81%99%E3%81%9A%E3%81%BD%E3%82%93" n1="%E3%81%BF%E3%81%A3%E3%81%A4%E3%81%83%EF%BD%9E" n2="%E2%98%85%E3%83%A6%E3%83%94%E3%83%86%E3%83%AB%E2%98%85" n3="%E3%83%81%E3%83%A3%E3%82%AA%E3%83%AA" dan="16,17,16,17" rate="2136,2187,2052,2067" sx="M,F,M,M"/><TAIKYOKU oya="0"/><INIT seed="0,0,0,2,5,118" ten="250,250,250,250" oya="0" hai0="49,2,63,7,22,89,95,131,84,134,109,98,16" hai1="29,87,105,20,36,94,30,3,132,127,80,17,113" hai2="24,48,34,35,77,128,86,119,52,74,129,12,130" hai3="50,122,57,54,65,88,14,26,5,125,103,124,107" shuffle="mt19937ar,98EE1917,FF65FD9A,F80C980B,3B82B0FD,20D1A056,B2EFBF64,C82BD2F2,5597E0F7"/><T42/><D131/><U100/><E105/><V115/><F115/><W27/><G65/><T135/><D109/><U4/><E36/><V117/><F74/><W120/><G88/><T106/><D63/><U75/><E113/><V41/><F41/><W121/><G103/><T114/><D114/><U53/><E132/><N who="0" m="50729" /><D7/><U96/><E127/><N who="3" m="48714" /><G107/><T66/><D2/><U68/><E68/><V69/><F69/><W23/><G23/><T37/><D37/><U21/><E75/><V93/><F12/><W10/><AGARI ba="0,0" hai="5,10,14,26,27,50,54,57,120,121,122" m="48714" machi="10" ten="40,8000,1" yaku="13,1,18,1,52,3" doraHai="118" who="3" fromWho="3" sc="250,-40,250,-20,250,-20,250,80" /><INIT seed="1,0,0,2,0,11" ten="210,230,230,330" oya="1" hai0="86,55,22,67,115,59,26,92,37,125,128,53,73" hai1="91,89,134,0,75,72,33,108,70,114,61,98,9" hai2="117,111,121,88,85,14,41,56,48,74,99,44,96" hai3="130,129,84,5,17,57,119,39,62,50,87,78,36" shuffle="mt19937ar,B26259BD,83AFDE61,0BED4364,D1274E00,C2A90642,E8EAAF54,04FE075A,B49DC21B"/><U64/><E33/><V1/><F117/><W79/><G5/><T63/><D73/><U100/><E114/><V58/><F121/><W29/><G29/><T45/><D115/><U95/><E134/><V126/><F126/><W69/><G119/><T34/><D34/><U127/><E127/><V77/><F111/><W13/><G69/><T25/><D125/><U110/><E91/><V52/><F1/><W42/><G50/><T21/><D128/><N who="3" m="49257" /><G84/><T103/><D37/><N who="3" m="14409" /><G42/><T12/><D45/><U76/><E89/><V60/><F58/><W47/><G87/><T4/><D86/><U109/><E76/><V71/><F71/><W7/><G7/><AGARI ba="0,0" hai="0,7,9,61,64,70,72,75,95,98,100,108,109,110" machi="7" ten="40,3900,0" yaku="14,1,10,1" doraHai="11" who="1" fromWho="3" sc="210,0,230,39,230,0,330,-39" /><INIT seed="1,1,0,5,1,86" ten="210,269,230,291" oya="1" hai0="88,9,32,117,18,96,129,40,48,55,73,39,106" hai1="31,132,35,80,74,105,4,68,107,11,66,37,1" hai2="56,64,58,72,23,7,14,15,59,10,90,110,75" hai3="13,22,46,83,45,79,108,33,100,17,62,71,6" shuffle="mt19937ar,1B97836D,1E7DCFB0,FC1B8B23,47297DD8,8E51FEDC,C92607B7,2083E822,B8AA0177"/><U51/><E51/><V47/><F64/><W131/><G33/><T127/><D73/><U103/><E132/><V91/><F110/><W2/><G100/><T30/><D117/><U27/><E103/><V122/><F122/><W87/><G108/><T0/><D129/><U102/><E102/><V42/><F72/><W125/><G131/><T44/><D106/><U134/><E134/><V50/><F75/><W94/><G125/><T115/><D115/><U57/><E57/><V67/><F67/><W20/><G94/><N who="0" m="56391" /><D0/><U54/><E54/><V36/><F36/><W43/><G22/><T119/><D32/><U82/><E82/><V84/><F84/><W120/><G120/><T63/><D39/><U60/><REACH who="1" step="1"/><E37/><REACH who="1" step="2"/><V5/><F56/><W61/><G71/><T113/><D113/><U104/><E104/><V8/><F58/><W70/><G70/><T78/><D55/><U28/><E28/><V21/><F59/><W19/><G45/><T111/><D30/><U118/><E118/><V114/><F114/><W92/><G46/><T53/><D119/><U29/><E29/><V38/><F38/><W97/><G43/><T112/><D111/><U69/><E69/><V89/><AGARI ba="1,1" hai="5,7,8,10,14,15,21,23,42,47,50,89,90,91" machi="89" ten="30,12000,2" yaku="0,1,9,1,8,1,52,3" doraHai="86" who="2" fromWho="2" sc="210,-31,259,-61,230,133,291,-31" /><INIT seed="2,0,0,0,0,36" ten="179,198,363,260" oya="2" hai0="34,78,62,106,109,20,7,31,110,54,40,53,97" hai1="104,76,10,55,23,87,16,123,4,120,102,99,108" hai2="130,69,28,32,88,48,33,9,8,118,100,93,29" hai3="122,132,129,125,65,61,57,112,0,101,113,75,94" shuffle="mt19937ar,1A045D27,F1AEB423,8E00E414,4C39161D,6554AF65,1684EE00,A4E92008,528649A0"/><V52/><F69/><W22/><G122/><N who="1" m="46634" /><E108/><N who="0" m="41577" /><D78/><U46/><E76/><V119/><F130/><W66/><G75/><T90/><D34/><U68/><E87/><V51/><F100/><W135/><G0/><T6/><D90/><U91/><E91/><V105/><F105/><W21/><G129/><T27/><D97/><U111/><E68/><V121/><F121/><W50/><G125/><T42/><D106/><U77/><E77/><V67/><F67/><W2/><G2/><T95/><D95/><U3/><E111/><V96/><F51/><W59/><G22/><T49/><D62/><U127/><E127/><V72/><F72/><W5/><G21/><T92/><D92/><U134/><E134/><N who="3" m="51242" /><G5/><N who="0" m="1547" /><D54/><U116/><E116/><V19/><F119/><W30/><G30/><N who="2" m="11881" /><F33/><W79/><G79/><T86/><D86/><U71/><E71/><V24/><F32/><W117/><G117/><T26/><D26/><N who="1" m="14695" /><E55/><V45/><F118/><W126/><G126/><T38/><D38/><U11/><E11/><V81/><F81/><W70/><G70/><T83/><D83/><U84/><E84/><V73/><F73/><W35/><G35/><T58/><AGARI ba="0,0" hai="20,27,31,40,42,49,53,58" m="1547,41577" machi="58" ten="30,4000,0" yaku="14,1,52,2" doraHai="36" who="0" fromWho="0" sc="179,40,198,-10,363,-20,260,-10" /><INIT seed="3,0,0,0,2,38" ten="219,188,343,250" oya="3" hai0="79,10,89,94,13,43,68,15,36,47,131,25,130" hai1="113,70,24,56,74,21,57,100,111,110,20,60,4" hai2="59,2,0,117,133,6,112,81,41,102,69,34,77" hai3="62,123,93,17,107,129,18,97,61,42,92,88,40" shuffle="mt19937ar,2A8CDCC5,9D36622C,5BACBB43,3F3C1378,4B03545C,785F140E,F0AB332C,A706EF5B"/><W51/><G107/><T52/><D68/><U72/><E4/><V95/><F69/><W35/><G35/><T63/><D79/><U119/><E70/><V132/><F34/><W53/><G123/><T54/><D25/><U122/><E100/><V105/><F105/><W39/><G39/><T126/><D126/><U67/><E122/><V12/><F112/><W106/><G106/><T127/><D127/><U109/><E113/><V103/><F117/><W87/><G129/><N who="0" m="49163" /><D63/><N who="3" m="24073" /><G17/><N who="0" m="8375" /><D15/><U33/><E119/><V125/><F59/><N who="3" m="33215" /><G18/><T1/><D1/><U115/><E115/><V7/><F125/><W27/><G27/><T118/><D118/><U82/><E56/><V98/><F0/><W121/><G121/><T108/><D108/><U11/><E11/><V19/><F2/><W114/><G114/><T80/><D80/><U96/><E82/><V135/><F7/><W65/><G65/><T16/><D16/><U124/><E124/><V48/><F6/><W28/><G28/><T23/><D23/><U76/><E76/><V99/><F19/><W91/><AGARI ba="0,0" hai="40,42,87,88,91,92,93,97" m="33215,24073" machi="91" ten="30,11700,0" yaku="8,1,52,2,54,1" doraHai="38" who="3" fromWho="3" sc="219,-39,188,-39,343,-39,250,117" owari="180,-17,149,-25,304,5,367,37" /></mjloggm>