<mjloggm ver="2.3"><GO type="185"/><UN n0="%E3%80%93%E3%81%84%E3%81%A1%E3%81%AF%E3%82%89%E3%80%93" n1="%E4%B8%89%E7%94%B0%E6%9D%91%E8%8C%9C" n2="%E3%81%A8%E3%81%84%E3%81%A4%E3%81%BE%E3%81%99%E3%81%9F%E3%81%81%E2%99%AA" n3="" dan="18,17,16,0" rate="2247,2171,2150,1500" sx="M,F,M,C"/><TAIKYOKU oya="0"/><INIT seed="0,0,0,0,0,111" ten="350,350,350,0" oya="0" hai0="76,104,36,98,83,129,94,90,2,63,35,33,51" hai1="48,50,64,122,80,41,108,53,38,97,115,134,58" hai2="81,87,79,66,70,125,121,105,78,67,46,133,118" hai3="" shuffle="mt19937ar,D4063F81,1F755806,3A55E3B5,1E019414,6E64BDB2,B7792094,73423146,639583CF"/><T32/><D36/><U113/><N who="1" m="31264" /><U77/><E108/><V114/><N who="2" m="31008" /><V56/><F118/><T82/><D2/><U132/><E97/><V3/><F3/><T72/><D129/><U109/><E64/><V68/><F133/><N who="1" m="51305" /><E109/><V62/><F125/><T0/><D0/><U52/><E38/><V69/><F105/><T73/><D104/><U75/><E41/><V112/><F67/><T117/><D117/><U1/><E1/><V120/><N who="2" m="30752" /><V47/><REACH who="2" step="1"/><F79/><REACH who="2" step="2"/><T93/><D35/><U126/><E126/><V54/><F54/><T37/><D33/><U99/><E99/><V130/><F130/><T131/><D131/><U45/><AGARI ba="0,1" hai="45,48,50,52,53,58,75,77,80,113,115" m="51305,31264" machi="45" ten="30,6000,1" yaku="20,1,52,3,54,1" doraHai="111" who="1" fromWho="1" sc="350,-40,350,70,340,-20,0,0" /><INIT seed="1,0,0,5,5,75" ten="310,420,320,0" oya="1" hai0="71,43,72,116,132,109,47,56,123,121,76,60,93" hai1="70,73,50,118,86,127,117,66,106,34,52,122,82" hai2="83,64,130,119,90,74,38,1,42,113,129,40,111" hai3="" shuffle="mt19937ar,26917BEC,B3EC3C3E,04C3A7CE,199B45B6,415B13EE,CBDC1DB4,96680657,252BFCD0"/><U91/><N who="1" m="31264" /><U95/><E34/><V103/><F1/><T35/><N who="0" m="31008" /><T100/><N who="0" m="31520" /><T2/><D35/><U79/><E106/><V131/><F119/><T55/><D2/><U59/><REACH who="1" step="1"/><E127/><REACH who="1" step="2"/><V112/><F131/><T125/><D125/><U97/><E97/><V115/><F130/><T58/><D116/><U89/><E89/><V44/><F90/><T133/><D133/><U99/><E99/><V67/><F129/><T108/><D132/><U104/><E104/><V128/><F115/><T110/><D100/><U0/><E0/><V77/><F103/><T85/><D110/><U53/><E53/><V33/><F113/><T92/><D55/><U37/><E37/><V94/><F112/><T98/><D98/><U3/><E3/><V84/><F33/><T51/><D108/><U48/><E48/><V102/><F128/><T135/><D51/><U32/><E32/><V57/><F38/><T120/><D135/><U45/><E45/><V96/><F102/><T65/><D47/><U114/><E114/><V46/><F46/><T126/><D126/><U68/><E68/><V105/><F44/><T80/><D109/><U62/><AGARI ba="0,1" hai="50,52,59,62,66,70,73,79,82,86,91,95,117,118" m="31264" machi="62" ten="30,8000,1" yaku="1,1,0,1,52,2,54,1,53,0" doraHai="75" doraHaiUra="69" who="1" fromWho="1" sc="310,-40,410,90,320,-40,0,0" /><INIT seed="1,1,0,4,0,58" ten="270,500,280,0" oya="1" hai0="56,61,120,44,49,1,91,93,34,76,35,79,96" hai1="82,48,45,113,2,83,80,54,104,101,125,105,103" hai2="86,47,124,87,89,95,102,123,133,78,109,63,111" hai3="" shuffle="mt19937ar,12655895,C15F5F47,9BB837DC,F2B5EBE4,AB425959,AB327B28,27B52191,1F9C7A8D"/><U40/><E2/><V57/><N who="2" m="31520" /><V106/><F133/><T39/><N who="0" m="30752" /><T132/><D1/><U77/><E113/><V129/><F124/><T71/><D132/><U92/><E125/><V107/><F129/><T112/><D112/><U69/><E69/><V98/><F47/><T88/><D39/><U66/><E77/><V3/><F3/><T53/><D71/><U43/><E66/><V75/><F87/><T84/><D35/><U126/><E126/><V85/><F85/><T114/><D34/><U130/><E130/><V128/><F107/><T46/><D46/><U73/><E73/><V94/><F94/><T90/><D114/><U68/><E68/><V117/><F117/><T115/><D115/><U32/><E32/><V108/><F128/><T37/><D37/><U97/><E105/><V72/><F78/><N who="0" m="29738" /><D84/><U121/><N who="1" m="31008" /><U33/><E33/><V119/><REACH who="2" step="1"/><F119/><REACH who="2" step="2"/><T135/><D135/><U0/><E0/><V52/><AGARI ba="1,1" hai="52,57,63,72,75,86,89,95,98,102,106,108,109,111" m="31520" machi="52" ten="30,9000,2" yaku="1,1,2,1,0,1,14,1,52,2,54,1,53,0" doraHai="58" doraHaiUra="134" who="2" fromWho="2" sc="270,-31,500,-61,270,102,0,0" /><INIT seed="2,0,0,1,0,68" ten="239,439,372,0" oya="2" hai0="45,53,72,36,133,124,125,134,40,119,71,93,51" hai1="81,101,85,117,42,109,32,90,50,43,73,67,103" hai2="3,38,47,44,105,79,66,112,86,88,55,106,76" hai3="" shuffle="mt19937ar,82753527,161836F3,40C32CD5,BE4A18D6,9E71C95D,36DDB9A4,8C4EADD0,C05FC48C"/><V46/><F3/><T82/><D93/><U131/><E117/><V54/><F112/><T39/><D72/><U135/><E32/><V62/><F38/><N who="0" m="14378" /><D82/><U48/><E135/><N who="0" m="51721" /><D119/><U0/><E103/><V2/><F2/><T126/><D71/><U99/><E101/><V84/><F66/><T110/><D110/><U107/><E67/><V97/><F97/><T120/><N who="0" m="30752" /><T65/><D65/><U111/><E73/><V70/><F70/><T75/><D75/><U64/><E85/><V91/><F44/><T130/><D130/><U129/><E99/><V58/><F58/><T104/><D104/><U127/><E107/><V122/><N who="2" m="31264" /><V94/><REACH who="2" step="1"/><F62/><REACH who="2" step="2"/><T77/><D77/><U35/><E131/><V69/><F69/><T116/><D116/><U121/><E129/><V80/><F80/><T74/><D74/><U89/><E81/><V56/><F56/><T34/><D34/><U98/><E98/><V95/><AGARI ba="0,1" hai="46,47,54,55,76,79,84,86,88,91,94,95,105,106" m="31264" machi="95" ten="25,12000,2" yaku="1,1,0,1,22,2,52,1,54,1,53,0" doraHai="68" doraHaiUra="96" who="2" fromWho="2" sc="239,-60,439,-60,362,130,0,0" /><INIT seed="2,1,0,1,2,102" ten="179,379,492,0" oya="2" hai0="123,51,59,60,61,0,80,43,113,56,75,33,93" hai1="91,134,82,77,37,101,34,128,64,46,127,111,44" hai2="57,55,118,119,2,39,96,135,71,105,35,100,47" hai3="" shuffle="mt19937ar,1AFF54D5,E364E8E5,28551F7A,51F3ECFB,9B0D1257,B8AA5EEB,E3FBFBF4,5EDBAEB5"/><V62/><F35/><T121/><N who="0" m="31008" /><T52/><N who="0" m="31520" /><T58/><D33/><U95/><E34/><V92/><F2/><T38/><D0/><U73/><E128/><V89/><F135/><T42/><D75/><U32/><E134/><V133/><F133/><T87/><D113/><U130/><E32/><V68/><F39/><T84/><D38/><U70/><E130/><V86/><REACH who="2" step="1"/><F47/><REACH who="2" step="2"/><T125/><D125/><U131/><E46/><V54/><F54/><T120/><N who="0" m="30752" /><T117/><D117/><AGARI ba="1,1" hai="55,57,62,68,71,86,89,92,96,100,105,117,118,119" machi="117" ten="40,12000,1" yaku="1,1,52,1,53,3" doraHai="102" doraHaiUra="114" who="2" fromWho="0" sc="179,-122,379,0,482,132,0,0" /><INIT seed="2,2,0,3,2,83" ten="57,379,614,0" oya="2" hai0="92,124,52,38,107,111,130,39,131,134,58,54,55" hai1="84,116,78,100,46,45,88,59,105,60,80,77,126" hai2="71,44,110,63,115,56,65,76,32,106,96,102,36" hai3="" shuffle="mt19937ar,C27043C0,299B2C65,D36F1539,E7258BD4,96E4B8D6,253813E9,109022D0,35FFE1E1"/><V33/><F115/><T34/><D107/><U69/><E69/><V37/><F56/><T117/><D34/><U122/><N who="1" m="31264" /><U70/><E70/><V112/><F112/><T123/><N who="0" m="31520" /><T97/><D117/><U81/><E116/><V41/><F110/><T101/><D134/><U94/><E126/><V75/><F37/><T132/><D132/><U67/><E100/><V57/><F57/><T2/><D2/><U103/><E105/><V120/><N who="2" m="30752" /><V98/><F98/><T129/><D111/><U74/><E103/><V85/><REACH who="2" step="1"/><F85/><AGARI ba="2,0" hai="45,46,59,60,67,74,77,78,80,81,84,85,88,94" m="31264" machi="85" ten="30,8000,1" yaku="7,1,52,3,54,1" doraHai="83" who="1" fromWho="2" sc="57,0,379,84,614,-84,0,0" /><INIT seed="4,0,0,3,1,135" ten="57,463,530,0" oya="0" hai0="59,53,133,83,3,117,104,99,130,63,120,84,73" hai1="93,98,42,106,112,77,66,122,78,69,124,55,80" hai2="1,134,81,123,85,56,57,105,79,74,108,129,32" hai3="" shuffle="mt19937ar,53963A59,8C1253E8,AA9E3FBE,6677F2F4,4EF7AE3D,D6966616,50EA2C4F,B1EB1B4C"/><T96/><N who="0" m="30752" /><T102/><D3/><U127/><N who="1" m="31264" /><U49/><E112/><V110/><N who="2" m="31520" /><V61/><F32/><T36/><D133/><U86/><E106/><V34/><F134/><T94/><D36/><U62/><E42/><V82/><F129/><T54/><D117/><U65/><E65/><V121/><N who="2" m="31008" /><V107/><F34/><T44/><D130/><U70/><E77/><V115/><F115/><T43/><D73/><U58/><REACH who="1" step="1"/><E70/><REACH who="1" step="2"/><V88/><F1/><T131/><D131/><U116/><E116/><V132/><F132/><T109/><D109/><U111/><E111/><V52/><F110/><T50/><D104/><U101/><AGARI ba="0,1" hai="49,55,58,62,66,69,78,80,86,93,98,101,124,127" m="31264" machi="101" ten="30,6000,1" yaku="1,1,0,1,52,3,53,0" doraHai="135" doraHaiUra="0" who="1" fromWho="1" sc="57,-40,453,70,530,-20,0,0" /><INIT seed="5,0,0,3,3,122" ten="17,523,510,0" oya="1" hai0="1,84,130,100,50,71,102,98,99,134,65,108,48" hai1="57,74,83,69,73,33,67,125,118,95,58,46,82" hai2="61,42,131,107,43,112,2,123,109,51,55,79,32" hai3="" shuffle="mt19937ar,7B71E18B,636469CE,70C51A47,B7E684BF,82DFFC65,16866343,B3408A0E,4DA05F43"/><U44/><E33/><V94/><N who="2" m="31520" /><V87/><F107/><T104/><D65/><U113/><E118/><V126/><F32/><T97/><D71/><U54/><E113/><V62/><F2/><T63/><D63/><N who="2" m="24074" /><F109/><T36/><D36/><U49/><E125/><V70/><F70/><T78/><D1/><U37/><E69/><V0/><F0/><T66/><D66/><U96/><E67/><V86/><F126/><T119/><D50/><U35/><E35/><V124/><F124/><T75/><D48/><U68/><E68/><V103/><F112/><T88/><D119/><U110/><E110/><V111/><F111/><T53/><D53/><U93/><E93/><V77/><F131/><T129/><D108/><U106/><E106/><V121/><N who="2" m="31008" /><V41/><F103/><T105/><D99/><U60/><E60/><V114/><F114/><T72/><D134/><U47/><E57/><V101/><F101/><T85/><REACH who="0" step="1"/><D78/><REACH who="0" step="2"/><N who="2" m="29706" /><F94/><T132/><D132/><U45/><E37/><V135/><F135/><T80/><D80/><U92/><E82/><V89/><F89/><AGARI ba="0,1" hai="72,75,84,85,88,89,97,98,100,102,104,105,129,130" machi="89" ten="25,12000,2" yaku="1,1,22,2,34,3,54,1,53,0" doraHai="122" doraHaiUra="64" who="0" fromWho="2" sc="7,130,523,0,510,-120,0,0" /><INIT seed="6,0,0,5,4,104" ten="137,523,390,0" oya="2" hai0="123,45,51,72,122,49,62,102,87,127,92,65,105" hai1="44,110,54,86,42,131,36,134,0,91,125,75,89" hai2="64,121,34,33,118,60,38,109,82,59,68,78,130" hai3="" shuffle="mt19937ar,DCFC7329,F65EC105,82FE7285,EE4B01D2,E994C0D1,41B0C5A2,3690B350,54968CE4"/><V116/><N who="2" m="31008" /><V69/><F130/><T85/><N who="0" m="31264" /><T43/><N who="0" m="31520" /><T128/><D105/><U113/><E131/><V61/><F109/><T98/><D128/><U41/><E110/><V103/><F103/><T80/><D127/><U96/><E125/><V71/><F38/><T119/><D119/><U90/><E75/><V70/><N who="2" m="17408" /><DORA hai="56" /><V77/><F61/><T106/><D106/><U132/><E113/><V50/><F50/><T100/><D100/><U84/><E42/><V133/><F133/><N who="1" m="51305" /><E0/><V73/><REACH who="2" step="1"/><F78/><REACH who="2" step="2"/><T88/><D51/><U120/><N who="1" m="30752" /><U39/><E39/><V57/><F57/><T117/><D117/><AGARI ba="0,1" hai="33,34,59,60,64,73,77,82,116,117,118" m="17408,31008" machi="117" ten="70,18000,2" yaku="1,1,52,3,53,3" doraHai="104,56" doraHaiUra="114,129" who="2" fromWho="0" sc="137,-180,523,0,380,190,0,0" owari="-43,-64,523,12,570,52,0,0" /></mjloggm>