<mjloggm ver="2.3"><GO type="225"/><UN n0="%E3%82%AF%E3%83%AB%E3%83%AB%E2%98%86" n1="%E5%BE%85%E3%81%A1%E3%81%A8%E3%82%89%E3%81%9A" n2="%E3%81%BF%E3%81%A3%E3%81%A4%E3%81%83%EF%BD%9E" n3="%74%63%61%30%30" dan="16,16,17,16" rate="2048,2056,2163,2054" sx="F,M,F,M"/><TAIKYOKU oya="0"/><INIT seed="0,0,0,1,5,31" ten="250,250,250,250" oya="0" hai0="46,61,60,28,81,126,53,25,120,111,12,68,110" hai1="77,7,34,76,75,86,121,72,130,57,1,83,112" hai2="108,100,93,18,33,32,11,74,6,13,133,55,14" hai3="122,22,90,96,99,105,58,87,23,95,67,42,125" shuffle="mt19937ar,7D19C950,43AD8EE5,B5518E52,8338E4E5,0E9124F3,27E01A03,3DF9291D,8210AE86"/><T115/><D115/><U59/><E121/><V124/><F74/><W62/><G122/><T128/><D120/><U89/><E7/><V47/><F108/><N who="0" m="41514" /><D126/><U10/><E10/><V36/><F124/><W9/><G125/><T20/><D68/><U63/><E1/><V2/><F133/><W70/><G42/><T16/><D128/><U17/><E17/><V82/><F14/><W79/><G70/><T135/><D135/><U103/><E103/><V131/><F131/><W69/><G69/><T49/><D81/><U73/><E130/><V54/><F54/><W44/><G44/><T5/><D5/><U123/><E123/><V0/><F0/><W29/><G79/><T19/><D19/><U119/><E77/><V71/><F71/><W65/><G65/><T64/><D64/><U127/><E76/><V102/><F55/><W78/><G78/><T24/><D24/><U91/><E127/><V114/><F82/><W88/><G29/><T51/><D49/><U97/><E83/><V37/><F114/><W56/><G67/><T92/><D92/><U50/><E50/><V45/><F93/><W116/><G95/><T26/><D26/><U52/><E73/><V66/><F66/><W39/><G39/><T104/><D104/><U35/><E112/><V40/><F6/><W8/><G105/><T80/><D80/><U98/><E72/><V48/><F48/><W107/><G107/><T15/><D15/><U129/><E129/><V101/><F2/><W94/><G94/><T118/><D118/><U30/><E119/><V4/><F4/><W27/><G116/><RYUUKYOKU ba="0,0" sc="250,15,250,-15,250,15,250,-15" hai0="12,16,20,25,28,46,51,53,60,61" hai2="11,13,18,32,33,36,37,40,45,47,100,101,102" /><INIT seed="0,1,0,2,1,81" ten="265,235,265,235" oya="0" hai0="22,92,120,36,34,56,9,69,43,94,122,66,109" hai1="113,65,121,80,127,41,84,42,4,98,85,53,24" hai2="77,96,57,35,130,118,52,107,55,103,86,119,124" hai3="39,83,11,104,91,89,10,18,19,40,128,26,16" shuffle="mt19937ar,79458DC4,75C1DA19,EA86522D,A8CF7A92,4000B4C1,8333359A,5C9FBBF5,D968C1A9"/><T87/><D34/><U61/><E121/><V17/><F35/><W47/><G104/><T99/><D69/><U3/><E3/><V60/><F130/><W28/><G128/><T23/><D36/><U106/><E127/><V97/><F124/><W14/><G11/><T70/><D43/><U38/><E4/><V131/><F131/><W27/><G27/><T117/><D70/><U51/><E38/><V29/><F29/><W21/><REACH who="3" step="1"/><G83/><REACH who="3" step="2"/><T115/><D120/><U63/><E80/><N who="2" m="47375" /><F17/><AGARI ba="1,1" hai="10,14,16,17,18,19,21,26,28,39,40,47,89,91" machi="17" ten="40,2600,0" yaku="1,1,54,1,53,0" doraHai="81" doraHaiUra="44" who="3" fromWho="2" sc="265,0,235,0,265,-29,225,39" /><INIT seed="1,0,0,3,4,58" ten="265,235,236,264" oya="1" hai0="9,3,7,90,131,74,37,121,38,2,70,28,135" hai1="110,89,85,23,30,57,53,109,96,125,93,75,133" hai2="32,118,44,61,21,20,41,22,91,47,45,42,46" hai3="17,72,34,73,108,71,78,6,84,116,12,68,55" shuffle="mt19937ar,9510F54A,B22FE071,109C89F3,34024172,89D5B2EA,A22A4859,17FAD587,2E2D27E8"/><U117/><E75/><V112/><F32/><W99/><G34/><T54/><D2/><U95/><E117/><V40/><F118/><W14/><G116/><T11/><D74/><U107/><E107/><V4/><F112/><W101/><G108/><N who="1" m="41578" /><E133/><V88/><N who="2" m="11264" /><DORA hai="66" /><V56/><REACH who="2" step="1"/><F4/><REACH who="2" step="2"/><W98/><G6/><T100/><D7/><U16/><E125/><V94/><F94/><W49/><G17/><T81/><D38/><U105/><E30/><V19/><F19/><W39/><G39/><T106/><D37/><U104/><E95/><V1/><F1/><W92/><G92/><T126/><D28/><U134/><E134/><V86/><F86/><W67/><G84/><T115/><D135/><U33/><E33/><V35/><F35/><W24/><G73/><T114/><D3/><U130/><E85/><V51/><F51/><W63/><G49/><T82/><D115/><U8/><E130/><V59/><F59/><W36/><G36/><T64/><D131/><U103/><E103/><V52/><AGARI ba="0,1" hai="20,21,22,40,41,42,52,56,61,88,91" m="11264" machi="52" ten="50,16000,3" yaku="1,1,0,1,29,2,8,1,52,1,54,2,53,0" doraHai="58,66" doraHaiUra="123,10" who="2" fromWho="2" sc="265,-40,235,-80,226,170,264,-40" /><INIT seed="2,0,0,3,2,95" ten="225,155,396,224" oya="2" hai0="54,67,23,112,129,8,21,105,39,130,51,34,16" hai1="43,10,32,45,47,110,60,87,125,59,135,101,118" hai2="76,46,119,75,73,12,44,126,109,18,106,108,56" hai3="120,63,69,92,99,30,48,3,52,9,64,124,102" shuffle="mt19937ar,1AD3F9E9,4216D948,827C5227,C4363972,BFF13742,185F84E2,3AAA8355,5CDAB526"/><V128/><F119/><W88/><G124/><T66/><D34/><U74/><E118/><V72/><F76/><W111/><G111/><N who="2" m="42569" /><F126/><W28/><G120/><T55/><D39/><U94/><E74/><V131/><F106/><W71/><G71/><T11/><D105/><U37/><E32/><V61/><F46/><W35/><G35/><T57/><D112/><U85/><E110/><V26/><F44/><W116/><G116/><T97/><D51/><U0/><E125/><V53/><F26/><W103/><G102/><T41/><D41/><U36/><E135/><V40/><F40/><W127/><G127/><T96/><D57/><U78/><E47/><V121/><F121/><W58/><REACH who="3" step="1"/><G103/><REACH who="3" step="2"/><T86/><D86/><U20/><E37/><V89/><F75/><W114/><G114/><T113/><D113/><U93/><E101/><V77/><F73/><W13/><G13/><T132/><REACH who="0" step="1"/><D132/><REACH who="0" step="2"/><U134/><E134/><V1/><F72/><W79/><G79/><T100/><D100/><U117/><E78/><V22/><F77/><W4/><AGARI ba="0,2" hai="3,4,9,28,30,48,52,58,63,64,69,88,92,99" machi="4" ten="30,8000,1" yaku="1,1,0,1,52,1,54,2,53,0" doraHai="95" doraHaiUra="81" who="3" fromWho="3" sc="215,-20,155,-20,396,-40,214,100" /><INIT seed="3,0,0,2,5,82" ten="195,135,356,314" oya="3" hai0="22,104,76,11,68,7,0,61,25,131,108,98,121" hai1="130,48,20,109,119,94,13,46,18,86,58,12,47" hai2="44,90,72,10,55,8,134,118,19,60,23,101,65" hai3="14,17,81,32,123,103,54,77,2,124,105,117,116" shuffle="mt19937ar,41BA3D4B,E929815F,270B072E,65E31F33,F00B269D,957242BA,7F1889E3,F1CD2E08"/><W100/><G32/><T26/><D121/><U38/><E109/><V110/><F72/><W1/><G123/><T115/><D76/><U67/><E130/><V35/><F35/><W59/><G124/><T69/><D108/><U111/><E111/><V66/><F110/><W52/><G105/><T96/><D131/><U43/><E119/><V132/><F101/><W29/><G29/><T36/><D36/><U70/><E70/><V127/><F118/><W53/><G59/><T57/><D115/><U78/><E67/><N who="2" m="25611" /><F127/><W80/><G77/><T31/><D98/><U129/><E129/><V16/><F90/><W135/><G54/><T102/><D26/><U75/><E75/><V91/><F91/><W45/><G45/><T133/><D133/><N who="2" m="51306" /><F19/><W4/><G135/><T37/><D37/><U62/><E78/><V28/><F28/><W63/><G17/><T107/><D107/><U33/><E33/><V15/><F44/><W27/><G27/><T3/><D0/><U50/><E13/><V125/><F125/><W122/><G122/><T92/><D104/><U42/><E38/><V73/><F73/><W5/><G14/><T51/><D51/><U106/><E106/><V87/><F87/><W40/><G40/><T93/><D93/><U21/><E94/><V114/><F114/><W9/><G9/><T34/><D34/><U49/><E86/><V79/><F79/><W97/><G97/><T39/><D39/><U64/><REACH who="1" step="1"/><E49/><REACH who="1" step="2"/><V95/><F95/><W83/><G83/><T126/><D126/><U112/><E112/><V113/><F113/><W30/><G30/><RYUUKYOKU ba="0,1" sc="195,0,125,0,356,0,314,0" hai0="3,7,11,22,25,31,57,61,68,69,92,96,102" hai1="12,18,20,21,42,43,46,47,48,50,58,62,64" hai2="8,10,15,16,23,55,60" hai3="1,2,4,5,52,53,63,80,81,100,103,116,117" /><INIT seed="3,1,1,5,5,55" ten="195,125,356,314" oya="3" hai0="13,87,25,65,60,66,92,9,6,127,1,86,96" hai1="91,28,49,103,17,52,42,106,109,81,16,14,114" hai2="31,69,27,59,70,97,4,33,119,89,125,122,61" hai3="23,112,50,32,47,71,133,37,98,45,46,90,78" shuffle="mt19937ar,2CE6DBB7,27C6EE36,AAEC3791,E8E0F2F6,4F117D81,ABD106ED,65AEED65,6A56D88D"/><W131/><G32/><T62/><D127/><U58/><E109/><V56/><F119/><W67/><G37/><T7/><D25/><U51/><E114/><V30/><F59/><W41/><G112/><T12/><D1/><U54/><E106/><V116/><F116/><W64/><G133/><T77/><D77/><U22/><E42/><V72/><F31/><W94/><G131/><T128/><D128/><U123/><E103/><V11/><F72/><W113/><G113/><T2/><D2/><U117/><E123/><V15/><F125/><W48/><G71/><T132/><D132/><U101/><E101/><V121/><F89/><W18/><G78/><T118/><D118/><U84/><E117/><V68/><REACH who="2" step="1"/><F97/><REACH who="2" step="2"/><W24/><G47/><T53/><D96/><U26/><E14/><V95/><F95/><W76/><G76/><T79/><D92/><U21/><E22/><V110/><F110/><W108/><G108/><T36/><D79/><U75/><E75/><V120/><F120/><W57/><G57/><AGARI ba="1,2" hai="16,17,21,26,28,49,51,52,54,57,58,81,84,91" machi="57" ten="30,12000,2" yaku="7,1,9,1,8,1,52,2,54,2" doraHai="55" who="1" fromWho="3" sc="195,0,125,143,346,0,314,-123" owari="195,-15,268,2,346,34,191,-21" /></mjloggm>