<mjloggm ver="2.3"><GO type="225"/><UN n0="%73%69%64%65" n1="%74%63%61%30%30" n2="%E3%82%88%E3%81%A3%E3%81%A1" n3="%6E%6F%72%69%73%69%6F" dan="17,16,16,16" rate="2084,2009,2091,2022" sx="M,M,M,M"/><TAIKYOKU oya="0"/><INIT seed="0,0,0,5,2,119" ten="250,250,250,250" oya="0" hai0="63,83,133,19,98,16,60,103,27,23,97,53,54" hai1="91,85,111,79,5,88,35,20,61,99,29,109,73" hai2="8,102,46,77,59,58,110,67,96,107,44,71,15" hai3="41,66,12,50,123,22,55,132,90,2,65,82,89" shuffle="mt19937ar,9AF08D9D,E424D93F,37F29C17,F2265919,CFC9A438,DD38AFB7,5C438447,041F96DC"/><T117/><D117/><U127/><E35/><V6/><F71/><W13/><G2/><T76/><D133/><U42/><E5/><V68/><F68/><W114/><G132/><T122/><D122/><U25/><E127/><V7/><F110/><N who="1" m="41993" /><E73/><V11/><F77/><W86/><G114/><T24/><D76/><U40/><E61/><N who="0" m="23625" /><D83/><N who="1" m="47359" /><E99/><N who="0" m="37897" /><D103/><U130/><E130/><V101/><F67/><N who="3" m="25611" /><G41/><AGARI ba="0,0" hai="20,25,29,40,41,42,88,91" m="47359,41993" machi="41" ten="30,2000,0" yaku="14,1,54,1" doraHai="119" who="1" fromWho="3" sc="250,0,250,20,250,0,250,-20" /><INIT seed="1,0,0,3,4,63" ten="250,270,250,230" oya="1" hai0="5,40,127,92,134,4,88,124,48,85,10,118,13" hai1="26,87,15,83,100,35,130,105,110,128,56,98,1" hai2="93,8,82,36,39,120,69,55,21,46,95,135,94" hai3="34,44,77,64,106,54,29,3,53,19,112,107,38" shuffle="mt19937ar,934CE57C,4F13249F,513E6A01,7345A7B4,CBD5EC48,4DFC2CAE,F16A2601,1A0C2BA1"/><U50/><E1/><V123/><F69/><W101/><G112/><T104/><D118/><U42/><E110/><V58/><F8/><W96/><G107/><T6/><D104/><U18/><E26/><V76/><F135/><W75/><G3/><T17/><REACH who="0" step="1"/><D134/><REACH who="0" step="2"/><U109/><E105/><V126/><F120/><W57/><G106/><T91/><D91/><U43/><E130/><V52/><F123/><W89/><G89/><T47/><AGARI ba="0,1" hai="4,5,6,10,13,17,40,47,48,85,88,92,124,127" machi="47" ten="30,7900,0" yaku="1,1,0,1,54,1,53,1" doraHai="63" doraHaiUra="84" who="0" fromWho="0" sc="240,89,270,-39,250,-20,230,-20" /><INIT seed="2,0,0,2,4,46" ten="329,231,230,210" oya="2" hai0="29,108,44,82,16,35,3,68,79,38,41,107,73" hai1="113,14,4,100,52,130,70,33,0,123,19,37,32" hai2="45,31,10,133,12,126,119,106,27,62,48,94,86" hai3="110,109,64,124,84,96,15,102,117,47,2,5,75" shuffle="mt19937ar,A97D657B,23ABFC70,79671753,C5F05BBA,4267C9E6,1FFAC3B3,2B040C55,1B459D29"/><V58/><F106/><W18/><G117/><T55/><D107/><U17/><E113/><V20/><F119/><W67/><G75/><T116/><D116/><U51/><E37/><V71/><F71/><W61/><G124/><T53/><D68/><U54/><E70/><V22/><F133/><W39/><G84/><T56/><D108/><N who="3" m="41577" /><G5/><T23/><D3/><U25/><E100/><V43/><F126/><W9/><G2/><T78/><D78/><U121/><E54/><V66/><F86/><W95/><G61/><T49/><D55/><U120/><E130/><V103/><F10/><W11/><G9/><T101/><D101/><U21/><E0/><V77/><F77/><W93/><G93/><T24/><REACH who="0" step="1"/><D35/><REACH who="0" step="2"/><U26/><E33/><V85/><F103/><W118/><G118/><T28/><AGARI ba="0,1" hai="16,23,24,28,29,38,41,44,49,53,56,73,79,82" machi="28" ten="30,12000,2" yaku="1,1,2,1,0,1,52,1,54,1,53,1" doraHai="46" doraHaiUra="42" who="0" fromWho="0" sc="319,130,231,-30,230,-60,210,-30" /><INIT seed="3,0,0,5,4,13" ten="449,201,170,180" oya="3" hai0="103,6,102,106,58,98,90,19,65,67,10,49,127" hai1="59,23,2,88,115,36,5,64,54,111,60,7,45" hai2="57,73,92,32,74,96,46,135,50,121,47,9,126" hai3="28,14,122,15,55,27,132,69,0,82,68,31,71" shuffle="mt19937ar,F1C798E9,2C397A17,404B6737,447C8CAF,F5283290,037E5670,8391EEC0,6A458872"/><W83/><G122/><T72/><D72/><U113/><E111/><V63/><F32/><W52/><G0/><T110/><D103/><U79/><E79/><V1/><F121/><W35/><G132/><T25/><D110/><U66/><E2/><V62/><F135/><W78/><G31/><T41/><D127/><U12/><E113/><V134/><F134/><W56/><G83/><T114/><D90/><U131/><E131/><V101/><F126/><W18/><G56/><T40/><D114/><U43/><E115/><V76/><F62/><W118/><G118/><T81/><D81/><U48/><E64/><V4/><F76/><W34/><G34/><T109/><D109/><U94/><E23/><V33/><F33/><W129/><G14/><T75/><D75/><U123/><E12/><V16/><F47/><W125/><G129/><T77/><D77/><U39/><E39/><V93/><F93/><W26/><G26/><T91/><D25/><U97/><E123/><V61/><F61/><W24/><G24/><T44/><D44/><AGARI ba="0,0" hai="5,7,36,43,44,45,48,54,59,60,66,88,94,97" machi="44" ten="30,2000,0" yaku="7,1,54,1" doraHai="13" who="1" fromWho="0" sc="449,-20,201,20,170,0,180,0" owari="429,43,221,-3,170,-23,180,-17" /></mjloggm>