<mjloggm ver="2.3"><GO type="225"/><UN n0="%4E%6F%2E%32" n1="%E9%AC%BC%E5%93%AD" n2="%73%69%64%65" n3="%23%37%34%E5%A4%A7%E6%B2%BB%E9%83%8E" dan="16,17,17,16" rate="2114,2044,2107,2081" sx="M,M,M,M"/><TAIKYOKU oya="0"/><INIT seed="0,0,0,1,4,70" ten="250,250,250,250" oya="0" hai0="14,61,77,55,43,134,45,21,75,82,1,16,3" hai1="34,124,122,85,9,92,106,120,129,91,65,50,112" hai2="107,35,26,117,40,83,121,104,58,131,5,135,72" hai3="15,52,103,62,79,68,18,128,60,29,31,97,2" shuffle="mt19937ar,3A5FE61E,1FEF01A7,DAABFBF4,D14C4D36,BF1CBD47,AEAC0333,7DC792DA,1551DAE6"/><T17/><D134/><U24/><E106/><V76/><F121/><W101/><G2/><T78/><D78/><U126/><E65/><V25/><F135/><W12/><G79/><T42/><D42/><U59/><E129/><V84/><F131/><W39/><G128/><T98/><D98/><U89/><E112/><V56/><F117/><W11/><G68/><T111/><D111/><U67/><E9/><V102/><F5/><W46/><G12/><T7/><D17/><U64/><E64/><V36/><F72/><W100/><G97/><T109/><D109/><U8/><E8/><V94/><F94/><W74/><G74/><T130/><D130/><U114/><E91/><V119/><F119/><W30/><REACH who="3" step="1"/><G39/><REACH who="3" step="2"/><N who="0" m="21759" /><D3/><U4/><E114/><V71/><F36/><W48/><AGARI ba="0,1" hai="11,15,18,29,30,31,46,48,52,60,62,100,101,103" machi="48" ten="40,8000,1" yaku="1,1,0,1,8,1,54,1,53,0" doraHai="70" doraHaiUra="32" who="3" fromWho="3" sc="250,-40,250,-20,250,-20,240,90" /><INIT seed="1,0,0,5,2,59" ten="210,230,230,330" oya="1" hai0="125,39,60,48,121,1,27,56,42,26,93,45,112" hai1="95,64,19,10,16,127,99,32,18,12,44,86,130" hai2="107,76,13,88,55,124,97,110,38,134,65,81,100" hai3="120,6,67,105,133,54,50,129,47,96,132,75,113" shuffle="mt19937ar,C031C6C0,324E680D,7F61606E,E04FFB02,A99BA384,F1FC88AD,F84584B1,29BDD8C3"/><U85/><E32/><V78/><F38/><W103/><G120/><T20/><D112/><U29/><E130/><V123/><F123/><W23/><G113/><T8/><D125/><U71/><E127/><V77/><F124/><W37/><G129/><T36/><D121/><U135/><E135/><N who="3" m="51786" /><G75/><T17/><D27/><U25/><E44/><V33/><F134/><W30/><G37/><T74/><D74/><U117/><E117/><V72/><F33/><W53/><G6/><T131/><D131/><U3/><E3/><V94/><F65/><W91/><G91/><T83/><D83/><U66/><E29/><V58/><F13/><W80/><G80/><T11/><D93/><U46/><E46/><V61/><REACH who="2" step="1"/><F110/><REACH who="2" step="2"/><W70/><G67/><N who="1" m="25642" /><E71/><V122/><F122/><W102/><G70/><T84/><D36/><U9/><E25/><V0/><F0/><W79/><G105/><T106/><D39/><U40/><E40/><V63/><F63/><W114/><G114/><T116/><D106/><U90/><E9/><V119/><F119/><W115/><G115/><T4/><D116/><U31/><E31/><V43/><F43/><W98/><G30/><T52/><REACH who="0" step="1"/><D8/><REACH who="0" step="2"/><U128/><E128/><V24/><F24/><W2/><G23/><T15/><D15/><U101/><E10/><V111/><F111/><W108/><G108/><T28/><D28/><U62/><E12/><V104/><F104/><W118/><G118/><T69/><D69/><U126/><E126/><V5/><F5/><W92/><G2/><T82/><D82/><U14/><E14/><V7/><F7/><RYUUKYOKU ba="0,2" sc="200,15,230,-15,220,15,330,-15" hai0="1,4,11,17,20,26,42,45,48,52,56,60,84" hai2="55,58,61,72,76,77,78,81,88,94,97,100,107" /><INIT seed="2,1,2,0,3,122" ten="215,215,235,315" oya="2" hai0="126,112,70,131,49,7,58,107,113,9,134,11,73" hai1="88,16,89,29,5,20,67,44,83,91,37,116,81" hai2="101,42,6,104,135,96,120,115,22,78,128,47,38" hai3="105,66,19,103,26,119,31,13,15,57,41,61,56" shuffle="mt19937ar,C4EF86CB,964ADD0C,3A31316B,AB5FD27B,2023E12C,6E9AF03E,B0468E30,787DB6A7"/><V28/><F120/><W50/><G119/><T124/><D107/><U72/><E116/><V30/><F115/><W24/><G13/><T127/><D73/><U40/><E72/><V55/><F135/><W23/><G105/><T33/><D33/><U109/><E29/><V77/><F128/><W85/><G103/><T64/><D134/><U36/><E36/><V34/><F34/><W98/><G98/><T12/><D131/><U62/><E5/><V92/><F6/><W94/><G31/><T110/><D110/><U132/><E109/><V79/><F22/><W54/><G41/><T97/><D11/><U25/><REACH who="1" step="1"/><E132/><REACH who="1" step="2"/><V4/><F4/><W100/><G100/><T123/><D123/><U14/><E14/><V0/><F0/><W48/><G48/><T80/><D113/><U60/><E60/><V84/><F28/><W45/><G15/><T118/><D112/><U21/><E21/><V8/><F30/><W133/><G133/><T86/><D118/><U111/><E111/><V43/><F8/><W10/><G10/><T93/><D49/><U129/><E129/><V68/><F38/><W114/><G114/><T130/><D130/><U125/><E125/><V1/><F1/><W69/><G26/><T3/><D3/><U102/><E102/><V53/><F104/><W87/><G24/><T32/><D32/><U39/><E39/><V65/><F101/><W121/><G50/><T27/><D126/><U76/><E76/><V117/><F79/><W17/><G121/><T108/><D127/><U52/><E52/><V59/><F55/><W106/><G54/><RYUUKYOKU ba="1,3" sc="215,-10,205,30,235,-10,315,-10" hai1="16,20,25,37,40,44,62,67,81,83,88,89,91" /><INIT seed="3,2,3,2,2,75" ten="205,235,225,305" oya="3" hai0="115,46,38,66,96,79,45,31,102,42,36,105,62" hai1="118,80,130,6,19,111,65,128,40,52,33,14,82" hai2="121,83,77,2,58,3,15,78,116,132,72,60,49" hai3="8,109,56,29,74,85,101,81,107,133,27,104,34" shuffle="mt19937ar,7124D8A5,7023A938,C370D0A4,97F37B55,CB199C26,739A7EEA,EAD5FB44,79C03993"/><W47/><G133/><T103/><D103/><U92/><E33/><V12/><F116/><W24/><G74/><T68/><D115/><U0/><E118/><V54/><F132/><W117/><G117/><T84/><D31/><U108/><E65/><V98/><F121/><W95/><G109/><N who="1" m="42058" /><E40/><V120/><F120/><W110/><G110/><T44/><REACH who="0" step="1"/><D42/><REACH who="0" step="2"/><U53/><E130/><V37/><F37/><W88/><G101/><T89/><D89/><U11/><E128/><V73/><F98/><W135/><G135/><T94/><D94/><U7/><E92/><V114/><F114/><W90/><G107/><T51/><D51/><U93/><E93/><V97/><F97/><W71/><G104/><T106/><D106/><U69/><E69/><V25/><F49/><W99/><G71/><T131/><D131/><U55/><E7/><V18/><F25/><W20/><G27/><T87/><D87/><U113/><E113/><V125/><F125/><W10/><G24/><T43/><D43/><U70/><E70/><V23/><F15/><W41/><G41/><T17/><D17/><U26/><E26/><V127/><F127/><W59/><G99/><T21/><D21/><AGARI ba="2,4" hai="0,6,11,14,19,21,52,53,55,80,82" m="42058" machi="21" ten="30,2000,0" yaku="14,1,54,1" doraHai="75" who="1" fromWho="0" sc="195,-26,235,66,225,0,305,0" owari="169,-23,301,5,225,-12,305,30" /></mjloggm>