<mjloggm ver="2.3"><GO type="225"/><UN n0="%61%6E%62%79%33" n1="%E9%9B%81%E7%BA%8F" n2="%E3%81%BF%E3%81%A3%E3%81%A4%E3%81%83%EF%BD%9E" n3="%E3%81%BE%E3%81%AB%E3%82%83%E3%82%80%E3%82%93" dan="16,16,17,16" rate="2073,2066,2130,2021" sx="M,M,F,M"/><TAIKYOKU oya="0"/><INIT seed="0,0,0,0,1,25" ten="250,250,250,250" oya="0" hai0="68,69,73,49,95,74,45,19,110,15,79,107,37" hai1="33,89,11,113,35,70,128,40,92,123,24,61,12" hai2="127,4,18,41,122,103,118,55,90,106,21,28,22" hai3="94,36,124,3,131,53,82,97,112,44,64,121,119" shuffle="mt19937ar,859E977D,BD2E5EB7,045F1CDD,A459B87A,017D8C5B,CABB6065,042B1A35,50CFE048"/><T117/><D107/><U129/><E123/><V10/><F122/><W109/><G121/><T134/><D37/><U50/><E113/><V13/><F118/><W126/><G112/><T30/><D117/><U88/><E40/><V1/><F127/><N who="3" m="48683" /><G119/><T9/><D69/><U72/><E72/><V46/><F55/><W51/><G3/><T23/><D68/><U17/><E50/><V2/><F90/><N who="3" m="55511" /><G109/><T75/><D110/><U80/><E80/><V130/><F130/><N who="1" m="50281" /><E24/><N who="2" m="16407" /><F2/><W86/><G131/><T48/><D134/><U34/><E92/><V57/><F1/><W8/><G8/><T98/><D79/><U39/><E39/><V101/><F106/><W14/><G14/><T135/><D135/><U29/><E29/><V116/><F116/><W47/><G64/><AGARI ba="0,0" hai="11,12,17,33,34,35,61,64,70,88,89" m="50281" machi="64" ten="40,2600,0" yaku="19,1,54,1" doraHai="25" who="1" fromWho="3" sc="250,0,250,26,250,0,250,-26" /><INIT seed="1,0,0,1,4,0" ten="250,276,250,224" oya="1" hai0="29,52,32,72,75,121,56,28,103,69,91,40,115" hai1="89,33,134,100,68,123,107,122,26,34,4,21,10" hai2="45,110,39,19,9,46,43,106,23,50,76,92,97" hai3="90,118,131,12,62,127,126,16,135,31,133,7,111" shuffle="mt19937ar,80074F99,B86C00E0,DE4E514C,5839D387,DB39D067,AF57975D,90ADC044,BB54336F"/><U66/><E89/><V25/><F106/><W3/><G62/><T129/><D69/><U84/><E84/><V42/><F110/><W77/><G77/><T6/><D115/><U27/><E134/><N who="3" m="51210" /><G111/><T59/><D32/><U24/><E66/><V8/><REACH who="2" step="1"/><F76/><REACH who="2" step="2"/><W120/><G120/><T96/><D121/><U22/><E107/><V130/><F130/><W47/><G118/><T20/><D129/><U114/><E123/><V48/><F48/><W82/><G131/><T108/><D108/><U93/><E122/><V67/><F67/><W17/><G127/><T5/><D72/><U116/><E116/><V71/><F71/><W85/><G126/><T79/><D79/><U70/><E68/><V109/><F109/><W54/><G31/><T112/><D75/><U37/><E70/><V94/><F94/><W38/><G38/><T41/><D28/><U36/><E37/><V64/><F64/><W61/><G61/><T49/><D29/><U55/><E36/><V58/><F58/><W60/><G60/><T87/><D59/><U81/><E93/><V53/><F53/><W30/><G30/><T35/><D52/><U128/><E55/><V78/><F78/><W124/><G124/><T73/><D73/><U125/><E128/><V119/><F119/><W117/><G117/><T2/><D49/><U99/><E125/><V65/><F65/><W13/><G54/><T74/><D74/><U105/><E105/><V14/><F14/><N who="3" m="5739" /><G47/><T1/><D56/><U63/><E63/><V101/><AGARI ba="0,1" hai="8,9,19,23,25,39,42,43,45,46,50,92,97,101" machi="101" ten="20,5200,0" yaku="1,1,0,1,7,1,53,1" doraHai="0" doraHaiUra="88" who="2" fromWho="2" sc="250,-13,276,-26,240,62,224,-13" /><INIT seed="2,0,0,2,5,115" ten="237,250,302,211" oya="2" hai0="109,20,76,55,81,48,121,103,4,36,77,89,129" hai1="105,97,19,26,7,86,113,1,116,67,87,63,120" hai2="9,41,118,96,74,78,25,37,82,21,3,8,112" hai3="33,51,122,91,59,40,23,85,29,39,0,124,90" shuffle="mt19937ar,B4930E71,BA4ADF4C,B495E52C,E7F03A4F,F91EE14C,A27DA222,E35D1517,413CF516"/><V17/><F112/><W130/><G122/><T15/><D36/><U107/><E113/><V52/><F96/><W71/><G71/><T14/><D121/><U47/><E120/><V128/><F128/><W58/><G130/><T119/><D103/><U13/><E1/><V56/><F3/><W69/><G69/><T46/><D129/><U32/><E7/><V102/><F102/><W34/><G0/><T104/><D104/><U75/><E75/><V30/><F118/><W70/><G70/><T79/><D109/><U95/><E47/><V72/><F72/><W5/><G5/><T64/><D64/><U98/><E107/><V60/><REACH who="2" step="1"/><F30/><REACH who="2" step="2"/><W117/><G117/><T50/><D119/><U80/><E98/><V35/><F35/><W31/><G31/><T45/><D4/><U44/><E105/><V100/><F100/><W53/><G29/><T127/><D127/><U16/><E116/><V83/><F83/><W24/><G34/><T84/><REACH who="0" step="1"/><D20/><REACH who="0" step="2"/><U27/><E32/><V18/><F18/><W106/><G33/><T2/><D2/><U43/><E16/><V62/><F62/><W93/><G23/><T132/><D132/><U54/><E19/><V57/><F57/><W42/><G59/><T123/><D123/><U11/><E63/><V94/><F94/><W125/><G106/><T73/><D73/><U126/><E95/><V134/><F134/><W114/><G93/><T22/><D22/><U99/><E126/><V49/><F49/><W101/><G125/><T12/><D12/><U92/><E13/><V65/><F65/><W111/><G124/><RYUUKYOKU ba="0,2" sc="227,15,250,-15,292,15,211,-15" hai0="14,15,45,46,48,50,55,76,77,79,81,84,89" hai2="8,9,17,21,25,37,41,52,56,60,74,78,82" /><INIT seed="2,1,2,2,0,88" ten="242,235,307,196" oya="2" hai0="109,130,47,108,85,39,111,71,126,94,60,14,102" hai1="135,120,68,55,11,82,86,128,96,6,37,87,49" hai2="69,62,33,90,41,26,134,28,35,110,92,79,100" hai3="75,16,121,73,8,76,129,48,78,31,133,118,116" shuffle="mt19937ar,4E1DC124,DE24656D,A8391FC6,98A79FB8,A717B78F,24DC5B84,5E3324AB,89F156A5"/><V95/><F41/><W70/><G121/><T23/><D130/><U115/><E37/><V40/><F40/><W1/><G70/><T127/><D47/><U117/><E115/><V65/><F79/><W89/><G31/><T34/><D39/><U22/><E117/><V12/><F134/><W83/><G129/><T27/><D34/><U50/><E128/><V103/><F33/><W99/><G133/><T119/><D14/><U25/><E68/><V44/><F44/><W54/><G76/><T113/><D113/><U131/><E131/><V53/><F53/><W7/><G75/><T123/><D123/><U72/><E72/><V63/><F63/><W84/><G99/><N who="0" m="59767" /><D85/><U61/><E120/><V4/><F110/><W93/><REACH who="3" step="1"/><G16/><REACH who="3" step="2"/><N who="0" m="12775" /><D119/><U112/><E135/><V66/><F69/><W30/><G30/><T105/><D105/><U64/><E112/><V21/><F28/><W81/><G81/><T107/><D107/><U91/><E82/><V101/><F35/><W98/><G98/><T56/><D71/><U80/><E22/><V0/><F0/><W125/><G125/><T15/><D15/><U3/><E25/><V38/><F26/><W97/><G97/><T132/><D132/><U104/><E104/><V52/><F12/><W67/><G67/><AGARI ba="1,3" hai="56,60,67,108,109,111,126,127" m="12775,59767" machi="67" ten="30,3900,0" yaku="14,1,52,1,54,1" doraHai="88" who="0" fromWho="3" sc="242,72,235,0,307,0,186,-42" /><INIT seed="3,0,0,2,0,107" ten="314,235,307,144" oya="3" hai0="127,54,129,41,90,47,135,98,45,84,44,6,4" hai1="97,52,77,37,23,50,103,86,71,111,67,95,105" hai2="85,110,69,9,101,12,109,106,43,79,19,42,57" hai3="56,121,29,13,3,7,114,113,5,122,36,87,65" shuffle="mt19937ar,743F5751,9A3B067D,BAB7A550,EC6E0356,919E59BE,554703EE,3B977737,2C2B8E8B"/><W14/><G36/><T18/><D129/><U48/><E37/><V15/><F69/><W92/><G65/><T83/><D135/><U34/><E34/><V74/><F74/><W64/><G64/><T24/><D127/><U30/><E111/><N who="2" m="42507" /><F57/><W0/><G56/><T60/><D41/><N who="2" m="15370" /><F15/><N who="3" m="5643" /><G87/><T94/><D60/><U88/><E77/><V104/><F101/><W70/><G92/><T75/><D75/><U96/><E96/><V128/><F128/><W123/><G29/><T28/><D54/><U73/><E73/><V102/><F102/><W89/><G89/><T117/><D117/><U49/><E30/><V100/><F100/><W82/><G82/><AGARI ba="0,0" hai="9,12,19,79,82,85,104,106" m="15370,42507" machi="82" ten="30,1000,0" yaku="14,1" doraHai="107" who="2" fromWho="3" sc="314,0,235,0,307,10,144,-10" owari="314,6,235,-11,317,32,134,-27" /></mjloggm>