<mjloggm ver="2.3"><GO type="225"/><UN n0="%E7%AE%A1%E5%AF%9D" n1="%E2%93%88%E7%89%B9%E5%88%A5%E3%82%B2%E3%82%B9%E3%83%88%41" n2="%E9%9B%AA%E5%9B%BD%E8%82%B2%E3%81%A1" n3="%E3%82%B9%E3%83%91%E3%83%BC%E3%82%AF%E3%82%B9" dan="16,16,17,16" rate="2075,2040,2201,2049" sx="M,M,M,F"/><TAIKYOKU oya="0"/><INIT seed="0,0,0,3,4,119" ten="250,250,250,250" oya="0" hai0="116,105,117,83,118,6,84,9,13,56,48,86,55" hai1="10,82,110,26,131,128,36,126,95,5,91,104,58" hai2="68,134,97,14,107,73,33,27,106,23,114,66,103" hai3="53,94,121,8,122,99,124,70,64,132,62,22,41" shuffle="mt19937ar,95F60ADC,410DA4E5,319D731B,5C6D4D67,CD602C63,F42A1801,05CCD260,9D95C4A2"/><T113/><D113/><U16/><E104/><V18/><F114/><W61/><G124/><T44/><D105/><U29/><E36/><V78/><F134/><W57/><G41/><T93/><D93/><U31/><E126/><V123/><F106/><W81/><G132/><T76/><REACH who="0" step="1"/><D44/><REACH who="0" step="2"/><U77/><E95/><V130/><F107/><W30/><G81/><T69/><D69/><U34/><E82/><V54/><F68/><W19/><G30/><T133/><D133/><U40/><E29/><V71/><F71/><W3/><G3/><T88/><D88/><U102/><E31/><V129/><F103/><W100/><REACH who="3" step="1"/><G8/><REACH who="3" step="2"/><T125/><D125/><U72/><E10/><V59/><F130/><W90/><G90/><T112/><D112/><U74/><E91/><V115/><F115/><W120/><G120/><T21/><D21/><U51/><E131/><V42/><F23/><W28/><G28/><T47/><D47/><U80/><E128/><V20/><F123/><W108/><G108/><T96/><D96/><U25/><E80/><V7/><F97/><W35/><G35/><T24/><D24/><AGARI ba="0,2" hai="19,22,24,53,57,61,62,64,70,94,99,100,121,122" machi="24" ten="40,5200,0" yaku="1,1,52,2,53,0" doraHai="119" doraHaiUra="109" who="3" fromWho="0" sc="240,-52,250,0,250,0,240,72" /><INIT seed="1,0,0,3,1,73" ten="188,250,250,312" oya="1" hai0="103,38,116,42,135,51,119,17,117,77,34,99,8" hai1="45,98,94,63,5,65,35,37,102,21,49,83,61" hai2="39,64,30,4,24,123,133,87,68,52,75,41,53" hai3="132,108,114,107,111,96,104,60,0,11,110,125,7" shuffle="mt19937ar,E88C0A4B,21A287AB,DE059900,CC35C353,7A5E72D3,7C9526BF,E14188BF,9AFB67F6"/><U27/><E37/><V82/><F75/><W33/><G114/><T29/><D38/><U56/><E35/><V121/><F133/><W71/><G132/><T106/><D135/><U80/><E61/><V105/><F105/><W74/><G125/><T43/><D51/><U91/><E91/><V78/><F4/><W55/><G55/><T101/><D101/><U20/><E5/><V69/><F41/><W76/><G33/><T12/><REACH who="0" step="1"/><D77/><REACH who="0" step="2"/><U44/><E44/><V15/><F39/><W72/><G72/><T1/><D1/><U70/><E70/><V128/><F68/><W115/><G115/><T47/><D47/><U81/><REACH who="1" step="1"/><E27/><AGARI ba="0,1" hai="8,12,17,27,29,34,42,43,99,103,106,116,117,119" machi="27" ten="40,1300,0" yaku="1,1,53,0" doraHai="73" doraHaiUra="122" who="0" fromWho="1" sc="178,23,250,-13,250,0,312,0" /><INIT seed="2,0,0,3,0,36" ten="201,237,250,312" oya="2" hai0="9,62,109,130,113,46,50,107,5,69,82,23,30" hai1="61,59,78,53,37,41,83,115,131,132,134,28,64" hai2="120,92,126,33,85,56,76,29,13,16,73,101,52" hai3="74,91,71,118,81,75,48,49,2,45,110,67,22" shuffle="mt19937ar,6AE43FBC,0B1F3494,CCB32CDF,3B389D89,D9097C8B,A9E205EF,F8CD742D,AB7D4567"/><V39/><F39/><W77/><G118/><T8/><D113/><U104/><E104/><V100/><F120/><W95/><G2/><T72/><D109/><U127/><E28/><V93/><F126/><W18/><G110/><T103/><D130/><U114/><E83/><N who="2" m="47335" /><F73/><W111/><G111/><T6/><D69/><N who="1" m="42127" /><E78/><V63/><F29/><W31/><G31/><T119/><D119/><U112/><E131/><V125/><F33/><W40/><G74/><T12/><D62/><N who="1" m="36207" /><E127/><V65/><F65/><W90/><G49/><T94/><D107/><U38/><E38/><V19/><F125/><W135/><G95/><N who="2" m="36425" /><F19/><W70/><G70/><T3/><D72/><U44/><AGARI ba="0,0" hai="37,41,44,112,114,115,132,134" m="36207,42127" machi="44" ten="40,5200,0" yaku="34,2,52,1" doraHai="36" who="1" fromWho="1" sc="201,-13,237,52,250,-26,312,-13" /><INIT seed="3,0,0,2,2,95" ten="188,289,224,299" oya="3" hai0="108,21,112,125,94,65,38,6,37,51,114,35,109" hai1="5,66,40,127,55,92,131,62,57,98,81,52,118" hai2="60,28,7,44,133,22,106,119,130,42,97,0,96" hai3="69,74,61,93,41,79,56,45,100,43,26,102,67" shuffle="mt19937ar,1087793C,625323AF,B9A942D7,F50B8BE8,84F5FD36,2E4D4803,D453C57C,3619AA1A"/><W16/><G74/><T80/><D35/><U110/><E110/><N who="0" m="42601" /><D80/><U19/><E131/><V113/><F119/><W99/><G79/><T85/><D65/><U82/><E118/><V20/><F113/><N who="0" m="43626" /><D125/><U72/><E127/><V91/><F130/><W103/><G69/><T83/><D6/><U87/><E72/><V59/><F133/><W115/><G115/><T13/><D83/><N who="1" m="31755" /><E87/><V132/><F132/><W10/><G45/><T68/><D68/><U128/><E128/><V58/><F7/><W39/><G39/><T75/><D75/><U47/><E5/><V27/><F0/><W12/><G26/><T54/><D85/><U53/><E19/><V84/><F106/><W117/><G117/><T104/><D104/><U25/><E25/><V123/><F123/><W70/><G70/><T89/><D94/><U101/><E40/><AGARI ba="0,0" hai="10,12,16,40,41,43,56,61,67,93,99,100,102,103" machi="40" ten="40,7700,0" yaku="8,1,52,1,54,1" doraHai="95" who="3" fromWho="1" sc="188,0,289,-77,224,0,299,77" owari="188,-21,212,-14,224,-3,376,38" /></mjloggm>