<mjloggm ver="2.3"><GO type="185"/><UN n0="%E5%8D%81%E5%85%AD%E5%A4%9C%E2%80%A0%E5%92%B2%E5%A4%9C" n1="%E3%81%B5%E3%81%8F%EF%BC%A3%EF%BD%88%EF%BD%81%EF%BD%8E%E2%99%AA" n2="%E3%81%A8%E3%81%84%E3%81%A4%E3%81%BE%E3%81%99%E3%81%9F%E3%81%81%E2%99%AA" n3="" dan="16,16,16,0" rate="2174,2159,2127,1500" sx="F,F,M,C"/><TAIKYOKU oya="0"/><INIT seed="0,0,0,0,3,134" ten="350,350,350,0" oya="0" hai0="87,56,122,130,34,44,85,45,65,71,121,32,49" hai1="105,92,107,72,78,97,117,54,67,90,52,61,73" hai2="80,38,96,118,108,99,39,102,94,69,3,55,126" hai3="" shuffle="mt19937ar,9838A328,6A384935,F4B53F65,29E970B7,C69D1F1C,B4A5B961,9F940042,3B66AB07"/><T93/><N who="0" m="31008" /><T64/><N who="0" m="31264" /><T113/><D113/><U95/><E117/><V84/><F69/><T119/><D119/><U79/><E52/><V68/><F68/><T100/><D71/><U116/><E54/><V98/><F118/><T66/><D130/><U104/><E61/><V120/><N who="2" m="30752" /><V47/><F3/><T40/><D56/><U76/><E67/><V57/><F108/><T46/><D40/><U106/><N who="1" m="26624" /><DORA hai="58" /><U124/><E124/><V125/><F94/><T109/><D109/><U132/><E132/><V111/><F102/><T59/><D59/><U133/><E133/><V35/><F35/><T129/><D49/><U127/><E127/><N who="2" m="48651" /><F47/><T63/><D129/><U48/><E48/><V37/><F111/><T33/><D63/><U128/><E128/><V77/><F37/><T131/><D131/><U75/><REACH who="1" step="1"/><E116/><REACH who="1" step="2"/><V62/><AGARI ba="0,1" hai="38,39,55,57,62,77,80,84,96,98,99" m="48651,30752" machi="62" ten="30,9000,2" yaku="18,1,52,5" doraHai="134,58" who="2" fromWho="2" sc="350,-60,340,-30,350,100,0,0" /><INIT seed="1,0,0,1,2,66" ten="290,310,450,0" oya="1" hai0="54,77,2,106,49,84,0,50,107,91,57,124,76" hai1="70,131,109,61,35,133,120,73,78,103,56,48,75" hai2="122,40,135,42,87,69,80,3,94,112,99,134,74" hai3="" shuffle="mt19937ar,F552B4DA,16D63992,C0CF2B1C,27BE0757,1968C6E7,D6268667,C79B2734,DAE383B5"/><U34/><N who="1" m="30752" /><U55/><E133/><N who="2" m="50699" /><F3/><T39/><D39/><U90/><E131/><V81/><N who="2" m="31264" /><V86/><F74/><T72/><D124/><U88/><E109/><V127/><F127/><T60/><D107/><U111/><E111/><V115/><F69/><T121/><N who="0" m="31008" /><T102/><D77/><U93/><E103/><V132/><N who="2" m="50707" /><V36/><DORA hai="95" /><F36/><T52/><D76/><U67/><E90/><V100/><F42/><T64/><D72/><U83/><REACH who="1" step="1"/><E73/><REACH who="1" step="2"/><V118/><F118/><T1/><D102/><U58/><E58/><V113/><F40/><T41/><D41/><U119/><E119/><V62/><F62/><T32/><D2/><U47/><E47/><V98/><F115/><T128/><D1/><U92/><E92/><V125/><F113/><T65/><D0/><U96/><AGARI ba="0,1" hai="34,35,48,55,56,61,67,70,75,78,83,88,93,96" m="30752" machi="96" ten="20,16000,3" yaku="1,1,0,1,7,1,52,3,54,1,53,1" doraHai="66,95" doraHaiUra="53,110" who="1" fromWho="1" sc="290,-80,300,170,450,-80,0,0" /><INIT seed="1,1,0,4,2,103" ten="210,470,370,0" oya="1" hai0="73,124,102,49,133,76,84,77,55,85,91,42,101" hai1="129,60,110,93,118,54,75,88,108,107,56,86,122" hai2="71,132,126,74,32,89,0,78,51,100,57,67,37" hai3="" shuffle="mt19937ar,200454F7,DFFCE613,5DAED33F,4F551F37,6511C25A,BBC0578D,702F3146,32EFF39C"/><U2/><N who="1" m="31264" /><U113/><E2/><V125/><F37/><T87/><D42/><U63/><E118/><V44/><F71/><T61/><D61/><U66/><E75/><V72/><F32/><T98/><D55/><U59/><E129/><V65/><F0/><T119/><D49/><U92/><E107/><V135/><F100/><T46/><D46/><U35/><E35/><V105/><F105/><T53/><D53/><U114/><REACH who="1" step="1"/><E92/><REACH who="1" step="2"/><V69/><F74/><T38/><D73/><U106/><E106/><V131/><F72/><T45/><D119/><U120/><N who="1" m="30752" /><U1/><E1/><V116/><F131/><T70/><D77/><U62/><E62/><V123/><F78/><T43/><D76/><U111/><AGARI ba="1,1" hai="54,56,59,60,63,66,86,88,93,108,110,111,113,114" m="30752,31264" machi="111" ten="30,12000,2" yaku="1,1,0,1,14,1,10,1,52,2,54,1,53,0" doraHai="103" doraHaiUra="115" who="1" fromWho="1" sc="210,-61,460,132,370,-61,0,0" /><INIT seed="1,2,0,4,3,115" ten="149,592,309,0" oya="1" hai0="94,40,83,41,112,36,1,67,122,50,134,32,82" hai1="37,135,74,73,44,34,100,63,109,77,106,52,99" hai2="124,42,43,131,104,49,75,78,72,92,130,108,89" hai3="" shuffle="mt19937ar,A74EE11F,968313FA,84BB300D,E51ACE59,8E0B93AB,B2A2FD43,3926C1E9,19548DA5"/><U3/><E34/><V107/><F124/><T60/><N who="0" m="31264" /><T129/><D32/><U70/><E3/><V91/><F108/><T69/><D1/><U110/><E135/><V47/><F78/><T93/><D112/><U132/><E132/><V86/><F43/><T45/><D134/><U123/><N who="1" m="31520" /><U61/><E37/><V46/><F46/><T114/><D114/><U119/><E119/><V102/><F91/><T111/><D111/><N who="1" m="42507" /><E77/><V0/><F0/><T113/><D113/><U39/><E39/><V38/><F38/><T58/><D129/><N who="2" m="49162" /><F102/><T125/><D125/><U68/><E63/><V33/><F33/><T105/><D105/><AGARI ba="2,0" hai="42,47,49,72,75,86,89,92,104,105,107" m="49162" machi="105" ten="30,1000,0" yaku="19,1" doraHai="115" who="2" fromWho="0" sc="149,-14,592,0,309,14,0,0" /><INIT seed="2,0,0,5,3,42" ten="135,592,323,0" oya="2" hai0="69,110,70,32,106,88,93,118,59,38,43,67,58" hai1="105,48,129,49,124,128,3,101,115,84,62,34,125" hai2="44,46,80,55,0,116,107,68,99,133,41,135,91" hai3="" shuffle="mt19937ar,E7D18532,8A1C339F,A984E9D4,DDB50720,B403412F,D9D01A7B,D0D3F135,3FAB0F0F"/><V72/><F68/><T74/><D32/><U85/><E34/><V78/><F116/><T114/><D74/><U100/><E115/><V92/><F0/><T1/><D1/><U94/><E3/><V77/><F77/><T82/><D106/><U65/><E105/><V108/><F108/><T37/><D82/><U76/><E76/><V97/><F55/><T120/><N who="0" m="30752" /><T87/><D118/><U127/><E48/><V73/><F73/><T126/><D110/><U103/><E49/><V75/><F75/><T53/><D114/><U95/><E62/><V52/><F52/><T71/><D126/><U109/><E65/><V2/><F2/><T50/><REACH who="0" step="1"/><D43/><REACH who="0" step="2"/><U40/><E40/><V123/><N who="2" m="31520" /><V45/><REACH who="2" step="1"/><F41/><REACH who="2" step="2"/><T121/><N who="0" m="31008" /><T66/><D66/><U122/><N who="1" m="31264" /><U79/><E109/><V90/><F90/><T86/><D86/><N who="1" m="33387" /><E79/><V96/><F96/><T132/><D132/><U36/><E127/><V35/><F35/><T113/><D113/><U119/><E125/><V64/><F64/><T56/><D56/><U98/><E124/><V33/><F33/><T47/><D47/><U57/><E57/><V89/><F89/><T130/><D130/><N who="1" m="50283" /><E119/><V81/><F81/><T104/><D104/><RYUUKYOKU ba="0,2" sc="125,10,592,-20,313,10,0,0" hai0="37,38,50,53,58,59,67,69,70,71,87,88,93" hai2="44,45,46,72,78,80,91,92,97,99,107,133,135" /><INIT seed="2,1,2,4,0,41" ten="135,572,323,0" oya="2" hai0="2,117,97,72,99,70,32,81,1,62,88,86,67" hai1="105,84,102,93,66,38,78,53,42,106,34,119,108" hai2="111,103,56,61,44,39,59,46,83,71,73,127,123" hai3="" shuffle="mt19937ar,D1C19C34,3C394A4D,FD2B3E12,DB6D2CCC,78BE1EF6,39579AE1,01B2A625,42B4274F"/><V87/><N who="2" m="31520" /><V65/><F73/><T57/><D32/><U48/><E34/><V134/><F134/><T98/><D117/><U133/><E119/><V43/><F127/><T64/><D72/><U113/><E113/><V100/><F111/><T104/><REACH who="0" step="1"/><D104/><REACH who="0" step="2"/><U63/><E106/><V58/><REACH who="2" step="1"/><F46/><REACH who="2" step="2"/><T54/><D54/><U79/><E53/><V91/><AGARI ba="1,4" hai="39,43,44,56,58,59,61,65,71,83,87,91,100,103" m="31520" machi="91" ten="30,8000,1" yaku="1,1,2,1,0,1,52,2,53,0" doraHai="41" doraHaiUra="51" who="2" fromWho="2" sc="125,-41,572,-41,313,122,0,0" /><INIT seed="2,2,0,5,5,35" ten="84,531,435,0" oya="2" hai0="70,57,116,45,47,39,41,108,67,119,40,104,73" hai1="134,88,54,87,1,129,124,81,101,56,135,2,63" hai2="34,77,98,99,38,84,37,75,53,55,91,68,60" hai3="" shuffle="mt19937ar,F28959C4,A171A8C9,EAF3C665,FDF61DDB,94BA7B61,9332B742,E7367239,725AE4A2"/><V118/><F118/><T106/><D73/><U58/><E124/><V36/><F34/><T71/><D106/><U49/><E101/><V109/><F109/><T126/><D104/><U131/><E129/><V92/><F75/><T97/><D97/><U132/><E131/><V32/><F32/><T65/><D108/><U44/><REACH who="1" step="1"/><E56/><REACH who="1" step="2"/><V111/><F111/><T33/><D33/><U0/><E0/><V120/><N who="2" m="30752" /><V83/><REACH who="2" step="1"/><F99/><REACH who="2" step="2"/><T59/><REACH who="0" step="1"/><D39/><REACH who="0" step="2"/><U123/><N who="1" m="31520" /><U76/><E76/><V78/><F78/><T48/><D48/><U42/><AGARI ba="2,3" hai="1,2,42,44,49,54,58,63,81,87,88,132,134,135" m="31520" machi="42" ten="30,12000,3" yaku="1,1,0,1,20,1,52,3,54,1,53,1" doraHai="35" doraHaiUra="43" who="1" fromWho="1" sc="74,-42,521,154,425,-82,0,0" /><INIT seed="4,0,0,4,1,96" ten="32,675,343,0" oya="0" hai0="78,40,64,32,105,109,42,67,124,131,1,108,92" hai1="52,35,132,93,116,38,89,71,82,56,129,126,95" hai2="59,103,102,100,33,106,94,101,117,55,36,61,110" hai3="" shuffle="mt19937ar,10192B9D,49AB918D,49C23BD2,5F49E86D,6BD8D76C,966378E7,4B310452,9391B6F9"/><T46/><D1/><U68/><E35/><V45/><F33/><T43/><D32/><U60/><E38/><V44/><F110/><T0/><D0/><U97/><E132/><V114/><F106/><T111/><D105/><U112/><E126/><V51/><F114/><T81/><D124/><U98/><E129/><V70/><F117/><T85/><D131/><U86/><E116/><V50/><F70/><T91/><REACH who="0" step="1"/><D46/><REACH who="0" step="2"/><N who="2" m="18026" /><F36/><T104/><D104/><U3/><E3/><V115/><F115/><T88/><D88/><U133/><E133/><V83/><F83/><T54/><D54/><U123/><E112/><V37/><F37/><T47/><D47/><U57/><E82/><V69/><F69/><T39/><D39/><U99/><E71/><V53/><F53/><T77/><D77/><U127/><E68/><V113/><F113/><T65/><D65/><U74/><E127/><V63/><N who="2" m="25600" /><DORA hai="134" /><V58/><F94/><T90/><D90/><U125/><E125/><V80/><F80/><T34/><D34/><U130/><E95/><V107/><F107/><T41/><N who="0" m="10240" /><DORA hai="119" /><T118/><D118/><U76/><E93/><V2/><F2/><T48/><D48/><N who="2" m="18474" /><F55/><T120/><N who="0" m="30752" /><T66/><D66/><U72/><E123/><RYUUKYOKU ba="0,1" sc="22,10,675,-20,343,10,0,0" hai0="64,67,78,81,85,91,92,108,109,111" hai2="58,59,61,63" /><INIT seed="4,1,1,4,2,63" ten="32,655,353,0" oya="0" hai0="74,48,70,130,50,0,87,107,123,93,3,49,81" hai1="101,118,129,85,127,37,102,58,110,97,105,121,47" hai2="33,80,32,75,98,106,124,73,71,2,95,88,66" hai3="" shuffle="mt19937ar,C920CF93,1B3A9684,091A42C3,401D8BC6,D4F05D4F,7D7D247E,9F793D71,D1C06409"/><T113/><N who="0" m="31520" /><T99/><D113/><U44/><N who="1" m="31008" /><U60/><E118/><V34/><F2/><T40/><D40/><U78/><E110/><V82/><F124/><T46/><D46/><U41/><E129/><V89/><F106/><T76/><D130/><U56/><E127/><V120/><N who="2" m="30752" /><V61/><REACH who="2" step="1"/><F89/><REACH who="2" step="2"/><T111/><D111/><U92/><E105/><V112/><F112/><T133/><D133/><U119/><E119/><V84/><F84/><T100/><REACH who="0" step="1"/><D70/><REACH who="0" step="2"/><U35/><E41/><V94/><F94/><T64/><D64/><U132/><E92/><V128/><F128/><T91/><AGARI ba="1,3" hai="0,3,48,49,50,74,76,81,87,91,93,99,100,107" m="31520" machi="91" ten="30,8000,1" yaku="1,1,0,1,24,2,52,1,53,0" doraHai="63" doraHaiUra="114" who="0" fromWho="0" sc="22,112,655,-41,343,-41,0,0" /><INIT seed="4,2,0,2,1,128" ten="134,614,302,0" oya="0" hai0="109,99,75,89,69,90,41,131,97,39,66,51,76" hai1="120,71,38,114,135,60,59,88,132,48,42,78,80" hai2="104,102,72,116,103,122,0,47,130,81,127,58,70" hai3="" shuffle="mt19937ar,4E815B56,F6B96500,8F0C7613,9C344463,2EC01DBC,0E0BF09B,FE30D5F4,09D06624"/><T113/><D39/><U37/><N who="1" m="30752" /><U40/><E88/><V73/><N who="2" m="31264" /><V82/><F70/><T86/><D113/><U79/><E79/><V44/><F0/><T54/><D41/><U112/><E71/><V123/><N who="2" m="31520" /><V56/><F130/><T50/><D131/><U84/><E37/><V45/><F127/><T74/><D76/><U108/><E108/><V125/><F125/><T61/><D109/><U98/><E98/><V124/><F124/><T95/><D51/><U107/><E107/><V53/><F116/><T83/><REACH who="0" step="1"/><D99/><REACH who="0" step="2"/><U49/><E48/><V105/><F44/><AGARI ba="2,1" hai="44,50,54,61,66,69,74,75,83,86,89,90,95,97" machi="44" ten="30,5800,0" yaku="1,1,2,1,7,1,53,0" doraHai="128" doraHaiUra="96" who="0" fromWho="2" sc="124,72,614,0,302,-62,0,0" /><INIT seed="4,3,0,0,1,122" ten="196,614,240,0" oya="0" hai0="88,0,87,113,100,48,77,120,59,3,47,52,69" hai1="124,115,94,40,1,135,38,2,104,97,61,83,62" hai2="67,74,125,117,41,71,96,78,93,35,79,75,107" hai3="" shuffle="mt19937ar,11C56A13,D87F8659,D490E7F7,850B3312,F34DBF48,07445584,6536CAF0,70C37FAD"/><T64/><N who="0" m="30752" /><T101/><D77/><U73/><E135/><V84/><F41/><T45/><D113/><U121/><N who="1" m="31008" /><U39/><E104/><V114/><F67/><T82/><D69/><U103/><E124/><V118/><F71/><T116/><D116/><N who="2" m="44650" /><F35/><T65/><D0/><U33/><E73/><N who="2" m="27659" /><F114/><T42/><D3/><U36/><E40/><V66/><F66/><N who="0" m="25706" /><D47/><U92/><E39/><V110/><F125/><T109/><D109/><U54/><E115/><V80/><F107/><T95/><D95/><U123/><N who="1" m="31520" /><U112/><E94/><V81/><F110/><T46/><D46/><U90/><E112/><V119/><N who="2" m="44658" /><V50/><DORA hai="133" /><F50/><AGARI ba="3,0" hai="42,45,48,50,52,59,82,87,88,100,101" m="25706,30752" machi="50" ten="30,11600,0" yaku="8,1,52,1,54,2" doraHai="122,133" who="0" fromWho="2" sc="196,122,614,0,240,-122,0,0" /><INIT seed="4,4,0,4,1,42" ten="318,614,118,0" oya="0" hai0="58,115,50,96,109,68,64,2,120,90,39,84,34" hai1="54,40,91,89,114,118,33,78,119,52,61,48,99" hai2="57,83,3,104,59,71,80,133,107,53,112,106,101" hai3="" shuffle="mt19937ar,E17CB1B9,2D77A144,C17AA1D2,D4208E06,84EC055C,A4C57713,53FD78BB,EB9EC4F5"/><T67/><N who="0" m="30752" /><T47/><D2/><U134/><E33/><V113/><F71/><T88/><D34/><U105/><E134/><V98/><F133/><T93/><D68/><U63/><E114/><N who="2" m="44139" /><F3/><T74/><D74/><U85/><E78/><V111/><F111/><T92/><D109/><U86/><E40/><V135/><F135/><T117/><D117/><U56/><E105/><N who="2" m="40555" /><F59/><T81/><D115/><U121/><N who="1" m="31008" /><U124/><E99/><V45/><F45/><T1/><D1/><U126/><E56/><V79/><F79/><T51/><D81/><U94/><E94/><V75/><F75/><T37/><D37/><U123/><N who="1" m="31520" /><U73/><E73/><V122/><N who="2" m="31264" /><V130/><F130/><T55/><D39/><U70/><E48/><AGARI ba="4,0" hai="48,53,57,80,83,98,101,107" m="31264,40555,44139" machi="48" ten="30,2000,0" yaku="15,1,52,1" doraHai="42" who="2" fromWho="1" sc="318,0,614,-28,118,28,0,0" /><INIT seed="5,0,0,5,0,48" ten="318,586,146,0" oya="1" hai0="61,67,120,129,119,88,133,51,101,73,114,103,102" hai1="68,59,106,107,0,108,126,50,45,33,124,42,81" hai2="63,125,65,44,83,100,38,109,40,35,85,84,122" hai3="" shuffle="mt19937ar,FEAE2BE6,CD2D8079,118ACE85,3F383984,4BF98330,F4750379,C0DAFAEE,7AD223A3"/><U116/><E68/><V75/><N who="2" m="31264" /><V69/><F35/><T87/><N who="0" m="30752" /><T62/><D73/><U53/><E0/><V104/><F109/><T57/><D114/><U121/><N who="1" m="31008" /><U135/><E116/><V86/><F125/><N who="1" m="48233" /><E135/><V52/><F104/><T56/><D133/><U77/><E108/><V127/><F100/><T39/><D39/><U134/><E134/><V36/><F36/><T131/><D51/><U110/><E110/><V60/><F127/><T94/><REACH who="0" step="1"/><D119/><REACH who="0" step="2"/><U37/><E33/><V43/><F75/><AGARI ba="0,1" hai="37,42,45,50,53,59,75,77,81,106,107" m="48233,31008" machi="75" ten="30,5800,0" yaku="18,1,52,2" doraHai="48" who="1" fromWho="2" sc="308,0,586,68,146,-58,0,0" /><INIT seed="5,1,0,5,0,38" ten="308,654,88,0" oya="1" hai0="133,36,134,64,42,74,47,100,83,35,0,55,43" hai1="82,132,106,58,96,76,79,71,46,128,112,95,97" hai2="120,61,91,113,75,54,33,110,45,121,65,49,57" hai3="" shuffle="mt19937ar,2F5BFD1A,CC265324,1A8A17CF,FAE96B89,89AEEF34,D442D908,C5B8AE10,42952C28"/><U94/><E71/><V88/><N who="2" m="30752" /><V34/><N who="2" m="31008" /><V60/><F75/><T117/><D0/><U44/><E132/><V103/><F110/><T73/><D35/><U135/><E135/><V87/><F103/><T1/><D1/><U2/><E2/><V101/><F101/><T80/><D100/><U72/><E106/><V123/><N who="2" m="31520" /><V81/><F113/><T130/><D64/><U127/><E58/><V111/><F111/><T3/><D3/><U122/><N who="1" m="31264" /><U32/><E32/><V98/><F61/><T90/><D130/><U41/><E128/><V39/><F39/><T105/><D105/><U109/><E109/><V52/><REACH who="2" step="1"/><F65/><REACH who="2" step="2"/><T68/><D36/><U63/><E63/><V77/><F77/><T131/><D73/><U37/><E79/><V56/><F56/><T108/><D74/><U69/><E112/><V119/><F119/><T53/><D117/><U67/><E67/><V89/><F89/><T59/><D90/><U114/><E114/><V48/><F48/><T125/><D59/><U70/><E76/><V124/><F124/><T93/><D125/><U40/><E127/><V84/><F84/><T51/><D108/><U102/><E72/><V107/><F107/><T92/><D133/><RYUUKYOKU ba="1,1" sc="308,-10,654,-10,78,20,0,0" hai2="33,34,45,49,52,54,57,60,81,87,88,91,98" /><INIT seed="6,2,1,4,1,129" ten="298,644,98,0" oya="2" hai0="70,124,93,81,108,65,71,59,78,105,63,109,118" hai1="34,131,74,111,125,101,132,82,3,57,50,96,36" hai2="107,32,60,122,48,99,126,90,39,41,97,72,134" hai3="" shuffle="mt19937ar,F23C867B,2A5FBF6E,9287727B,8E8C3CCC,5256FDDB,53086EE4,5B5632A7,BF862CCD"/><V55/><N who="2" m="31264" /><V2/><F2/><T68/><D105/><U120/><E82/><V77/><F32/><T46/><D118/><U85/><E85/><V114/><F114/><T133/><D133/><U42/><E101/><V62/><F39/><T0/><D0/><U102/><E102/><V33/><F41/><T92/><D124/><U45/><E96/><V73/><F33/><T54/><D46/><U47/><E47/><V51/><F126/><T106/><D106/><U64/><E64/><V35/><F107/><T89/><D65/><U76/><E45/><V127/><F35/><T44/><D44/><U123/><N who="1" m="30752" /><U79/><E42/><V80/><F127/><T52/><D54/><U67/><E67/><V1/><F1/><T115/><D115/><U100/><E57/><V117/><F117/><T112/><D112/><U87/><E50/><N who="2" m="18987" /><F73/><T94/><REACH who="0" step="1"/><D89/><REACH who="0" step="2"/><U86/><N who="1" m="31520" /><U58/><E74/><AGARI ba="2,2" hai="52,59,63,68,70,71,74,78,81,92,93,94,108,109" machi="74" ten="50,6400,0" yaku="1,1,54,1,53,1" doraHai="129" doraHaiUra="75" who="0" fromWho="1" sc="288,88,644,-68,98,0,0,0" owari="376,-2,576,52,98,-50,0,0" /></mjloggm>