<mjloggm ver="2.3"><GO type="185"/><UN n0="%E4%B8%80%E6%9D%A1%E5%85%BC%E5%AE%9A%E2%99%AA" n1="%E7%B1%B3%E5%85%89%E5%80%B6%E6%A5%BD%E9%83%A8" n2="%53%54%4F%53%48%49%59%41" n3="" dan="16,16,17,0" rate="2124,2102,2163,1500" sx="M,F,M,C"/><TAIKYOKU oya="0"/><INIT seed="0,0,0,5,5,111" ten="350,350,350,0" oya="0" hai0="35,107,84,53,79,54,62,50,78,47,45,127,33" hai1="40,41,64,102,104,66,56,59,3,117,68,63,115" hai2="135,118,103,92,119,121,57,37,89,129,109,61,93" hai3="" shuffle="mt19937ar,6AC8E094,5E2ED6C4,B3D0C027,185B933C,90F8020F,A16501AC,CD68E3DB,FF008A8E"/><T69/><D107/><U124/><E3/><V70/><N who="2" m="31008" /><V85/><F70/><T77/><D127/><U134/><E117/><V88/><F37/><T105/><D105/><U73/><E124/><V58/><F109/><T97/><D97/><U101/><E73/><V94/><F129/><T83/><D69/><U126/><E126/><V0/><F0/><T55/><D62/><U122/><N who="1" m="31264" /><U81/><E81/><V80/><F135/><T49/><REACH who="0" step="1"/><D55/><REACH who="0" step="2"/><U91/><E104/><V1/><F1/><T82/><D82/><U42/><E134/><V112/><F119/><T48/><D48/><U34/><E68/><V133/><F118/><T132/><D132/><U75/><E63/><V32/><F133/><T106/><D106/><U116/><E116/><V128/><F128/><T96/><D96/><U72/><E41/><V71/><F71/><T76/><AGARI ba="0,1" hai="33,35,45,47,49,50,53,54,76,77,78,79,83,84" machi="76" ten="30,8000,1" yaku="1,1,0,1,9,1,53,2" doraHai="111" doraHaiUra="44" who="0" fromWho="0" sc="340,90,350,-40,350,-40,0,0" /><INIT seed="0,1,0,4,5,109" ten="430,310,310,0" oya="0" hai0="2,89,121,92,98,125,77,35,105,74,100,113,49" hai1="33,83,57,123,112,72,59,102,117,68,65,73,97" hai2="37,64,110,70,86,126,96,61,56,93,91,1,133" hai3="" shuffle="mt19937ar,3C22C54C,0AC0FF45,53D7AC51,3A274A92,756579E6,9D85746C,348F44D1,E33AECA1"/><T90/><N who="0" m="31008" /><T120/><N who="0" m="30752" /><T95/><D35/><U101/><N who="1" m="31520" /><U43/><E33/><V52/><F110/><T55/><D2/><U94/><E117/><V47/><F1/><T76/><D125/><U78/><E72/><V51/><F126/><T62/><D62/><U135/><E135/><V36/><F133/><T84/><D113/><U129/><E43/><V104/><F104/><T54/><D54/><U107/><E129/><V99/><F37/><T38/><D38/><U48/><E48/><V44/><F44/><T58/><REACH who="0" step="1"/><D74/><REACH who="0" step="2"/><U115/><E112/><V81/><F81/><T63/><D63/><U69/><E115/><V116/><F116/><T42/><D42/><AGARI ba="1,1" hai="36,42,47,51,52,56,61,64,70,86,91,93,96,99" machi="42" ten="40,5200,0" yaku="24,2,54,1" doraHai="109" who="2" fromWho="0" sc="420,-54,310,0,310,64,0,0" /><INIT seed="1,0,0,0,2,83" ten="366,310,374,0" oya="1" hai0="51,60,127,62,59,41,109,50,45,119,58,100,65" hai1="3,63,116,134,84,79,80,121,87,69,132,125,74" hai2="57,72,128,120,99,54,113,42,68,88,95,122,32" hai3="" shuffle="mt19937ar,6CCEA859,BBAE2D3E,D289F6E4,5603F82F,2B8265E1,36962059,CD5073E7,52ABBAC9"/><U103/><N who="1" m="31008" /><U94/><E3/><V115/><N who="2" m="30752" /><V135/><N who="2" m="31264" /><V90/><F68/><T101/><D109/><U105/><E116/><V104/><F32/><T108/><D127/><U34/><E34/><V44/><F72/><T114/><D108/><U89/><E69/><V2/><F2/><T71/><D114/><N who="2" m="43530" /><F104/><T133/><D133/><N who="1" m="51307" /><E63/><V35/><F35/><T66/><D101/><U93/><E125/><V33/><F33/><T43/><D100/><U77/><E77/><V126/><F135/><T118/><D71/><U130/><E130/><V37/><F126/><T39/><D39/><U82/><E74/><V52/><F128/><T112/><D112/><U76/><E79/><V107/><F107/><T48/><D45/><U110/><E110/><V36/><F36/><T78/><D78/><U123/><N who="1" m="31520" /><U111/><E111/><V61/><F90/><T131/><D131/><U92/><E105/><V81/><F81/><T1/><D1/><U129/><E129/><V97/><F97/><AGARI ba="0,0" hai="76,80,82,84,87,89,92,93,94,97,103" m="31520,51307,31008" machi="97" ten="30,18000,2" yaku="20,1,34,2,52,4" doraHai="83" who="1" fromWho="2" sc="366,0,310,180,374,-180,0,0" /><INIT seed="1,1,0,3,5,52" ten="366,490,194,0" oya="1" hai0="98,87,39,55,75,129,60,113,99,91,0,130,72" hai1="82,54,44,3,71,53,80,67,79,125,86,119,33" hai2="81,83,112,59,120,97,70,121,109,76,36,118,68" hai3="" shuffle="mt19937ar,15242264,844779C0,D901B274,4C703B55,AC49F99D,1837622C,28B6483A,AB09F97F"/><U88/><E3/><V43/><N who="2" m="30752" /><V48/><N who="2" m="31008" /><V34/><F34/><T126/><D39/><U124/><E33/><V111/><F118/><T102/><D0/><U100/><E100/><V50/><F112/><T103/><D60/><U128/><E119/><V131/><F131/><T61/><D61/><U73/><E128/><V114/><F114/><T110/><D55/><U35/><E35/><V2/><F2/><T123/><N who="0" m="31520" /><T101/><D113/><U104/><E104/><V64/><F36/><T106/><D126/><N who="1" m="48747" /><E44/><V133/><F133/><T58/><D101/><U93/><E80/><V134/><F134/><T89/><D106/><U42/><E42/><V94/><F43/><T85/><D102/><U90/><E90/><V107/><F107/><T122/><N who="0" m="31264" /><T40/><D103/><U116/><E116/><V117/><F117/><T62/><D40/><U127/><E127/><V132/><F132/><T63/><D130/><U95/><E93/><V1/><F1/><T96/><D129/><U115/><E115/><V77/><F94/><T45/><D45/><U74/><E73/><V57/><F97/><T51/><D96/><U92/><E92/><V56/><F56/><T105/><D99/><U135/><E135/><RYUUKYOKU ba="1,0" sc="366,-20,490,10,194,10,0,0" hai1="53,54,67,71,74,79,82,86,88,95" hai2="48,50,57,59,64,68,70,76,77,81,83,109,111" /><INIT seed="1,2,0,2,2,107" ten="346,500,204,0" oya="1" hai0="66,89,52,44,100,99,61,80,105,3,42,35,125" hai1="45,102,110,98,53,97,112,33,41,117,106,87,78" hai2="84,96,58,82,118,77,74,63,88,122,124,126,47" hai3="" shuffle="mt19937ar,186CF375,BD5FA8EC,22149589,A8EDE6CA,29C17DC2,411476AE,1A012441,3367112F"/><U69/><E33/><V62/><N who="2" m="31264" /><V104/><F118/><T36/><D3/><U57/><E69/><V133/><F133/><T65/><D35/><U68/><E117/><V131/><F131/><T90/><D125/><N who="2" m="48234" /><F47/><T75/><D66/><U40/><E68/><V113/><F113/><T59/><REACH who="0" step="1"/><D65/><REACH who="0" step="2"/><U0/><E112/><V132/><F132/><T72/><D72/><U2/><E0/><V95/><F58/><T1/><D1/><U70/><E2/><V121/><N who="2" m="31008" /><V86/><F86/><T83/><D83/><U32/><E70/><V128/><F128/><T111/><D111/><U91/><E110/><V81/><F104/><T116/><D116/><U49/><E32/><V71/><F71/><T120/><N who="0" m="30752" /><T114/><D114/><U60/><E98/><V134/><F134/><T67/><D67/><U123/><N who="1" m="31520" /><U119/><E119/><V103/><AGARI ba="2,1" hai="62,63,74,77,81,82,84,88,95,96,103" m="31008,48234,31264" machi="103" ten="30,6000,1" yaku="18,1,52,3,54,1" doraHai="107" who="2" fromWho="2" sc="336,-22,500,-42,204,74,0,0" /><INIT seed="2,0,0,2,3,84" ten="314,458,278,0" oya="2" hai0="56,70,99,78,117,87,133,113,3,32,60,37,39" hai1="108,44,119,40,47,94,134,67,135,59,111,53,83" hai2="69,114,112,81,66,98,33,95,36,102,115,92,77" hai3="" shuffle="mt19937ar,60FE9F3D,D81C63E0,D8F8B911,BFD225FF,2F1A4FFC,010CD89C,024ACF98,6F8A52F3"/><V41/><F33/><T128/><D99/><U51/><E83/><V0/><F0/><T132/><D87/><U75/><E94/><V72/><F66/><T54/><D78/><U100/><E100/><V48/><F69/><T109/><D3/><U62/><E75/><V63/><F63/><T127/><D32/><U122/><N who="1" m="31264" /><U2/><E119/><V105/><F36/><T101/><D101/><U96/><E96/><V46/><AGARI ba="0,0" hai="41,46,48,72,77,81,92,95,98,102,105,112,114,115" machi="46" ten="40,1400,0" yaku="0,1" doraHai="84" who="2" fromWho="2" sc="314,-7,458,-7,278,14,0,0" /><INIT seed="2,1,0,1,2,45" ten="307,451,292,0" oya="2" hai0="104,114,126,116,117,2,83,54,41,102,40,120,106" hai1="99,110,107,51,89,33,75,43,69,64,73,132,87" hai2="98,46,32,74,71,47,60,62,72,101,3,52,115" hai3="" shuffle="mt19937ar,DABE66B2,536AA1A8,3A889273,5A441EFD,995F58C3,AF3275E1,6A02ED20,F0BC0D5A"/><V1/><F32/><T55/><N who="0" m="30752" /><T61/><D2/><U94/><E33/><V135/><F115/><T103/><D83/><U90/><E132/><V82/><F135/><T70/><D61/><U34/><E34/><V134/><F134/><T125/><REACH who="0" step="1"/><D70/><REACH who="0" step="2"/><U133/><E133/><V105/><F1/><T56/><D56/><U127/><E69/><V49/><F3/><T131/><D131/><U37/><E127/><V36/><F62/><T119/><D119/><U44/><E110/><V53/><F82/><T63/><D63/><U122/><N who="1" m="31264" /><U111/><E111/><V113/><F113/><AGARI ba="1,1" hai="40,41,54,55,102,103,104,106,113,114,116,117,125,126" m="30752" machi="113" ten="25,6400,0" yaku="1,1,22,2,52,1,53,0" doraHai="45" doraHaiUra="95" who="0" fromWho="2" sc="297,76,451,0,292,-66,0,0" /><INIT seed="4,0,0,2,2,81" ten="373,451,226,0" oya="0" hai0="106,53,82,69,114,61,99,88,60,91,111,84,79" hai1="110,72,42,78,98,129,68,49,41,52,133,97,44" hai2="38,3,67,0,80,55,120,130,122,56,119,58,54" hai3="" shuffle="mt19937ar,50C5917F,79FEE75D,7FB40ECF,579ACC7B,0097C4CD,5AF4D395,E50367FA,398BF743"/><T85/><D114/><U46/><E68/><V95/><N who="2" m="30752" /><V102/><N who="2" m="31264" /><V76/><F38/><T109/><D69/><U37/><E110/><N who="0" m="41993" /><D53/><U107/><E133/><V117/><F67/><T39/><D39/><U65/><E65/><V2/><F130/><T132/><D132/><U47/><E129/><V135/><F135/><T93/><D106/><U70/><E70/><V43/><F43/><T48/><D48/><U121/><N who="1" m="31008" /><U64/><E64/><V36/><F36/><T50/><D50/><U96/><E107/><V77/><F77/><T35/><D35/><U59/><E59/><V62/><F95/><AGARI ba="0,0" hai="60,61,79,82,84,85,88,91,93,95,99" m="41993" machi="95" ten="30,11600,0" yaku="10,1,52,2,54,1" doraHai="81" who="0" fromWho="2" sc="373,116,451,0,226,-116,0,0" /><INIT seed="4,1,0,0,2,92" ten="489,451,110,0" oya="0" hai0="51,88,52,60,43,66,84,132,34,39,114,98,116" hai1="72,93,111,49,47,3,103,119,50,117,115,54,104" hai2="69,42,90,110,122,89,77,1,80,120,41,65,113" hai3="" shuffle="mt19937ar,B795627B,1EFBBE55,2B135AF4,9B713384,FB1965CA,165375A6,D2CF33A6,C66DA7E4"/><T58/><D34/><U64/><E3/><V97/><N who="2" m="30752" /><V37/><N who="2" m="31264" /><V95/><F1/><T40/><D114/><U56/><E104/><V105/><F113/><T100/><D116/><U127/><E72/><V35/><F35/><T94/><D39/><U70/><E115/><V134/><F110/><T61/><D61/><U63/><E111/><V99/><F134/><T46/><D132/><U62/><E93/><AGARI ba="1,0" hai="40,43,46,51,52,58,60,66,84,88,93,94,98,100" machi="93" ten="30,12000,1" yaku="7,1,8,1,52,1,54,2" doraHai="92" who="0" fromWho="1" sc="489,122,451,-122,110,0,0,0" /><INIT seed="4,2,0,2,5,125" ten="611,329,110,0" oya="0" hai0="56,92,96,78,63,135,36,97,110,41,76,59,127" hai1="34,50,53,86,84,112,81,69,79,132,70,55,103" hai2="115,93,124,128,1,114,37,66,72,94,80,65,100" hai3="" shuffle="mt19937ar,87B582D6,CAAAC94E,BBC662D7,D3DB2C51,D2EEB069,088C26A5,34CDCA52,0266801A"/><T40/><D110/><U62/><E34/><V38/><F1/><T134/><D92/><N who="2" m="35434" /><F100/><T120/><N who="0" m="30752" /><T33/><D63/><U48/><E132/><V46/><F124/><T130/><D127/><U68/><E103/><V119/><F46/><T99/><D99/><U74/><E112/><N who="2" m="43051" /><F119/><T42/><D42/><U117/><E117/><V57/><F57/><T109/><D109/><U2/><E62/><V106/><F106/><T54/><D33/><U60/><E60/><V71/><F71/><T82/><D82/><U75/><E2/><V32/><F32/><T88/><D36/><N who="2" m="13930" /><F128/><T104/><D104/><U73/><E81/><V108/><F108/><T61/><D61/><U77/><E48/><V51/><F51/><T107/><D107/><U89/><E50/><V35/><F35/><T123/><N who="0" m="31520" /><T0/><D0/><U98/><E98/><V91/><F91/><T67/><D88/><U118/><E89/><V126/><F126/><T49/><D49/><U85/><REACH who="1" step="1"/><E118/><REACH who="1" step="2"/><V113/><N who="2" m="43059" /><V52/><DORA hai="122" /><F52/><AGARI ba="2,1" hai="52,53,55,68,69,70,73,74,75,77,79,84,85,86" machi="52" ten="60,16000,3" yaku="1,1,29,2,28,2,54,1,53,3" doraHai="125,122" doraHaiUra="83,133" who="1" fromWho="2" sc="611,0,319,174,110,-164,0,0" owari="611,56,493,9,-54,-65,0,0" /></mjloggm>