<mjloggm ver="2.3"><GO type="225"/><UN n0="%E2%93%85%E5%B0%8F%E5%80%89%E5%AD%9D" n1="%73%69%64%65" n2="%E3%83%81%E3%83%A3%E3%82%AA%E3%83%AA" n3="%E8%84%B3%E5%86%85%E3%83%A2%E3%83%AB%E3%83%92" dan="16,17,17,16" rate="2091,2100,2160,2058" sx="M,M,M,M"/><TAIKYOKU oya="0"/><INIT seed="0,0,0,2,4,27" ten="250,250,250,250" oya="0" hai0="131,23,67,47,101,89,65,85,4,15,96,3,92" hai1="43,99,7,54,24,2,111,12,44,114,28,98,73" hai2="60,94,72,123,63,83,78,95,132,133,9,66,87" hai3="36,120,53,100,35,11,88,104,121,62,103,40,124" shuffle="mt19937ar,D7153229,C8B058DB,BF2EAEE8,A7513802,78569C9A,07311608,6B4340B7,39CA87E4"/><T39/><D3/><U84/><E73/><V10/><F123/><W93/><G104/><T70/><D70/><U108/><E2/><V32/><F32/><W34/><G11/><N who="2" m="4105" /><F63/><W116/><G36/><T58/><D131/><U33/><E7/><V13/><F13/><W107/><G40/><T117/><D117/><U59/><E12/><V51/><F51/><W6/><G116/><T57/><D39/><N who="1" m="21631" /><E84/><V90/><F95/><W115/><G6/><T119/><D119/><U106/><E106/><V38/><F38/><W81/><G107/><T122/><D122/><U68/><E68/><V46/><F46/><W112/><G93/><N who="0" m="58511" /><D47/><U91/><E91/><V61/><F66/><N who="0" m="25098" /><D4/><U41/><E41/><V29/><F72/><W26/><G121/><T135/><D135/><U14/><E114/><V74/><F74/><W82/><G115/><T102/><D102/><U110/><E14/><V55/><F133/><W69/><G69/><T71/><D71/><U97/><E99/><V80/><F132/><W1/><G103/><T45/><D45/><U42/><E42/><V21/><F87/><W134/><G100/><T0/><D0/><U19/><E19/><AGARI ba="0,0" hai="15,19,23,57,58,85,89,92" m="25098,58511" machi="19" ten="30,1500,0" yaku="8,1" doraHai="27" who="0" fromWho="1" sc="250,15,250,-15,250,0,250,0" /><INIT seed="0,1,0,2,0,105" ten="265,235,250,250" oya="0" hai0="122,95,47,19,4,93,2,115,50,112,36,86,60" hai1="126,41,134,94,0,73,64,104,22,118,121,45,97" hai2="35,106,16,3,116,68,80,84,109,123,48,58,75" hai3="7,26,31,111,63,33,34,37,100,24,82,46,44" shuffle="mt19937ar,4631F9CF,243662EB,6CF725CB,3E489AEE,3EC7BCC3,AEE4B12D,07A83487,E5CDB140"/><T90/><D122/><U15/><E0/><V124/><RYUUKYOKU type="yao9" ba="1,0" sc="265,0,235,0,250,0,250,0" hai2="3,16,35,48,58,68,75,80,84,106,109,116,123,124" /><INIT seed="0,2,0,3,4,113" ten="265,235,250,250" oya="0" hai0="108,37,119,27,87,99,118,85,29,109,111,23,65" hai1="106,46,102,26,42,63,101,122,120,83,33,98,54" hai2="15,60,21,1,74,43,88,18,36,116,53,134,56" hai3="50,123,4,52,75,41,82,8,68,110,59,67,89" shuffle="mt19937ar,6A04407E,50692823,472D465D,46F67DD3,EA2E6D2A,BA45BA22,99ADA872,C81F10E3"/><T70/><D37/><U77/><E102/><V61/><F1/><W13/><G110/><T107/><D70/><U22/><E54/><V16/><F74/><W121/><G41/><T125/><D65/><U14/><E14/><V131/><F131/><W49/><G68/><T124/><D107/><U72/><E63/><V130/><F130/><W78/><G67/><T100/><D99/><U129/><E129/><V44/><F134/><W86/><G50/><T66/><D100/><U95/><E95/><V92/><F18/><W71/><G71/><T90/><D66/><U51/><REACH who="1" step="1"/><E33/><REACH who="1" step="2"/><V0/><F0/><W35/><REACH who="3" step="1"/><G35/><REACH who="3" step="2"/><T133/><D108/><U32/><E32/><V55/><F53/><W47/><G47/><T11/><D109/><U128/><E128/><V64/><F64/><W12/><G12/><T31/><D111/><U103/><E103/><V84/><REACH who="2" step="1"/><F61/><REACH who="2" step="2"/><W34/><G34/><T127/><D127/><U62/><E62/><V97/><F97/><W3/><G3/><T126/><D125/><U105/><E105/><V81/><F81/><AGARI ba="2,3" hai="4,8,13,49,52,59,75,78,81,82,86,89,121,123" machi="81" ten="40,2600,0" yaku="1,1,54,1,53,0" doraHai="113" doraHaiUra="132" who="3" fromWho="2" sc="265,0,225,0,240,-32,240,62" /><INIT seed="1,0,0,0,4,117" ten="265,225,208,302" oya="1" hai0="44,42,43,57,68,124,121,105,118,63,101,76,81" hai1="71,10,70,92,74,135,20,0,41,39,91,93,48" hai2="19,103,129,107,95,104,1,77,4,55,134,90,15" hai3="78,125,64,24,2,35,83,122,56,85,112,13,111" shuffle="mt19937ar,C6AF2995,FCE4A50E,88E76E3B,34FB189E,C9925DF5,4F44779B,C7BE9B1D,87677C8E"/><U100/><E39/><V119/><F119/><W16/><G2/><T60/><D118/><U49/><E74/><V99/><F134/><W116/><G112/><T87/><D124/><U37/><E37/><V23/><F129/><W110/><G125/><T40/><D68/><U131/><E131/><V89/><F77/><W72/><G72/><T123/><D44/><U108/><E135/><V25/><F1/><W126/><G126/><T17/><D17/><U45/><E108/><V29/><F4/><W50/><G24/><T9/><D9/><U66/><E66/><V130/><F130/><W14/><G13/><T86/><D86/><U84/><E20/><V53/><F107/><W28/><G28/><T106/><D63/><U109/><E109/><N who="3" m="41482" /><G35/><T132/><D132/><U30/><E30/><V21/><REACH who="2" step="1"/><F90/><REACH who="2" step="2"/><W61/><G116/><T69/><D106/><U51/><E0/><V102/><F102/><W5/><G5/><T32/><D105/><U11/><E71/><V65/><F65/><W54/><G64/><N who="0" m="38927" /><D69/><U113/><E70/><V133/><F133/><W7/><G7/><T8/><D101/><U26/><E113/><V31/><F31/><W12/><G78/><T27/><D76/><U59/><E100/><V127/><F127/><W67/><G67/><T97/><D123/><U115/><E115/><V128/><F128/><W120/><G16/><T80/><D121/><U88/><E91/><V52/><F52/><N who="3" m="33927" /><G122/><T62/><D40/><U94/><E41/><V96/><AGARI ba="0,1" hai="15,19,21,23,25,29,53,55,89,95,96,99,103,104" machi="96" ten="20,5200,0" yaku="1,1,0,1,7,1,53,1" doraHai="117" doraHaiUra="22" who="2" fromWho="2" sc="265,-13,225,-26,198,62,302,-13" /><INIT seed="2,0,0,3,3,61" ten="252,199,260,289" oya="2" hai0="79,12,97,21,111,93,134,63,34,71,18,60,3" hai1="26,116,39,100,107,132,121,127,45,109,125,106,8" hai2="62,22,15,115,38,128,10,53,51,83,114,27,72" hai3="6,108,17,124,103,77,7,117,110,57,113,130,73" shuffle="mt19937ar,0018160D,43EA321D,E02FFFE5,56BBB380,818ACED7,4256802C,C0F86E09,22E04F8B"/><V75/><F38/><W47/><G117/><T94/><D3/><U120/><E116/><V68/><F128/><W19/><G130/><T25/><D111/><U102/><E8/><V30/><F114/><W92/><G113/><T74/><D134/><U50/><E39/><V91/><F115/><W46/><G57/><T135/><D135/><U64/><E132/><V59/><F91/><W29/><G29/><T13/><D74/><U87/><E26/><V41/><F83/><W31/><G31/><T4/><D79/><U131/><E131/><V58/><F68/><W36/><G73/><T52/><D71/><U133/><E133/><V24/><F24/><W65/><G77/><T126/><D126/><N who="1" m="48139" /><E109/><V88/><F88/><W99/><G36/><T66/><D34/><U23/><E23/><V54/><REACH who="2" step="1"/><F41/><REACH who="2" step="2"/><W89/><G124/><T33/><D25/><U69/><E69/><V11/><F11/><W90/><G110/><T40/><D40/><N who="1" m="24871" /><E87/><V48/><F48/><W101/><G108/><T28/><D63/><U118/><E118/><V44/><F44/><W32/><G32/><T14/><D60/><U85/><E85/><V105/><F105/><N who="1" m="39945" /><E64/><V98/><F98/><W2/><G99/><T122/><D97/><U37/><E37/><V112/><F112/><W35/><G35/><T67/><D66/><U81/><E81/><V84/><F84/><W76/><G76/><T70/><D67/><U0/><E0/><V86/><F86/><W80/><G2/><T5/><D70/><U42/><E42/><V9/><F9/><W82/><G65/><T16/><D33/><RYUUKYOKU ba="0,1" sc="252,-30,199,10,250,10,289,10" hai1="100,102,120,121" hai2="10,15,22,27,30,51,53,54,58,59,62,72,75" hai3="6,7,17,19,46,47,80,82,89,90,92,101,103" /><INIT seed="2,1,1,2,5,117" ten="222,209,260,299" oya="2" hai0="125,10,69,84,32,6,1,98,103,104,40,83,5" hai1="4,54,135,95,61,44,113,33,92,16,7,66,70" hai2="96,63,12,43,80,71,24,79,90,115,56,101,122" hai3="9,114,51,100,86,28,77,65,129,72,116,75,132" shuffle="mt19937ar,F2994320,9B0ED396,E3775383,48FC8DCB,CE74EF72,CAADEABC,DD26E25E,5401194D"/><V118/><F118/><W37/><G37/><T93/><D32/><U87/><E33/><V47/><F115/><W20/><G116/><T105/><D125/><U17/><E113/><V30/><F71/><W11/><G114/><T78/><D69/><U130/><E130/><V25/><F122/><W131/><G100/><T81/><D6/><U34/><E34/><V74/><F12/><W64/><G51/><T112/><D112/><U111/><E111/><V58/><F90/><W15/><G86/><T49/><REACH who="0" step="1"/><D81/><REACH who="0" step="2"/><U57/><E70/><V3/><F80/><W82/><G82/><T76/><D76/><U99/><E135/><V102/><F79/><W41/><G77/><T97/><D97/><U48/><E7/><V0/><F96/><W13/><G131/><T22/><D22/><U106/><E4/><V27/><F74/><W62/><G75/><T8/><D8/><U18/><REACH who="1" step="1"/><E87/><REACH who="1" step="2"/><V35/><F35/><W39/><G129/><T46/><AGARI ba="1,3" hai="1,5,10,40,46,49,78,83,84,93,98,103,104,105" machi="46" ten="30,2000,0" yaku="1,1,0,1,53,0" doraHai="117" doraHaiUra="55" who="0" fromWho="0" sc="212,53,199,-6,260,-11,299,-6" /><INIT seed="3,0,0,0,2,17" ten="265,193,249,293" oya="3" hai0="47,64,45,54,91,127,115,123,33,85,52,99,41" hai1="133,56,58,49,28,73,74,66,87,116,26,51,25" hai2="105,60,101,39,14,80,71,113,132,68,110,76,43" hai3="103,32,77,62,112,59,29,86,34,18,72,11,53" shuffle="mt19937ar,507A16A3,B0541F9F,EF8B67D4,5323F686,F13CD8F3,C628E3CC,14AB690F,6DBA69F7"/><W93/><G112/><T108/><D33/><U90/><E133/><V114/><F132/><W8/><G34/><T97/><D123/><U55/><E116/><V12/><F12/><W22/><G32/><T96/><D115/><U81/><E26/><V35/><F35/><W65/><G29/><T1/><D1/><U21/><REACH who="1" step="1"/><E66/><REACH who="1" step="2"/><N who="2" m="41031" /><F114/><W122/><G65/><T88/><D64/><U131/><E131/><V134/><F134/><W24/><G122/><T94/><D127/><U2/><E2/><V0/><F0/><W102/><G72/><T20/><D99/><U10/><E10/><V79/><F113/><W27/><G27/><T107/><D97/><U42/><E42/><V7/><F43/><W15/><G8/><T3/><D96/><U4/><E4/><V92/><F7/><W100/><G11/><T95/><D41/><U109/><E109/><V37/><F110/><W82/><G24/><T31/><D3/><U44/><E44/><V75/><F14/><W6/><G6/><T19/><D108/><U118/><E118/><V120/><F120/><W126/><G126/><T117/><D117/><U40/><E40/><V125/><F125/><W61/><G15/><T98/><D45/><U50/><E50/><V69/><F39/><W130/><G130/><T30/><D47/><U67/><E67/><V124/><F37/><W48/><G48/><T84/><D107/><U121/><E121/><V128/><F124/><W38/><G38/><T46/><D98/><U78/><E78/><N who="2" m="44127" /><F105/><W23/><G103/><T70/><D46/><U9/><E9/><V119/><F119/><RYUUKYOKU ba="0,1" sc="265,-10,183,30,249,-10,293,-10" hai1="21,25,28,49,51,55,56,58,73,74,81,87,90" /><INIT seed="4,1,1,4,0,20" ten="255,213,239,283" oya="0" hai0="124,115,90,51,86,26,34,112,80,78,87,70,111" hai1="75,77,130,134,122,42,31,25,123,52,33,121,6" hai2="56,17,27,41,106,120,99,73,131,110,85,59,107" hai3="49,16,4,79,10,97,116,135,13,22,114,5,9" shuffle="mt19937ar,E5FA7151,EEA15E48,76D6A9C3,92E49503,E9019AF0,B2A2A262,21853AA6,57FBDD3D"/><T66/><D124/><U43/><E134/><V126/><F73/><W104/><G116/><T74/><D111/><U118/><E118/><V35/><F110/><W2/><G135/><T96/><D70/><U119/><E119/><V40/><F120/><W98/><G104/><T82/><D66/><U15/><E130/><V38/><F126/><W32/><G32/><T21/><D34/><U69/><E69/><V18/><F131/><W14/><G114/><N who="0" m="43563" /><D51/><U64/><E64/><V105/><F85/><N who="0" m="32266" /><D82/><U92/><E92/><V0/><F0/><W81/><G49/><T91/><D96/><U133/><E133/><V61/><F99/><W117/><G117/><T1/><D1/><U12/><E52/><V89/><F89/><W44/><G44/><T68/><D68/><U71/><E71/><V129/><F129/><W37/><G37/><T94/><D94/><U54/><E54/><V84/><F84/><AGARI ba="1,1" hai="2,4,5,9,10,13,14,16,22,79,81,84,97,98" machi="84" ten="30,2000,0" yaku="7,1,54,1" doraHai="20" who="3" fromWho="2" sc="255,0,213,0,239,-23,283,33" owari="255,1,213,-19,216,-13,316,31" /></mjloggm>