<mjloggm ver="2.3"><GO type="225"/><UN n0="%73%69%67%65%6E%6F%72%69" n1="%E9%95%B7%E5%B2%A1%E5%A4%A7%E6%98%8E%E7%A5%9E" n2="%E3%83%81%E3%83%A3%E3%82%AA%E3%83%AA" n3="%E7%90%86%E6%83%B3%E9%9B%80%E5%A3%AB" dan="17,16,17,16" rate="2157,2058,2111,2028" sx="M,F,M,M"/><TAIKYOKU oya="0"/><INIT seed="0,0,0,4,4,127" ten="250,250,250,250" oya="0" hai0="23,44,49,43,37,78,119,25,74,76,81,15,96" hai1="97,106,56,65,29,72,21,90,17,94,84,54,83" hai2="103,11,7,71,57,30,115,104,87,63,16,101,132" hai3="112,130,40,38,2,116,52,95,91,122,42,51,126" shuffle="mt19937ar,638F653C,3C96905F,5F714B9C,697A9621,5A2626CE,CBFBF8F1,21FDF2C8,7F22A976"/><T85/><D119/><U3/><E3/><V82/><F71/><W36/><G116/><T107/><D15/><U86/><E65/><V46/><F115/><W131/><G2/><T110/><D110/><U8/><E8/><V133/><F30/><W80/><G80/><T68/><D68/><U14/><E29/><V18/><F46/><W58/><G112/><T121/><D121/><U120/><E120/><V4/><F104/><W13/><G122/><T100/><D37/><N who="3" m="14441" /><G126/><T10/><D10/><U5/><E5/><V109/><F109/><W135/><G13/><T98/><D98/><U99/><E72/><V0/><F7/><W20/><G20/><T105/><D105/><U45/><E45/><V34/><F34/><W114/><G114/><T6/><D6/><U28/><E28/><V62/><F103/><W93/><G93/><T102/><D102/><U124/><E124/><V113/><F101/><W59/><G135/><N who="2" m="51785" /><F113/><W53/><G95/><T22/><D74/><U31/><E31/><V79/><F62/><N who="3" m="36167" /><G91/><T75/><D75/><U111/><E111/><V125/><F125/><W55/><G55/><AGARI ba="0,0" hai="0,4,11,16,18,55,57,63,79,82,87" m="51785" machi="55" ten="30,2000,0" yaku="20,1,54,1" doraHai="127" who="2" fromWho="3" sc="250,0,250,0,250,20,250,-20" /><INIT seed="1,0,0,4,4,58" ten="250,250,270,230" oya="1" hai0="128,11,120,54,89,113,121,48,18,5,93,126,134" hai1="17,69,38,29,13,0,81,77,90,104,117,23,12" hai2="98,56,39,91,87,74,61,96,62,46,3,64,4" hai3="51,63,1,67,132,84,42,106,60,10,119,111,101" shuffle="mt19937ar,89D5A5D3,E4900799,6131F375,3AED05FE,5CF4B894,ED51D93A,36E8E16D,26B1FA8C"/><U92/><E38/><V15/><F3/><W129/><G67/><T36/><D36/><U73/><E0/><V72/><F72/><W94/><G106/><T66/><D113/><U79/><E104/><V109/><F74/><W27/><G111/><T70/><D126/><U115/><E115/><V47/><F109/><W110/><G110/><T22/><D128/><U49/><E69/><V37/><F37/><W80/><G129/><T50/><D134/><U19/><E117/><V105/><F105/><W21/><G10/><T125/><D125/><U14/><E79/><V99/><F39/><W131/><G1/><T133/><D133/><U102/><E102/><V116/><F116/><W25/><G131/><T6/><D66/><U33/><E33/><V83/><F62/><N who="3" m="23595" /><G132/><T57/><D70/><U71/><E71/><V76/><F76/><N who="3" m="46087" /><G119/><T123/><D11/><AGARI ba="0,0" hai="4,11,15,46,47,56,61,64,83,87,91,96,98,99" machi="11" ten="40,2600,0" yaku="8,1,52,1" doraHai="58" who="2" fromWho="0" sc="250,-26,250,0,270,26,230,0" /><INIT seed="2,0,0,5,5,81" ten="224,250,296,230" oya="2" hai0="123,42,68,66,15,0,103,71,12,18,116,55,95" hai1="14,106,70,1,29,2,85,3,104,31,128,87,78" hai2="23,43,30,134,75,28,89,22,109,129,5,41,11" hai3="20,120,111,88,50,113,59,108,79,98,91,53,32" shuffle="mt19937ar,F893E84C,EA987879,38F3EDD2,213944C1,51BF1459,634C9C3C,AEE77770,532C830C"/><V82/><F129/><W36/><G120/><T80/><D0/><U105/><E70/><V77/><F134/><W52/><G32/><T48/><D123/><U97/><E128/><V72/><F72/><W92/><G36/><T38/><D116/><U10/><E97/><V33/><F89/><W101/><G113/><T16/><D38/><U121/><E121/><V67/><F67/><W131/><G131/><T96/><D42/><U112/><E112/><V9/><F109/><N who="3" m="42059" /><G79/><T84/><D66/><U51/><E51/><V107/><F107/><W69/><G69/><T8/><D15/><U125/><E125/><V86/><F75/><W45/><G20/><N who="2" m="7721" /><F33/><W34/><G34/><T61/><D61/><AGARI ba="0,0" hai="45,50,52,53,59,61,88,91,92,98,101" m="42059" machi="61" ten="30,3900,0" yaku="14,1,54,2" doraHai="81" who="3" fromWho="0" sc="224,-39,250,0,296,0,230,39" /><INIT seed="3,0,0,4,5,68" ten="185,250,296,269" oya="3" hai0="26,9,122,83,49,85,93,128,116,35,36,32,105" hai1="134,102,117,63,82,33,7,3,4,107,42,39,53" hai2="92,78,124,123,86,112,41,66,62,30,18,129,101" hai3="0,81,64,135,76,79,11,28,110,44,2,20,55" shuffle="mt19937ar,052021E9,BF7CE7DE,30C50B4E,C3CD8782,1F4C9257,0C8CBED6,F49A9783,0EBED94B"/><W84/><G135/><T65/><D105/><U34/><E134/><V56/><F112/><W23/><G64/><T43/><D116/><U118/><E53/><V5/><F124/><W52/><G28/><T120/><D128/><U31/><E63/><V100/><F129/><W115/><G115/><T96/><D65/><U17/><E82/><V74/><F74/><W38/><G110/><T103/><D49/><U45/><E17/><V57/><F123/><W89/><G89/><T73/><D73/><U21/><E21/><V71/><F30/><W54/><G79/><T12/><D32/><N who="1" m="12395" /><E31/><V50/><F5/><W70/><G70/><T80/><D26/><U94/><E94/><V99/><F18/><W51/><G38/><T16/><D35/><U48/><E48/><V29/><F29/><W125/><G125/><T97/><D97/><N who="1" m="61903" /><E7/><V95/><F71/><W91/><G91/><T1/><D1/><U133/><E133/><V108/><F108/><W8/><G0/><T75/><D83/><U90/><E90/><N who="2" m="53335" /><F78/><W131/><G2/><T72/><D122/><U58/><E58/><N who="2" m="37207" /><F101/><W132/><G132/><T77/><REACH who="0" step="1"/><D120/><REACH who="0" step="2"/><U22/><E22/><N who="3" m="8234" /><G131/><T114/><D114/><U24/><E24/><V60/><F60/><W6/><G81/><T109/><D109/><U25/><E25/><V119/><F119/><W98/><G51/><T15/><D15/><U121/><E121/><V88/><F100/><W14/><G98/><T69/><D69/><U127/><E127/><V104/><F104/><W87/><G14/><T46/><AGARI ba="0,1" hai="9,12,16,36,43,46,72,75,77,80,85,93,96,103" machi="46" ten="30,8000,1" yaku="1,1,0,1,52,1,54,1,53,1" doraHai="68" doraHaiUra="37" who="0" fromWho="0" sc="175,90,250,-20,296,-20,269,-40" /><INIT seed="4,0,0,2,3,12" ten="265,230,276,229" oya="0" hai0="45,29,14,105,110,90,31,96,26,41,23,54,44" hai1="124,97,57,56,130,135,4,53,34,78,10,77,21" hai2="61,109,112,88,93,132,27,119,47,64,80,38,28" hai3="113,69,22,122,19,6,32,65,35,74,115,39,128" shuffle="mt19937ar,20E0670C,11C64824,FFC869D9,FFF4842E,5DFE0F08,F97A6BE1,876D37FB,3DBCE0F4"/><T58/><D110/><U0/><E34/><V36/><F109/><W76/><G39/><T51/><D14/><U49/><E130/><V43/><F112/><N who="3" m="43083" /><G128/><T106/><D31/><U118/><E118/><V85/><F119/><W102/><G6/><T71/><D71/><U55/><E124/><V18/><F132/><W89/><G102/><T7/><D7/><U13/><E135/><V30/><F36/><W83/><G122/><T114/><D114/><U68/><E68/><V82/><F18/><W24/><G89/><T98/><D45/><U103/><E21/><V17/><F17/><W125/><G125/><T11/><D11/><U95/><REACH who="1" step="1"/><E0/><REACH who="1" step="2"/><V92/><F80/><W75/><G75/><T108/><D108/><U8/><E8/><V116/><F116/><W123/><G123/><T111/><D111/><U3/><E3/><V99/><F27/><W79/><G79/><T5/><D26/><U86/><E86/><V37/><F82/><W133/><G133/><T42/><D23/><U50/><AGARI ba="0,1" hai="4,10,13,49,50,53,55,56,57,77,78,95,97,103" machi="50" ten="20,12000,2" yaku="1,1,0,1,7,1,9,1,8,1,53,2" doraHai="12" doraHaiUra="73" who="1" fromWho="1" sc="265,-60,220,130,276,-30,229,-30" owari="205,-14,350,34,246,0,199,-20" /></mjloggm>