<mjloggm ver="2.3"><GO type="185"/><UN n0="%E3%81%B0%E3%81%8F%E3%81%92%E3%81%A3%E3%81%8D" n1="%E5%8D%81%E5%85%AD%E5%A4%9C%E2%80%A0%E5%92%B2%E5%A4%9C" n2="%E5%83%8D%E3%81%8D%E3%81%9F%E3%81%8F%E3%81%AA%E3%81%84" n3="" dan="16,16,17,0" rate="2210,2180,2223,1500" sx="M,F,M,C"/><TAIKYOKU oya="0"/><INIT seed="0,0,0,5,0,96" ten="350,350,350,0" oya="0" hai0="119,88,114,69,49,1,102,108,125,41,33,104,82" hai1="72,97,32,134,48,78,54,51,36,130,133,98,124" hai2="95,74,67,123,76,60,129,121,58,101,73,0,80" hai3="" shuffle="mt19937ar,EA0F14F1,E9243CFE,FEAD2536,6F9944CC,59149D75,BD502637,C89FF176,57C2876C"/><T53/><D33/><U43/><E32/><V65/><N who="2" m="31008" /><V92/><N who="2" m="31520" /><V77/><F0/><T87/><D1/><U93/><E36/><V3/><F3/><T81/><D119/><U45/><E130/><V37/><F129/><T105/><D114/><U70/><E70/><V126/><F37/><T63/><D41/><U34/><E34/><V56/><F126/><T132/><D125/><U120/><N who="1" m="30752" /><U122/><N who="1" m="31264" /><U55/><E124/><V59/><F77/><T91/><D132/><U107/><E107/><V39/><F39/><T118/><D118/><U38/><E38/><V79/><F67/><T52/><D102/><U90/><E97/><V84/><F79/><T99/><D99/><U127/><E127/><V89/><F101/><T86/><D108/><U116/><E116/><V115/><F115/><T57/><REACH who="0" step="1"/><D69/><REACH who="0" step="2"/><U106/><E43/><V2/><F2/><T85/><D85/><U113/><E113/><V94/><F74/><T135/><D135/><U71/><E71/><V35/><F35/><T83/><D83/><U62/><E134/><V111/><F111/><T64/><D64/><U109/><E133/><V103/><F103/><T66/><D66/><U112/><E109/><V47/><F73/><RYUUKYOKU ba="0,1" sc="340,20,350,-10,350,-10,0,0" hai0="49,52,53,57,63,81,82,86,87,88,91,104,105" /><INIT seed="0,1,1,1,3,130" ten="360,340,340,0" oya="0" hai0="71,93,128,65,114,36,75,77,48,125,61,37,117" hai1="101,55,133,85,97,34,87,35,99,123,70,132,67" hai2="121,91,73,90,69,60,105,129,64,98,47,72,96" hai3="" shuffle="mt19937ar,BD40494D,B7806FE2,74F62CFB,1284942A,E8D7CF6B,04AAA62F,5378F320,6ACB617F"/><T103/><D117/><U106/><N who="1" m="31520" /><U62/><E55/><V46/><N who="2" m="31008" /><V57/><F129/><T54/><D128/><U68/><E99/><V59/><F105/><T82/><D114/><U53/><E53/><V84/><F69/><T119/><D119/><U40/><E40/><V33/><F33/><N who="1" m="12297" /><E70/><V79/><F79/><T88/><D103/><U115/><E115/><V41/><F41/><T0/><D0/><U108/><E108/><V110/><F84/><T135/><D125/><U80/><E80/><V118/><F118/><T111/><D111/><U44/><E44/><V2/><F110/><T58/><REACH who="0" step="1"/><D135/><AGARI ba="1,1" hai="62,67,68,85,87,97,101,106,132,133,135" m="12297,31520" machi="135" ten="30,8000,1" yaku="20,1,52,4" doraHai="130" who="1" fromWho="0" sc="360,-82,340,92,340,0,0,0" /><INIT seed="1,0,0,5,1,100" ten="278,432,340,0" oya="1" hai0="49,106,108,114,59,122,107,131,110,44,113,57,133" hai1="0,117,112,39,78,104,52,127,121,43,76,95,50" hai2="68,34,53,33,54,64,80,77,84,90,55,130,93" hai3="" shuffle="mt19937ar,A0BBBE0F,3312E26A,8D04568A,B857F348,CFFB4E47,67BD4921,54E46B81,65D0C2EB"/><U87/><N who="1" m="31008" /><U62/><E0/><V124/><F130/><T116/><N who="0" m="31264" /><T92/><D131/><U56/><E117/><V134/><F124/><T1/><D1/><U46/><E112/><N who="0" m="43113" /><D92/><U82/><E127/><V126/><F134/><T81/><D81/><U47/><E95/><V63/><REACH who="2" step="1"/><F126/><REACH who="2" step="2"/><T37/><D133/><U48/><E39/><V67/><F67/><T128/><D37/><U86/><E104/><N who="0" m="39977" /><D128/><U129/><E129/><V60/><F60/><T94/><D94/><U89/><REACH who="1" step="1"/><E87/><AGARI ba="0,1" hai="33,34,53,54,55,63,64,68,77,80,84,87,90,93" machi="87" ten="40,2600,0" yaku="1,1,53,1" doraHai="100" doraHaiUra="61" who="2" fromWho="1" sc="278,0,432,-26,330,36,0,0" /><INIT seed="2,0,0,2,2,71" ten="278,406,366,0" oya="2" hai0="87,2,128,40,95,134,62,98,85,125,69,107,104" hai1="84,105,46,118,96,131,82,64,112,72,56,110,51" hai2="76,47,63,81,93,94,108,74,89,42,97,103,115" hai3="" shuffle="mt19937ar,0CB1F784,DCB22D38,6ADF077D,9AA138F1,BAC392A8,F973FC31,AEBA8BF9,ECC3D9D4"/><V67/><F115/><T43/><D2/><U114/><E72/><V78/><F78/><T127/><D69/><U61/><E110/><V102/><F108/><T113/><D62/><U54/><E131/><V66/><F63/><T39/><D113/><U45/><E118/><V49/><REACH who="2" step="1"/><F103/><REACH who="2" step="2"/><T79/><D128/><U135/><E112/><V50/><F50/><T100/><D79/><U33/><E114/><V60/><F60/><T106/><D134/><U92/><E135/><V130/><F130/><T68/><D39/><U91/><E61/><V59/><F59/><T132/><D68/><U80/><E56/><V83/><F83/><T86/><REACH who="0" step="1"/><D132/><REACH who="0" step="2"/><U73/><E51/><V101/><F101/><T41/><AGARI ba="0,2" hai="40,41,43,85,86,87,95,98,100,104,106,107,125,127" machi="41" ten="40,6000,1" yaku="1,1,2,1,0,1,29,2,53,0" doraHai="71" doraHaiUra="0" who="0" fromWho="0" sc="268,80,406,-20,356,-40,0,0" /><INIT seed="4,0,0,3,0,0" ten="348,386,316,0" oya="0" hai0="65,86,39,51,123,33,75,112,134,56,113,111,107" hai1="66,100,74,1,105,94,93,35,32,87,96,99,130" hai2="76,83,121,58,44,46,108,89,54,103,49,40,132" hai3="" shuffle="mt19937ar,D3B3F126,122BD3E5,D918C6ED,95B8CFF1,60B6D917,0B1AE37F,EB594795,55CED540"/><T81/><N who="0" m="31520" /><T42/><D33/><U62/><E1/><V101/><N who="2" m="31008" /><V127/><F108/><T90/><D111/><U115/><E74/><V91/><F132/><T80/><D134/><U129/><E87/><V116/><F127/><T85/><D75/><U55/><E55/><V95/><F116/><T118/><D118/><U110/><E110/><V77/><F46/><T2/><D2/><U106/><E115/><N who="0" m="44105" /><D107/><U34/><E106/><V50/><F89/><T79/><D39/><U45/><E45/><V125/><F125/><T63/><D51/><U97/><E105/><V128/><F128/><N who="1" m="49257" /><E100/><N who="2" m="38475" /><F83/><T70/><D42/><U47/><E47/><V68/><F68/><AGARI ba="0,0" hai="56,63,65,68,70,79,80,81,85,86,90" m="44105,31520" machi="68" ten="30,2900,0" yaku="15,1,52,1" doraHai="0" who="0" fromWho="2" sc="348,29,386,0,316,-29,0,0" /><AGARI ba="0,0" hai="32,34,35,62,66,68,93,94,96,97,99" m="49257" machi="68" ten="40,8000,1" yaku="19,1,52,3" doraHai="0" who="1" fromWho="2" sc="377,0,386,80,287,-80,0,0" /><INIT seed="4,1,0,3,1,48" ten="377,466,207,0" oya="0" hai0="67,135,53,103,102,35,36,130,77,52,91,80,101" hai1="100,64,1,40,99,83,88,113,76,56,126,70,72" hai2="127,116,85,132,39,122,92,47,89,104,61,78,115" hai3="" shuffle="mt19937ar,0CA593DF,7460F6DD,B9F9EE31,DFB685A8,E7557866,74F93622,2462D9B8,8BF706E0"/><T129/><D35/><U133/><E1/><V79/><N who="2" m="31264" /><V59/><F116/><T50/><D36/><U60/><E113/><V82/><F115/><T41/><D135/><U74/><E133/><V117/><F132/><T2/><D2/><U46/><E126/><V68/><F127/><T118/><D118/><U71/><E72/><V75/><F117/><T0/><D0/><U119/><E119/><V66/><F104/><T121/><N who="0" m="31008" /><T54/><D67/><U62/><E62/><V45/><F79/><T3/><D3/><U128/><E128/><N who="0" m="49257" /><D91/><U109/><E109/><V65/><F39/><T105/><D41/><U73/><E88/><V114/><F114/><T32/><D105/><U90/><E90/><V81/><F92/><T110/><D32/><U57/><E64/><V49/><F65/><T120/><N who="0" m="30752" /><T112/><D110/><U125/><E40/><V97/><REACH who="2" step="1"/><F97/><REACH who="2" step="2"/><T86/><D112/><U69/><E125/><V98/><F98/><T38/><D38/><U34/><E99/><V108/><F108/><T124/><D124/><U58/><E34/><V42/><F42/><T51/><AGARI ba="1,1" hai="50,51,52,53,54,77,80,86,101,102,103" m="30752,49257,31008" machi="51" ten="40,12000,2" yaku="19,1,52,5,54,1" doraHai="48" who="0" fromWho="0" sc="377,132,466,-61,197,-61,0,0" /><INIT seed="4,2,0,5,5,78" ten="509,405,136,0" oya="0" hai0="125,38,66,85,33,102,74,109,108,58,132,105,47" hai1="128,71,44,45,41,32,43,94,54,91,100,72,122" hai2="0,42,39,134,76,46,77,129,124,110,35,73,81" hai3="" shuffle="mt19937ar,75F4D851,09749F01,472F98C0,B3683272,D7D554D9,AAB795E0,EFC5B4DE,1632B673"/><T63/><D33/><U1/><N who="1" m="31264" /><U135/><E32/><V95/><F110/><N who="0" m="42602" /><D74/><U99/><E71/><V119/><F0/><T62/><D125/><U49/><E1/><V111/><F124/><T53/><D132/><U112/><E135/><V97/><F134/><T37/><D47/><U52/><E128/><V61/><F129/><T96/><D85/><U40/><E72/><V65/><F111/><T70/><AGARI ba="2,0" hai="37,38,53,58,62,63,66,70,96,102,105" m="42602" machi="70" ten="30,1000,0" yaku="10,1" doraHai="78" who="0" fromWho="0" sc="509,14,405,-7,136,-7,0,0" /><INIT seed="4,3,0,3,3,82" ten="523,398,129,0" oya="0" hai0="97,101,32,49,50,92,108,35,71,76,121,128,61" hai1="117,43,2,86,112,60,47,81,72,80,42,91,107" hai2="57,67,45,65,84,104,96,103,37,90,133,94,122" hai3="" shuffle="mt19937ar,D980E6DD,986B1576,E2A69CE2,3C840F72,5639AB76,9E86809F,8CBE424C,40B73E25"/><T34/><N who="0" m="31008" /><T64/><D108/><U74/><E2/><V51/><N who="2" m="31264" /><V78/><F133/><T69/><D128/><U88/><E107/><V134/><F134/><T105/><D71/><U127/><E117/><V118/><F118/><T59/><D76/><U62/><E127/><V123/><N who="2" m="31520" /><V130/><F130/><T129/><D129/><U114/><REACH who="1" step="1"/><E47/><REACH who="1" step="2"/><V126/><F126/><T100/><D105/><U110/><E110/><V135/><F135/><T79/><D35/><U39/><E39/><V99/><F37/><T83/><D34/><U66/><E66/><V33/><F33/><T89/><D32/><U131/><E131/><V63/><F67/><T85/><D69/><U68/><E68/><V48/><REACH who="2" step="1"/><F45/><REACH who="2" step="2"/><T54/><D64/><U132/><E132/><V95/><F95/><T0/><D0/><U75/><E75/><V106/><F106/><T38/><D38/><U36/><E36/><V125/><F125/><T102/><AGARI ba="3,2" hai="49,50,54,59,61,79,83,85,89,92,97,100,101,102" m="31008" machi="102" ten="30,7800,0" yaku="0,1,8,1,52,2" doraHai="82" who="0" fromWho="0" sc="523,104,388,-42,119,-42,0,0" /><INIT seed="4,4,0,2,5,114" ten="627,346,77,0" oya="0" hai0="94,133,88,53,69,98,130,40,36,84,104,78,91" hai1="79,127,59,54,60,70,108,105,96,0,62,33,124" hai2="134,76,102,106,1,74,51,92,135,128,46,37,34" hai3="" shuffle="mt19937ar,D63C76EF,FC9B518A,196A8D5C,273B7051,094BB183,86311D3B,8D45495F,7411E015"/><T110/><D69/><U82/><E0/><V38/><F1/><T66/><D104/><U58/><E33/><V113/><F34/><T121/><N who="0" m="31008" /><T35/><D35/><U123/><N who="1" m="31520" /><U109/><E70/><V122/><N who="2" m="31264" /><V120/><N who="2" m="30752" /><V101/><F106/><T118/><D66/><U125/><E105/><V80/><F113/><T44/><D78/><U111/><E96/><V115/><F128/><T55/><D130/><U43/><E82/><V93/><F115/><T117/><D110/><U132/><E79/><V47/><F47/><T86/><D98/><U116/><E43/><V2/><F2/><T103/><D103/><U68/><E68/><V77/><F77/><T129/><D129/><U56/><E132/><N who="2" m="50731" /><F102/><T131/><D133/><U67/><E58/><V89/><F101/><T72/><D72/><U100/><E100/><V107/><F107/><T73/><D73/><U95/><E95/><N who="2" m="36427" /><F89/><T85/><D131/><U57/><E57/><V52/><AGARI ba="4,0" hai="37,38,46,51,52,74,76,80" m="36427,50731,30752,31264" machi="52" ten="30,5900,0" yaku="20,1,52,2,54,1" doraHai="114" who="2" fromWho="2" sc="627,-43,346,-24,77,67,0,0" /><INIT seed="5,0,0,1,0,43" ten="584,322,144,0" oya="1" hai0="126,39,3,80,69,59,38,61,95,111,107,90,78" hai1="44,125,53,65,42,117,129,49,81,119,54,135,71" hai2="122,116,118,55,97,72,73,113,45,75,128,120,32" hai3="" shuffle="mt19937ar,C26B0529,F70E3F45,419FD6AA,93B69105,131B4BD6,B6290141,51BAA4C9,9BE7CC5C"/><U91/><E91/><V1/><N who="2" m="30752" /><V94/><N who="2" m="31264" /><V60/><F32/><T115/><D3/><U77/><E129/><V41/><F1/><T85/><D107/><U101/><E101/><V79/><F128/><T2/><D2/><U86/><E135/><V0/><F0/><T84/><D69/><U82/><E125/><V98/><F79/><T88/><D126/><U105/><E105/><V34/><F34/><T102/><D102/><U92/><E92/><V47/><F113/><T63/><D115/><U134/><E82/><V100/><F98/><T103/><D103/><U51/><E134/><V76/><F76/><T96/><D111/><U57/><REACH who="1" step="1"/><E42/><REACH who="1" step="2"/><V114/><F114/><T74/><D95/><U112/><E112/><V124/><F124/><T93/><D90/><U132/><E132/><V106/><F106/><T36/><D93/><U110/><E110/><V123/><N who="2" m="31520" /><V46/><REACH who="2" step="1"/><F41/><REACH who="2" step="2"/><T64/><D80/><U37/><E37/><V40/><F40/><T50/><D78/><U104/><E104/><V109/><F109/><T127/><D127/><U33/><E33/><V56/><AGARI ba="0,2" hai="45,46,47,55,56,60,72,73,75,94,97,100,116,118" m="31520,31264,30752" machi="56" ten="40,12000,3" yaku="1,1,0,1,52,6,53,1" doraHai="43" doraHaiUra="99" who="2" fromWho="2" sc="584,-40,312,-80,134,140,0,0" /><INIT seed="6,0,0,5,1,69" ten="544,232,274,0" oya="2" hai0="42,40,76,91,73,52,99,95,88,44,51,55,122" hai1="48,105,37,106,65,92,0,127,49,85,84,94,135" hai2="3,96,66,117,67,62,112,120,43,74,79,87,102" hai3="" shuffle="mt19937ar,07B108F0,EC7B511C,106B7C6C,D7612F20,62B5F01B,C04A632C,AB5C4F26,BE1BAFCB"/><V41/><N who="2" m="30752" /><V119/><F3/><T60/><N who="0" m="31264" /><T97/><D76/><U83/><E0/><V93/><F74/><T111/><D73/><U32/><E32/><V81/><F112/><T114/><D114/><U129/><E65/><V116/><REACH who="2" step="1"/><F67/><REACH who="2" step="2"/><T86/><D111/><U77/><E135/><V38/><F38/><T98/><D91/><U115/><E115/><V124/><F124/><T57/><AGARI ba="0,1" hai="40,42,44,51,52,55,57,60,86,88,95,97,98,99" m="31264" machi="57" ten="30,6000,1" yaku="0,1,8,1,52,1,54,2" doraHai="69" who="0" fromWho="0" sc="544,70,232,-20,264,-40,0,0" owari="614,57,212,-39,224,-18,0,0" /></mjloggm>