<mjloggm ver="2.3"><GO type="225"/><UN n0="%E9%9B%81%E7%BA%8F" n1="%41%6D%41" n2="%E3%81%BF%E3%81%A3%E3%81%A4%E3%81%83%EF%BD%9E" n3="%E3%83%9C%E3%83%84" dan="16,16,17,16" rate="2056,2039,2160,2036" sx="M,M,F,M"/><TAIKYOKU oya="0"/><INIT seed="0,0,0,2,5,49" ten="250,250,250,250" oya="0" hai0="52,55,115,88,30,43,128,14,11,126,12,5,23" hai1="9,75,0,45,112,1,90,41,80,27,98,29,116" hai2="117,94,89,86,54,132,35,36,17,6,13,58,20" hai3="119,69,56,125,51,76,8,108,63,18,78,107,50" shuffle="mt19937ar,809EDF07,FEACF729,DB9EC3AA,B484B51A,36D91299,48C5BA58,43FABD71,228D6C94"/><T73/><D115/><U28/><E116/><V4/><F35/><W16/><G119/><T33/><D73/><U79/><E112/><V133/><F36/><W39/><G39/><T129/><D126/><U48/><E9/><V62/><REACH who="2" step="1"/><F117/><REACH who="2" step="2"/><W77/><G125/><T95/><D33/><U47/><E47/><V93/><F93/><W37/><G37/><T101/><D101/><U118/><E118/><V92/><F92/><W100/><G107/><T22/><D43/><U72/><E45/><V38/><F38/><W104/><G104/><T65/><D65/><U135/><E41/><V103/><F103/><W3/><G100/><T83/><D83/><U7/><E80/><V10/><F10/><W61/><G8/><T26/><D22/><U57/><E75/><V31/><F31/><W74/><G74/><T81/><D81/><U82/><E29/><V127/><F127/><W131/><G131/><N who="0" m="50251" /><D14/><U114/><E82/><V91/><F91/><W102/><G102/><T123/><D123/><U70/><E90/><V21/><F21/><W68/><G77/><T99/><AGARI ba="0,1" hai="5,11,12,23,26,30,52,55,88,95,99" m="50251" machi="99" ten="30,12000,1" yaku="19,1,52,2,54,2" doraHai="49" who="0" fromWho="0" sc="250,130,250,-40,240,-40,250,-40" /><INIT seed="0,1,0,0,0,36" ten="380,210,200,210" oya="0" hai0="67,131,27,5,70,46,112,31,104,20,69,39,88" hai1="2,3,77,58,102,80,26,127,68,8,90,101,28" hai2="66,71,4,93,96,119,47,103,133,60,35,11,125" hai3="51,75,57,59,23,106,42,14,19,6,48,44,41" shuffle="mt19937ar,1BC6A8AE,63BA2C60,87DF5C5A,0FFE6573,069E9AC2,19C9C84A,3AEEBA82,3DEE1374"/><T78/><D112/><U97/><E68/><V122/><F35/><W118/><G118/><T120/><D120/><U115/><E127/><V32/><F32/><W56/><G106/><T132/><D104/><U116/><E116/><V109/><F119/><W29/><G75/><T76/><D131/><U108/><E115/><V84/><F125/><W38/><G29/><T91/><D5/><U34/><E108/><V114/><F122/><W22/><G22/><T105/><D105/><U64/><E8/><V130/><F114/><W89/><G6/><T99/><D132/><U107/><E90/><V87/><F109/><W83/><REACH who="3" step="1"/><G42/><REACH who="3" step="2"/><T135/><D135/><U65/><E107/><V52/><F133/><W25/><G25/><T43/><D20/><U110/><E110/><V79/><F130/><W95/><G95/><T9/><D27/><U55/><E34/><V37/><F79/><W18/><G18/><T85/><D31/><U123/><E28/><V86/><F37/><W17/><G17/><T73/><D78/><U92/><E77/><V61/><F47/><W98/><G98/><T53/><D99/><U72/><E97/><V62/><REACH who="2" step="1"/><F52/><REACH who="2" step="2"/><W124/><G124/><T0/><D53/><U100/><E55/><V49/><F49/><W15/><G15/><AGARI ba="1,2" hai="4,11,15,60,61,62,66,71,84,86,87,93,96,103" machi="15" ten="40,1300,0" yaku="1,1,53,0" doraHai="36" doraHaiUra="16" who="2" fromWho="3" sc="380,0,210,0,190,36,200,-16" /><INIT seed="1,0,0,4,5,28" ten="380,210,226,184" oya="1" hai0="49,34,61,113,42,99,23,87,76,11,38,91,67" hai1="94,78,0,135,26,47,9,60,66,110,59,57,32" hai2="115,8,36,85,95,16,43,89,5,53,83,6,88" hai3="108,52,51,118,45,15,44,63,72,92,122,131,14" shuffle="mt19937ar,E29ED38D,1F131E50,4B987A7C,7FE680DA,ED953765,621E0771,AB164C1E,A5F632A1"/><U21/><E135/><V81/><F115/><W37/><G122/><T119/><D113/><U128/><E128/><V65/><F36/><W112/><G112/><T127/><D38/><U80/><E110/><V68/><F68/><W33/><G108/><T25/><D119/><U39/><E94/><N who="2" m="54543" /><F65/><W29/><G72/><T70/><D127/><U64/><E0/><V116/><F43/><W12/><G131/><T40/><D34/><U101/><E101/><V41/><F41/><W84/><G118/><T19/><D76/><U2/><E39/><V79/><F79/><W109/><G109/><T3/><D99/><U46/><E2/><V96/><F116/><W31/><G63/><T86/><D86/><N who="1" m="48407" /><E32/><V1/><F1/><W20/><G20/><T132/><D132/><U134/><E9/><V93/><F53/><W123/><G123/><T124/><D124/><U103/><E103/><V77/><F95/><W111/><G111/><T120/><D120/><U130/><E134/><V35/><F35/><W71/><G71/><T107/><D107/><U4/><E130/><V129/><F129/><W102/><G33/><T27/><D3/><U7/><E64/><V30/><F30/><W74/><G74/><T121/><D11/><U10/><E10/><V97/><F97/><N who="3" m="59687" /><G84/><T126/><D126/><U24/><E66/><V98/><F96/><W82/><G82/><N who="2" m="31241" /><F77/><W56/><G37/><T114/><D114/><U55/><E55/><V50/><F50/><W13/><N who="3" m="3072" /><DORA hai="17" /><W125/><G125/><T133/><D49/><U18/><E60/><V117/><F117/><W73/><G73/><RYUUKYOKU ba="0,0" sc="380,-15,210,-15,226,15,184,15" hai2="5,6,8,16,89,93,98" hai3="29,31,44,45,51,52,56" /><INIT seed="2,1,0,2,1,81" ten="365,195,241,199" oya="2" hai0="98,91,88,43,56,115,78,65,79,46,63,42,135" hai1="12,111,97,106,66,54,107,90,128,37,101,8,64" hai2="103,102,82,44,131,119,53,113,21,22,105,72,121" hai3="67,76,77,75,57,49,38,118,60,117,96,16,74" shuffle="mt19937ar,F39BAAFC,0B1D3964,E226AD42,6C8FD8F2,B55F3003,A13C1B91,72CA8116,361F3C68"/><V1/><F1/><W71/><G38/><T33/><D33/><U129/><E37/><V7/><F7/><W69/><G96/><T34/><D34/><U70/><E107/><V110/><F113/><W45/><G77/><N who="0" m="29195" /><D115/><U73/><E73/><V104/><F72/><W93/><G93/><N who="0" m="56615" /><D135/><U28/><E111/><V13/><F110/><W85/><G74/><T109/><D109/><U4/><E28/><V35/><F121/><W14/><G75/><T11/><D11/><U62/><E66/><V61/><F35/><W27/><G69/><T114/><D114/><U123/><E123/><V25/><F105/><W132/><G71/><T94/><D46/><U9/><E54/><V19/><F104/><W20/><G132/><T3/><D3/><U99/><E9/><V133/><F133/><W40/><REACH who="3" step="1"/><G27/><REACH who="3" step="2"/><T95/><D95/><U86/><REACH who="1" step="1"/><E99/><AGARI ba="1,1" hai="42,43,56,63,65,91,94,99" m="56615,29195" machi="99" ten="30,2000,0" yaku="8,1,54,1" doraHai="81" who="0" fromWho="1" sc="365,33,195,-23,241,0,189,0" /><INIT seed="3,0,0,2,1,127" ten="398,172,241,189" oya="3" hai0="113,71,19,134,105,123,38,92,11,8,101,83,18" hai1="57,94,21,0,61,29,69,17,115,62,45,119,1" hai2="5,48,78,9,22,55,79,132,30,125,42,88,99" hai3="72,77,6,131,66,12,86,67,100,84,7,20,2" shuffle="mt19937ar,DFBA1405,EC97B4F2,82DE17B0,DAF44090,081E7494,061DA423,46B76D4D,3A6CB4BE"/><W116/><G116/><T97/><D123/><U98/><E115/><V102/><F132/><W76/><G2/><T74/><D71/><U58/><E119/><V108/><F108/><W128/><G100/><T10/><D38/><U91/><E69/><V63/><F125/><W59/><G20/><T44/><D134/><U122/><E122/><V85/><F63/><N who="3" m="38271" /><G67/><T35/><D35/><U24/><E45/><N who="2" m="28047" /><F42/><W32/><G32/><T3/><D3/><U135/><E135/><V37/><F37/><W118/><G118/><T40/><D113/><U64/><REACH who="1" step="1"/><E29/><REACH who="1" step="2"/><V81/><F30/><W129/><G72/><T13/><D105/><U93/><E93/><N who="2" m="58735" /><F22/><W26/><G26/><T28/><D28/><U46/><E46/><V95/><F95/><W27/><G27/><T80/><D74/><U73/><E73/><V112/><F112/><W111/><G111/><T33/><D33/><U110/><E110/><V133/><F133/><W120/><G120/><T107/><D107/><U16/><E16/><V15/><AGARI ba="0,1" hai="5,9,15,78,79,81,85,88" m="58735,28047" machi="15" ten="30,2000,0" yaku="8,1,54,1" doraHai="127" who="2" fromWho="2" sc="398,-5,162,-5,241,30,189,-10" owari="393,39,157,-24,271,2,179,-17" /></mjloggm>