<mjloggm ver="2.3"><GO type="225"/><UN n0="%73%69%64%65" n1="%E9%95%B7%E5%B2%A1%E5%A4%A7%E6%98%8E%E7%A5%9E" n2="%E3%82%88%E3%81%A3%E3%81%A1" n3="%E9%9B%81%E7%BA%8F" dan="17,16,16,16" rate="2075,2010,2068,2068" sx="M,F,M,M"/><TAIKYOKU oya="0"/><INIT seed="0,0,0,4,0,34" ten="250,250,250,250" oya="0" hai0="129,98,110,78,77,8,86,5,102,76,49,115,40" hai1="29,95,22,46,41,52,19,81,108,74,17,10,97" hai2="85,47,87,125,0,124,16,51,91,114,30,106,128" hai3="39,6,63,4,96,75,1,109,43,31,64,101,79" shuffle="mt19937ar,B882FC7D,D1BB0F52,97A59038,9BE9B9F2,F4CFE205,4DF492A4,82CC1192,9C332B90"/><T56/><D115/><U36/><E108/><V118/><F106/><W26/><G109/><T89/><D110/><U93/><E93/><V11/><F114/><W23/><G6/><T61/><D129/><U32/><E32/><V21/><F30/><W69/><G43/><T104/><D40/><U105/><E105/><V25/><F128/><W127/><G127/><N who="2" m="48713" /><F118/><W126/><G126/><T24/><D49/><U50/><E10/><V12/><F91/><W88/><G88/><T80/><D24/><U113/><E113/><V38/><F38/><W59/><G39/><T132/><D132/><U70/><E70/><V72/><F72/><W100/><G100/><T57/><REACH who="0" step="1"/><D61/><REACH who="0" step="2"/><U60/><E60/><V107/><F25/><W33/><G63/><T14/><AGARI ba="0,1" hai="5,8,14,56,57,76,77,78,80,86,89,98,102,104" machi="14" ten="30,6000,0" yaku="1,1,2,1,0,1,53,0" doraHai="34" doraHaiUra="20" who="0" fromWho="0" sc="240,70,250,-20,250,-20,250,-20" /><INIT seed="0,1,0,2,2,6" ten="310,230,230,230" oya="0" hai0="62,112,91,30,119,67,105,63,78,94,22,97,85" hai1="33,69,86,132,39,51,65,111,38,106,17,12,109" hai2="27,52,127,134,32,49,46,8,41,3,110,7,2" hai3="135,5,103,10,24,34,43,48,107,79,131,76,11" shuffle="mt19937ar,1E499E8D,EA28A4ED,A6F71F8B,BFD5A780,1C15B08A,DC5D98F9,A61040E2,86FF71F1"/><T121/><D121/><U102/><E33/><V90/><F134/><W114/><G114/><T80/><D112/><U98/><E132/><V55/><F127/><W53/><G135/><T100/><D119/><U25/><E25/><V44/><F110/><N who="1" m="41993" /><E51/><V126/><F126/><W29/><G131/><T56/><D63/><N who="1" m="40127" /><E86/><V93/><F3/><W84/><G43/><T72/><D22/><AGARI ba="1,0" hai="12,17,22,38,39,98,102,106" m="40127,41993" machi="22" ten="30,1000,0" yaku="14,1" doraHai="6" who="1" fromWho="0" sc="310,-13,230,13,230,0,230,0" /><INIT seed="1,0,0,4,2,15" ten="297,243,230,230" oya="1" hai0="40,119,88,106,75,89,55,59,112,124,45,103,18" hai1="108,135,31,52,81,126,19,63,78,27,107,26,50" hai2="1,57,80,113,82,28,95,93,58,48,21,69,47" hai3="115,76,34,66,12,43,127,117,30,94,2,46,85" shuffle="mt19937ar,485327A5,6DEF4648,6309A5E0,8CAF2311,05781477,B3D560B8,FF5F4898,67C58511"/><U74/><E107/><V118/><F69/><W114/><G2/><T56/><D75/><U65/><E135/><V90/><F1/><W13/><G127/><T100/><D112/><U91/><E126/><V84/><F113/><W25/><G117/><T109/><D119/><U35/><E108/><V87/><F118/><W20/><G66/><T123/><D124/><U121/><E121/><V102/><F28/><W131/><G131/><T8/><D109/><U105/><E105/><V110/><F110/><W23/><G34/><T98/><D123/><U36/><E36/><V14/><F102/><W71/><G71/><T72/><D72/><U130/><E130/><V42/><F58/><W73/><G73/><T3/><D103/><U24/><E91/><V37/><F37/><W53/><G53/><T29/><D29/><U61/><E65/><V17/><REACH who="2" step="1"/><F57/><REACH who="2" step="2"/><W49/><G114/><T134/><D59/><U11/><E31/><V122/><F122/><W92/><G115/><T7/><D134/><U86/><E35/><V10/><F10/><W44/><G44/><T5/><D3/><U22/><E11/><V101/><F101/><W38/><G38/><T111/><D111/><U132/><E132/><V128/><F128/><W120/><G120/><T39/><D56/><N who="1" m="32791" /><E74/><V129/><F129/><W60/><G60/><AGARI ba="0,1" hai="19,22,24,26,27,60,61,63,78,81,86" m="32791" machi="60" ten="30,5800,0" yaku="8,1,52,1,54,1" doraHai="15" who="1" fromWho="3" sc="297,0,243,68,220,0,230,-58" /><INIT seed="1,1,0,2,3,130" ten="297,311,220,172" oya="1" hai0="77,62,46,134,52,7,95,53,11,123,66,93,20" hai1="109,48,12,133,25,101,121,24,114,3,60,41,34" hai2="85,37,112,27,100,73,50,108,80,135,9,97,72" hai3="74,47,91,110,103,22,89,107,5,39,6,90,96" shuffle="mt19937ar,0FA5EB74,DA7EDEF2,769E69F3,FC5C4E12,554DBCCA,0002BF89,06040CE2,441D8C71"/><U88/><E3/><V21/><F37/><W44/><G74/><T43/><D77/><U32/><E121/><V65/><F65/><W15/><G110/><T79/><D79/><U83/><E114/><V58/><F112/><W59/><G59/><T19/><D123/><U92/><E109/><V55/><F108/><W128/><G128/><T18/><D95/><U127/><E127/><V69/><F69/><W51/><G39/><T105/><D105/><U111/><E111/><V13/><F135/><W10/><G22/><T36/><D134/><U45/><E133/><V126/><F126/><W56/><G56/><T131/><D93/><U117/><E117/><V132/><F132/><W124/><G124/><T115/><D115/><U14/><E34/><V57/><F57/><W1/><REACH who="3" step="1"/><G51/><REACH who="3" step="2"/><T17/><D131/><U2/><E32/><V102/><F73/><W86/><G86/><T38/><D20/><U82/><E60/><V104/><F72/><W40/><G40/><T35/><D38/><U29/><E48/><V113/><F113/><W78/><G78/><T98/><D35/><U26/><E41/><V54/><F50/><W63/><G63/><T33/><D33/><U31/><E31/><N who="2" m="17903" /><F58/><W116/><G116/><T70/><REACH who="0" step="1"/><D98/><REACH who="0" step="2"/><U28/><E28/><V4/><F97/><W0/><G0/><AGARI ba="1,2" hai="0,7,11,17,18,19,36,43,46,52,53,62,66,70" machi="0" ten="40,5200,0" yaku="1,1,2,1,54,1,53,0" doraHai="130" doraHaiUra="118" who="0" fromWho="3" sc="287,75,311,0,220,0,162,-55" /><INIT seed="2,0,0,1,5,133" ten="362,311,220,107" oya="2" hai0="7,127,3,95,91,131,118,66,115,126,33,83,109" hai1="5,116,31,97,4,51,76,104,88,86,1,50,11" hai2="20,63,99,9,105,113,65,87,108,53,17,24,72" hai3="41,94,93,81,117,64,77,46,56,21,67,30,110" shuffle="mt19937ar,A2A67F23,ED2EEBED,1AB68C2F,F58C8486,E4D7E140,C99BD360,30D849AC,B3C4543C"/><V71/><F72/><W32/><G32/><T39/><D33/><U16/><E116/><V15/><F113/><W90/><G117/><T102/><D118/><U10/><E31/><V58/><F108/><W61/><G110/><T128/><D109/><U134/><E134/><V57/><F87/><W82/><G67/><T12/><D3/><U37/><E37/><V52/><F105/><W45/><G94/><T78/><D39/><U112/><E112/><V60/><F99/><W49/><G46/><T40/><D40/><U74/><E74/><V80/><F80/><W96/><REACH who="3" step="1"/><G77/><REACH who="3" step="2"/><T100/><D66/><U14/><E76/><V8/><REACH who="2" step="1"/><F24/><AGARI ba="0,1" hai="21,24,30,41,45,49,56,61,64,81,82,90,93,96" machi="24" ten="40,8000,1" yaku="1,1,2,1,8,1,53,1" doraHai="133" doraHaiUra="92" who="3" fromWho="2" sc="362,0,311,0,220,-80,97,90" /><INIT seed="3,0,0,4,4,36" ten="362,311,140,187" oya="3" hai0="5,68,10,130,22,21,115,71,116,0,45,89,44" hai1="103,126,23,86,128,9,96,30,81,134,100,15,97" hai2="112,12,8,90,42,108,60,83,62,132,129,52,17" hai3="59,35,49,106,119,69,101,91,87,122,121,114,61" shuffle="mt19937ar,C3433153,BFAC3F06,DA7B52A1,2F9EA008,A6481F05,76B55A3C,1C2D699E,4FF3B19B"/><W107/><G119/><T70/><D116/><U4/><E128/><V117/><F129/><W64/><G114/><T25/><D130/><U58/><E126/><V73/><F117/><W1/><G1/><T80/><D115/><U50/><E134/><V6/><F112/><W102/><G102/><T47/><D25/><U67/><E103/><V11/><F132/><W63/><G49/><T3/><D3/><U7/><E7/><V48/><F108/><W26/><G106/><T65/><D65/><U43/><E67/><V34/><F34/><W27/><G27/><T40/><D40/><U131/><E131/><V19/><F73/><W135/><G135/><T74/><REACH who="0" step="1"/><D89/><REACH who="0" step="2"/><U79/><E100/><V28/><F28/><N who="3" m="19863" /><G91/><T2/><D2/><U123/><E123/><V41/><F62/><W120/><G120/><T24/><D24/><N who="1" m="16671" /><E58/><N who="2" m="33031" /><F60/><W110/><G110/><T125/><D125/><U82/><E82/><V94/><F83/><W57/><G57/><T33/><D33/><U78/><E78/><AGARI ba="0,1" hai="0,5,10,21,22,44,45,47,68,70,71,74,78,80" machi="78" ten="50,3200,0" yaku="1,1,53,1" doraHai="36" doraHaiUra="104" who="0" fromWho="1" sc="352,42,311,-32,140,0,187,0" owari="394,39,279,3,140,-26,187,-16" /></mjloggm>