<mjloggm ver="2.3"><GO type="225"/><UN n0="%23%37%34%E5%A4%A7%E6%B2%BB%E9%83%8E" n1="%73%69%64%65" n2="%E2%98%85%E3%83%A6%E3%83%94%E3%83%86%E3%83%AB%E2%98%85" n3="%E3%83%81%E3%83%A3%E3%82%AA%E3%83%AA" dan="16,17,16,17" rate="2067,2114,2050,2077" sx="M,M,M,M"/><TAIKYOKU oya="0"/><INIT seed="0,0,0,1,4,110" ten="250,250,250,250" oya="0" hai0="22,100,130,111,23,108,13,66,87,92,56,0,35" hai1="5,122,10,107,134,32,85,73,72,16,58,68,33" hai2="46,30,11,131,52,64,55,39,78,124,41,65,97" hai3="57,62,77,128,60,83,43,42,120,96,40,18,132" shuffle="mt19937ar,D80031F4,9D86D81E,B90185CE,0537B9B4,72F301BF,A92B8382,C6F0305C,09B1100D"/><T21/><D35/><U102/><E68/><V133/><F124/><W49/><G132/><T84/><D0/><U34/><E122/><V71/><F133/><W50/><G120/><T91/><D130/><U17/><E134/><V113/><F131/><W123/><G123/><T31/><D100/><U3/><E85/><V98/><F78/><W89/><G128/><T101/><D101/><U47/><E47/><V75/><F30/><W129/><G129/><T76/><D31/><U103/><E58/><V29/><F75/><W119/><G119/><T81/><REACH who="0" step="1"/><D13/><REACH who="0" step="2"/><U9/><E34/><V7/><F29/><W80/><G18/><T70/><D70/><U14/><E14/><V127/><F71/><W37/><G37/><T105/><D105/><U115/><E3/><V45/><F39/><W12/><G12/><T54/><D54/><U4/><REACH who="1" step="1"/><E107/><REACH who="1" step="2"/><V24/><F127/><W135/><G135/><T69/><D69/><U48/><E48/><V1/><F1/><W106/><G106/><T90/><D90/><U61/><E61/><AGARI ba="0,2" hai="21,22,23,56,61,66,76,81,84,87,91,92,108,111" machi="61" ten="40,7700,0" yaku="1,1,53,2" doraHai="110" doraHaiUra="121" who="0" fromWho="1" sc="240,97,240,-77,250,0,250,0" /><INIT seed="0,1,0,1,3,133" ten="337,163,250,250" oya="0" hai0="108,63,97,73,130,57,60,80,18,123,135,118,111" hai1="114,21,74,66,48,72,13,47,3,5,127,15,34" hai2="0,10,37,24,101,41,103,77,89,76,121,102,91" hai3="46,120,62,20,2,65,105,64,31,7,35,22,128" shuffle="mt19937ar,8534C660,86394D96,F79BBACD,60635D29,0741687A,50DA5641,5B82B34A,35ECF6C2"/><T29/><D123/><U132/><E34/><V71/><F71/><W14/><G105/><T56/><D118/><U43/><E132/><V58/><F121/><W122/><G128/><T94/><D135/><U6/><E3/><V90/><F24/><N who="3" m="18919" /><G46/><T33/><D130/><U45/><E66/><V83/><F37/><W70/><G20/><T131/><D131/><U11/><E114/><V52/><F41/><W104/><G65/><T125/><D125/><U134/><E134/><V95/><F95/><W23/><G23/><T78/><D18/><U84/><E84/><V113/><F113/><W16/><G104/><T9/><D9/><AGARI ba="1,0" hai="2,7,9,14,16,22,62,64,70,120,122" m="18919" machi="9" ten="30,2000,0" yaku="24,1,54,1" doraHai="133" who="3" fromWho="0" sc="337,-23,163,0,250,0,250,23" /><INIT seed="1,0,0,2,1,46" ten="314,163,250,273" oya="1" hai0="103,80,34,32,4,76,117,132,51,33,127,30,19" hai1="105,6,47,57,129,38,95,79,15,120,2,84,100" hai2="63,78,115,77,40,8,109,17,56,114,22,44,124" hai3="75,24,31,66,48,101,97,73,25,9,16,70,118" shuffle="mt19937ar,AF2D3D6B,3486195A,6DBE0334,53F4917C,1CAE8C3E,2EE28A05,25A149F3,8D380ECB"/><U54/><E120/><V108/><F8/><W52/><G118/><T86/><D117/><U133/><E2/><V35/><F35/><W116/><G116/><T82/><D132/><U28/><E105/><V92/><F92/><W96/><G70/><T71/><D71/><U61/><E133/><V99/><F99/><W135/><G66/><T67/><D67/><U88/><E129/><V59/><F124/><W89/><G135/><T122/><D127/><U23/><E100/><V102/><F102/><W13/><G89/><T69/><D69/><U91/><E79/><V121/><F121/><W39/><G39/><T110/><D122/><U131/><E131/><V134/><F134/><W123/><G123/><T111/><D103/><U58/><E38/><V72/><F72/><W27/><G31/><T74/><D4/><U65/><E47/><V37/><F77/><W36/><G36/><T21/><D30/><U126/><E126/><V112/><F78/><W104/><REACH who="3" step="1"/><G97/><REACH who="3" step="2"/><T87/><D111/><N who="2" m="42570" /><F63/><W125/><G125/><T119/><D110/><U94/><E28/><V130/><F130/><W98/><G98/><T45/><D119/><U113/><E113/><V93/><F93/><W3/><G3/><T62/><D62/><N who="1" m="38103" /><E91/><V18/><F18/><W49/><G49/><T83/><D51/><U64/><E64/><V12/><AGARI ba="0,1" hai="12,17,22,37,40,44,56,59,112,114,115" m="42570" machi="12" ten="40,2700,0" yaku="11,1,14,1" doraHai="46" who="2" fromWho="2" sc="314,-7,163,-13,250,37,263,-7" /><INIT seed="2,0,0,1,5,15" ten="307,150,287,256" oya="2" hai0="52,36,82,122,16,46,26,45,3,66,17,135,96" hai1="28,128,77,12,50,8,55,4,132,130,68,99,94" hai2="18,95,123,107,119,117,64,39,93,62,124,80,74" hai3="5,47,48,53,24,37,129,105,60,61,100,56,67" shuffle="mt19937ar,E4143979,1546369E,F40FD9F9,D31701C9,1000278E,2B2B2D7E,93835280,5A715B87"/><V110/><F107/><W6/><G129/><T35/><D122/><U38/><E68/><V22/><F123/><W112/><G112/><T70/><D3/><U1/><E38/><V133/><F39/><W40/><G61/><T91/><D135/><U84/><E132/><V43/><F133/><W87/><G87/><T90/><D70/><U120/><E120/><V106/><F106/><W102/><G24/><T83/><D66/><U73/><E73/><V109/><F43/><W42/><G40/><T13/><D35/><U59/><E28/><V131/><F124/><W14/><G105/><T125/><D125/><U63/><E63/><V75/><F131/><W115/><G115/><T58/><D36/><U113/><E113/><V49/><F49/><W31/><G31/><T108/><D108/><N who="2" m="41578" /><F80/><N who="0" m="30762" /><D26/><U19/><E77/><V54/><F54/><W89/><G89/><N who="0" m="33803" /><D96/><U101/><REACH who="1" step="1"/><E84/><REACH who="1" step="2"/><V23/><F74/><W2/><G37/><T79/><D79/><U98/><E98/><V114/><F75/><W30/><G30/><T9/><D17/><U127/><E127/><V78/><F78/><W10/><G5/><T25/><D25/><U0/><E0/><V116/><F18/><W97/><G2/><T34/><D34/><U88/><E88/><V76/><F76/><W11/><G97/><T111/><D111/><U7/><E7/><V134/><F134/><W121/><G121/><T92/><D92/><N who="2" m="35402" /><F114/><W118/><G6/><T27/><D27/><U65/><E65/><V20/><F64/><W85/><G67/><T86/><D86/><U44/><E44/><V33/><F62/><AGARI ba="0,1" hai="9,13,16,45,46,52,58,62" m="33803,30762" machi="62" ten="30,8000,1" yaku="6,1,8,1,52,1,54,2" doraHai="15" who="0" fromWho="2" sc="307,90,140,0,287,-80,256,0" /><INIT seed="3,0,0,0,3,4" ten="397,140,207,256" oya="3" hai0="61,47,92,80,130,128,9,91,71,108,21,65,10" hai1="16,107,120,45,67,29,7,134,42,17,69,66,50" hai2="52,48,93,37,25,40,94,68,12,118,103,23,14" hai3="88,62,99,114,30,54,112,125,81,129,86,70,27" shuffle="mt19937ar,DDF58027,EFCFBE08,7E5CCAF0,9802DD15,F445464B,EB221246,AA1288C2,F678BAD1"/><W119/><G119/><T13/><D108/><U49/><E120/><V77/><F118/><W127/><G129/><N who="0" m="49771" /><D80/><U126/><E107/><V102/><F68/><W106/><G106/><T41/><D21/><U73/><E73/><V36/><F77/><W24/><G99/><N who="0" m="57759" /><D13/><N who="2" m="5226" /><F37/><AGARI ba="0,0" hai="9,10,37,41,47,61,65,71" m="57759,49771" machi="37" ten="30,3900,0" yaku="19,1,52,2" doraHai="4" who="0" fromWho="2" sc="397,39,140,0,207,-39,256,0" owari="436,43,140,-26,168,-18,256,1" /></mjloggm>