<mjloggm ver="2.3"><GO type="225"/><UN n0="%E9%9B%81%E7%BA%8F" n1="%4E%6F%2E%32" n2="%E3%82%B9%E3%83%91%E3%83%BC%E3%82%AF%E3%82%B9" n3="%E3%83%95%E3%83%9E%E3%82%AD%E3%83%A9%E3%83%BC" dan="16,16,16,16" rate="2057,2081,2061,2036" sx="M,M,F,M"/><TAIKYOKU oya="0"/><INIT seed="0,0,0,3,4,112" ten="250,250,250,250" oya="0" hai0="79,48,4,106,80,123,127,42,17,32,97,25,125" hai1="78,49,84,37,63,129,60,132,14,126,21,22,41" hai2="83,91,5,52,1,29,99,103,87,62,130,105,121" hai3="28,88,38,67,46,51,94,11,3,59,73,66,118" shuffle="mt19937ar,94D352D9,6FDF5DBD,291DE040,7CE63AAB,7D5E5147,4CD2BF69,9964D739,0D7CBC77"/><T77/><D123/><U111/><E37/><V92/><F121/><W101/><G73/><T39/><D4/><U33/><E111/><V74/><F130/><W6/><G28/><N who="0" m="19471" /><D39/><U107/><E33/><V44/><F5/><W116/><G101/><N who="0" m="62767" /><D17/><N who="1" m="10423" /><E107/><V2/><F29/><W70/><G38/><T124/><D80/><N who="1" m="47127" /><E129/><V8/><F8/><W53/><G70/><T96/><D96/><U16/><E132/><V0/><F74/><W114/><G114/><T133/><D133/><U102/><E126/><V7/><F7/><W117/><REACH who="3" step="1"/><G59/><REACH who="3" step="2"/><T128/><D128/><U54/><E41/><V76/><F44/><AGARI ba="0,1" hai="42,44,48,77,79,124,125,127" m="62767,19471" machi="44" ten="30,1500,0" yaku="18,1" doraHai="112" who="0" fromWho="2" sc="250,25,250,0,250,-15,240,0" /><INIT seed="0,1,0,5,4,23" ten="275,250,235,240" oya="0" hai0="102,95,129,130,28,125,116,64,76,55,19,16,117" hai1="56,72,0,25,124,63,115,35,107,73,122,65,91" hai2="1,75,9,48,98,92,67,8,134,47,62,123,17" hai3="90,74,103,89,59,61,88,84,86,82,46,96,15" shuffle="mt19937ar,99041978,6F1D6EDE,0622AC86,A862C088,1CE214EC,0412F491,95AE117E,31764FBC"/><T24/><D64/><U131/><E122/><V34/><F123/><W11/><G46/><T113/><D76/><U41/><E0/><V32/><F75/><W94/><G74/><T57/><D113/><U37/><E124/><V83/><F134/><W105/><G105/><T110/><D125/><U18/><E131/><N who="0" m="50185" /><D110/><U132/><E132/><V31/><F83/><W44/><G86/><T40/><D40/><U7/><E115/><V21/><F31/><W121/><G44/><T10/><D102/><U14/><E7/><V4/><F9/><W13/><G121/><T50/><D95/><U5/><E107/><V114/><F114/><W36/><G36/><T100/><D100/><U106/><E106/><V85/><F85/><W20/><G20/><N who="0" m="15367" /><D10/><U54/><E41/><V38/><F38/><W135/><G135/><T58/><D57/><U126/><E37/><V53/><F98/><W87/><G87/><T3/><D3/><U22/><E126/><V26/><REACH who="2" step="1"/><F92/><REACH who="2" step="2"/><W80/><G80/><T71/><D71/><AGARI ba="1,1" hai="1,4,8,17,21,26,32,34,47,48,53,62,67,71" machi="71" ten="30,8000,1" yaku="1,1,2,1,7,1,52,1,53,1" doraHai="23" doraHaiUra="33" who="2" fromWho="0" sc="275,-83,250,0,225,93,240,0" /><INIT seed="1,0,0,5,2,23" ten="192,250,318,240" oya="1" hai0="78,107,126,113,76,3,21,32,102,88,20,114,82" hai1="116,24,97,35,94,134,129,112,123,74,19,105,55" hai2="95,66,124,92,1,81,10,56,70,109,30,89,99" hai3="84,115,46,91,34,128,72,12,62,14,119,38,15" shuffle="mt19937ar,45A6A01C,302BB87A,A358337A,59B96FFA,B41B79DA,10A8CB9A,F2FA82FC,4F50C18B"/><U103/><E123/><V75/><F70/><W59/><G72/><T4/><D32/><U64/><E116/><V57/><F124/><W48/><G38/><T98/><D126/><U39/><E112/><V8/><F1/><W135/><G115/><T53/><D21/><U101/><E74/><V117/><F117/><W111/><G119/><T60/><D78/><U122/><E39/><V7/><F7/><W18/><G34/><T83/><D83/><U90/><E122/><V40/><F40/><W132/><G128/><T79/><D79/><U87/><E129/><V85/><F109/><W27/><G111/><T68/><D53/><U6/><E6/><V67/><F30/><W96/><G96/><T121/><D121/><U80/><E134/><V54/><F75/><W0/><G0/><T130/><D130/><U2/><E2/><V63/><F92/><W125/><G125/><T36/><D36/><U50/><E64/><N who="2" m="24619" /><F56/><W131/><G131/><T25/><D4/><U17/><E105/><V45/><F45/><W43/><G135/><T42/><D3/><U31/><E103/><AGARI ba="0,0" hai="8,10,54,57,63,81,85,89,95,99,103" m="24619" machi="103" ten="30,1000,0" yaku="8,1" doraHai="23" who="2" fromWho="1" sc="192,0,250,-10,318,10,240,0" /><INIT seed="2,0,0,0,2,32" ten="192,240,328,240" oya="2" hai0="113,115,10,97,89,46,109,26,86,77,31,69,2" hai1="81,33,34,98,15,63,82,45,132,73,53,22,75" hai2="62,91,55,39,101,125,130,126,94,117,108,68,12" hai3="50,106,67,48,78,111,37,66,119,112,123,6,60" shuffle="mt19937ar,B07FAE72,8CCADC33,839DD3B3,7294BA11,DBD3E244,A3321FF1,22D8FC1D,47727172"/><V105/><F39/><W85/><G106/><T72/><D69/><U36/><E98/><V102/><F117/><W14/><G37/><T8/><D97/><U121/><E121/><V17/><F130/><W16/><G119/><T100/><D100/><U95/><E132/><V41/><F41/><W116/><G116/><T99/><D99/><U13/><E95/><V23/><F105/><W84/><G123/><T134/><D134/><U11/><E63/><V5/><F5/><W128/><G128/><T43/><D109/><U20/><E53/><V103/><F108/><W42/><G6/><N who="0" m="1111" /><D10/><U1/><E36/><V114/><F114/><W28/><G28/><T47/><D47/><U38/><E11/><V76/><F76/><W25/><G25/><T18/><D18/><U4/><E38/><V21/><F68/><W61/><G61/><T59/><D59/><U71/><E45/><V88/><F91/><W104/><G60/><T19/><D19/><U107/><E4/><V93/><F93/><W0/><G104/><T87/><D77/><U51/><E107/><V7/><F7/><W24/><G78/><T118/><D72/><U40/><E51/><V129/><F23/><W44/><G44/><T9/><D9/><U70/><REACH who="1" step="1"/><E40/><REACH who="1" step="2"/><V79/><F94/><W30/><G111/><T124/><D118/><U135/><E135/><V83/><F62/><W90/><G50/><T65/><D46/><U131/><E131/><V29/><F129/><W49/><G49/><T74/><D43/><U96/><E96/><V64/><F55/><W3/><G48/><T56/><D56/><RYUUKYOKU ba="0,1" sc="192,-10,230,30,328,-10,240,-10" hai1="1,13,15,20,22,33,34,70,71,73,75,81,82" /><INIT seed="3,1,1,5,2,120" ten="182,260,318,230" oya="3" hai0="6,114,5,85,21,38,89,63,78,64,75,133,84" hai1="96,29,95,9,49,8,105,10,41,72,113,20,25" hai2="134,88,52,2,11,94,15,106,53,24,91,109,68" hai3="119,124,83,4,32,76,28,118,34,73,79,98,71" shuffle="mt19937ar,69726A5B,1103BD65,22B8B126,24976637,25C4218C,7E32BD55,719D8F9F,81215956"/><W116/><G124/><T81/><D38/><U70/><E72/><V7/><F106/><W18/><G76/><T1/><D133/><U130/><E70/><V92/><F68/><W132/><G132/><T19/><D114/><U46/><E113/><V122/><F134/><W17/><G71/><T99/><D1/><U43/><E105/><V135/><F135/><W86/><G4/><T115/><D115/><U87/><E130/><V13/><F122/><W40/><G40/><T61/><D75/><U112/><E112/><V117/><F117/><W69/><G69/><T121/><D121/><U36/><E87/><V90/><F24/><W39/><G39/><T30/><D30/><U26/><E26/><V74/><F74/><W50/><G73/><T59/><D63/><U37/><REACH who="1" step="1"/><E43/><REACH who="1" step="2"/><V0/><F0/><W55/><G116/><T48/><D99/><U44/><E44/><V27/><F27/><W108/><G98/><T57/><D85/><U67/><E67/><V14/><F2/><W35/><G118/><T93/><D78/><U42/><E42/><V126/><F126/><W125/><G119/><T110/><D110/><U33/><E33/><V97/><F97/><W31/><G108/><T23/><D81/><U66/><E66/><V45/><F109/><W107/><G125/><T54/><REACH who="0" step="1"/><D23/><REACH who="0" step="2"/><U58/><E58/><V12/><F11/><W104/><G86/><T82/><D82/><U65/><E65/><V56/><F7/><W100/><G83/><T60/><D60/><U62/><E62/><V77/><F77/><W80/><G79/><T102/><D102/><AGARI ba="1,3" hai="8,9,10,20,25,29,36,37,41,46,49,95,96,102" machi="102" ten="40,2600,0" yaku="1,1,6,1,53,0" doraHai="120" doraHaiUra="131" who="1" fromWho="0" sc="172,-29,250,59,318,0,230,0" owari="143,-26,309,6,318,32,230,-12" /></mjloggm>