<mjloggm ver="2.3"><GO type="225"/><UN n0="%74%63%61%30%30" n1="%E5%88%BB%E5%AD%90%E5%B8%82%E6%B0%91" n2="%E3%83%9C%E3%83%84" n3="%E9%9B%AA%E5%9B%BD%E8%82%B2%E3%81%A1" dan="16,17,16,17" rate="2041,2122,2047,2192" sx="M,M,M,M"/><TAIKYOKU oya="0"/><INIT seed="0,0,0,4,4,113" ten="250,250,250,250" oya="0" hai0="25,64,20,19,84,39,96,44,116,8,126,79,23" hai1="10,6,80,2,4,108,40,51,41,85,114,37,29" hai2="107,72,43,56,13,98,132,121,47,21,122,50,104" hai3="86,83,68,81,109,32,102,60,120,69,112,73,34" shuffle="mt19937ar,F5941182,E84A8D77,7D25A6B4,B766C739,0BC507E1,7CD19B53,CADF7C05,1F58C9D6"/><T48/><D39/><U134/><E114/><V9/><F72/><W30/><G112/><T75/><D75/><U35/><E35/><V94/><F132/><W22/><G102/><T117/><D126/><U49/><E29/><V87/><F21/><W1/><G1/><T129/><D129/><U93/><E134/><V3/><F3/><W28/><G73/><T71/><D8/><U18/><E108/><V14/><F14/><W78/><G109/><T127/><D127/><U128/><E93/><V17/><F87/><W65/><G120/><T62/><D96/><U91/><E128/><V110/><F110/><W67/><G22/><T77/><D23/><U16/><E37/><V42/><F42/><N who="1" m="16489" /><E2/><V130/><F130/><W7/><G7/><N who="1" m="2602" /><E10/><V31/><F31/><W135/><G135/><T123/><D123/><U46/><E46/><V59/><F107/><W106/><G106/><T119/><REACH who="0" step="1"/><D84/><REACH who="0" step="2"/><U90/><E90/><V105/><F121/><W61/><G86/><T99/><D99/><U24/><E24/><V52/><F122/><W70/><G34/><T76/><D76/><U111/><E111/><V88/><REACH who="2" step="1"/><F59/><REACH who="2" step="2"/><W103/><G32/><T38/><D38/><AGARI ba="0,2" hai="9,13,17,38,43,47,50,52,56,88,94,98,104,105" machi="38" ten="30,12000,2" yaku="1,1,2,1,7,1,54,2,53,1" doraHai="113" doraHaiUra="11" who="2" fromWho="0" sc="240,-120,250,0,240,140,250,0" /><INIT seed="1,0,0,3,3,46" ten="120,250,380,250" oya="1" hai0="47,130,52,81,125,133,38,10,88,86,26,9,100" hai1="111,101,53,21,29,114,32,104,61,108,117,33,96" hai2="66,63,91,122,98,70,94,16,3,67,68,79,115" hai3="85,107,49,116,4,120,126,95,31,45,40,80,112" shuffle="mt19937ar,1ED57781,E912E59C,649E198F,8A7BCEB8,8E02DFE3,6D379E33,CBE5DA42,8671F5EE"/><U65/><E117/><V78/><F122/><W17/><G107/><T109/><D125/><U56/><E114/><V102/><F115/><W135/><G112/><T14/><D38/><U59/><E21/><V41/><F3/><W24/><G120/><T92/><D133/><U11/><E11/><V20/><F41/><W5/><G126/><T44/><D130/><U75/><E75/><V82/><F67/><W62/><G135/><T69/><D69/><U127/><E127/><V132/><F132/><W90/><G116/><T74/><D109/><N who="1" m="42059" /><E29/><V124/><F124/><W51/><G62/><AGARI ba="0,0" hai="32,33,53,56,59,61,62,65,96,101,104" m="42059" machi="62" ten="30,2900,0" yaku="14,1,10,1" doraHai="46" who="1" fromWho="3" sc="120,0,250,29,380,0,250,-29" /><INIT seed="1,1,0,5,1,60" ten="120,279,380,221" oya="1" hai0="125,19,59,77,69,116,103,75,127,132,92,97,40" hai1="126,31,50,58,24,38,119,68,5,98,56,51,53" hai2="101,37,122,129,130,113,3,29,41,57,28,25,118" hai3="13,18,0,17,36,94,84,88,86,30,27,82,12" shuffle="mt19937ar,B488882B,F91F79BC,BB68D5D9,38E8A9C8,C1D40020,50057430,359817DA,A8D47FDE"/><U66/><E119/><V107/><F118/><W128/><G36/><T52/><D116/><U124/><E38/><V99/><F3/><W133/><G0/><T123/><D123/><U71/><E5/><V26/><F122/><W110/><G128/><N who="2" m="49257" /><F113/><W104/><G104/><T114/><D114/><U134/><E98/><V87/><F87/><W42/><G42/><T49/><D132/><U91/><E91/><V2/><F2/><W47/><G47/><T34/><D34/><U78/><E78/><V72/><F72/><W73/><G73/><T81/><D40/><U45/><E134/><V15/><F15/><N who="3" m="5707" /><G110/><T83/><D19/><N who="3" m="7177" /><G133/><T43/><D43/><N who="1" m="24895" /><E24/><N who="2" m="9323" /><F57/><W46/><G46/><AGARI ba="1,0" hai="28,29,37,41,46,99,101,107" m="9323,49257" machi="46" ten="30,1000,0" yaku="19,1" doraHai="60" who="2" fromWho="3" sc="120,0,279,0,380,13,221,-13" /><INIT seed="2,0,0,3,1,120" ten="120,279,393,208" oya="2" hai0="31,119,25,123,63,59,52,27,107,72,85,65,116" hai1="103,108,20,5,113,117,54,126,71,61,36,128,11" hai2="13,26,32,45,130,43,106,57,131,129,104,80,133" hai3="79,93,6,17,122,76,10,94,33,132,67,19,34" shuffle="mt19937ar,9BB223B9,3D89B6F8,C8918374,4A6F983B,40DE63ED,72A48357,387D97A6,45A82290"/><V75/><F133/><W68/><G132/><T82/><D107/><U97/><E36/><N who="2" m="21735" /><F57/><W22/><G122/><T1/><D1/><U125/><E113/><V56/><F56/><W3/><G67/><T91/><D123/><U58/><E71/><V49/><F49/><W118/><G68/><T95/><D31/><U98/><E117/><V16/><F75/><W115/><G118/><T9/><D9/><U7/><E7/><V92/><F80/><W51/><G51/><T70/><D119/><U134/><E134/><V101/><F92/><W0/><G22/><T39/><D39/><U41/><E41/><V64/><F101/><W89/><G6/><T112/><D112/><U73/><E73/><V84/><F84/><W35/><G10/><T18/><D116/><U12/><E20/><N who="2" m="11279" /><F64/><W8/><G8/><T37/><D37/><U14/><E14/><V4/><F4/><W135/><G135/><T114/><D114/><U83/><E83/><V28/><AGARI ba="0,0" hai="26,28,32,104,106,129,130,131" m="11279,21735" machi="28" ten="40,3900,0" yaku="19,1,54,1" doraHai="120" who="2" fromWho="2" sc="120,-13,279,-13,393,39,208,-13" /><INIT seed="2,1,0,4,5,80" ten="107,266,432,195" oya="2" hai0="65,40,16,126,66,117,113,63,38,104,72,123,127" hai1="51,36,30,5,76,122,59,27,67,107,24,44,109" hai2="99,69,6,129,25,14,116,128,22,110,9,43,134" hai3="52,56,132,75,112,77,119,84,73,8,3,50,95" shuffle="mt19937ar,C7ABD633,2DE42C23,823FE1DA,34A37BE7,DA2AF8AD,C2774F0F,A593DE68,8C8CA4EF"/><V61/><F116/><W102/><G132/><T106/><D72/><U33/><E107/><V103/><F43/><W54/><G119/><T35/><D35/><U120/><E36/><V26/><F134/><W45/><G112/><T32/><D32/><U41/><E109/><V131/><F110/><W47/><G47/><T10/><D117/><U81/><E24/><V48/><F48/><W0/><G102/><T12/><D113/><U70/><E70/><V7/><F7/><W97/><G97/><T115/><D123/><U46/><E46/><V62/><F69/><W82/><G95/><T101/><D115/><U4/><E59/><V92/><REACH who="2" step="1"/><F26/><REACH who="2" step="2"/><W37/><G37/><T89/><D40/><U133/><E133/><V100/><F100/><W74/><REACH who="3" step="1"/><G8/><REACH who="3" step="2"/><T57/><D101/><U114/><E114/><V29/><AGARI ba="1,2" hai="6,9,14,22,25,29,61,62,92,99,103,128,129,131" machi="29" ten="30,6000,0" yaku="1,1,0,1,19,1,53,0" doraHai="80" doraHaiUra="105" who="2" fromWho="2" sc="107,-21,266,-21,422,83,185,-21" /><INIT seed="2,2,0,1,0,113" ten="86,245,505,164" oya="2" hai0="111,33,42,120,86,118,28,65,114,131,10,14,132" hai1="68,94,61,45,73,83,15,98,79,74,17,104,38" hai2="126,129,93,63,53,47,123,70,122,20,88,43,19" hai3="12,108,64,22,102,18,85,40,67,50,3,75,41" shuffle="mt19937ar,BA32F08D,5FAA6FE2,4376F346,59B67963,A7E9AA22,36127707,6AF45051,A92C2D22"/><V24/><F126/><W76/><G75/><T69/><D42/><U95/><E74/><V124/><F124/><W119/><G3/><T96/><D65/><N who="3" m="25161" /><G119/><T49/><D49/><U55/><E68/><V81/><F81/><N who="3" m="47271" /><G108/><T21/><D96/><U23/><E104/><V5/><F5/><W39/><G39/><T78/><D86/><U29/><E38/><V0/><F0/><W37/><G37/><T44/><D44/><U105/><E105/><V77/><F77/><W57/><G102/><T54/><D54/><AGARI ba="2,0" hai="12,18,22,40,41,50,54,57" m="47271,25161" machi="54" ten="30,1000,0" yaku="8,1" doraHai="113" who="3" fromWho="0" sc="86,-16,245,0,505,0,164,16" /><INIT seed="3,0,0,2,1,104" ten="70,245,505,180" oya="3" hai0="112,11,52,61,84,65,110,2,72,77,64,73,116" hai1="96,20,91,54,16,113,115,79,36,83,67,120,35" hai2="132,111,17,135,25,71,62,45,75,0,74,21,58" hai3="41,129,76,48,47,88,12,90,18,101,118,26,43" shuffle="mt19937ar,3059E934,6E8A9D16,BB7EAB9E,720CD7FF,DFC128FB,12A4BDB1,EFD0FA9D,5076E001"/><W117/><G129/><T29/><D116/><U30/><E67/><V28/><F0/><W53/><G101/><T119/><D119/><U56/><E36/><V33/><F71/><W57/><G117/><T105/><D105/><U39/><E39/><V40/><F111/><W108/><G118/><T23/><D110/><U60/><E120/><V13/><F45/><W9/><G108/><T46/><D112/><U127/><E30/><V94/><F40/><W7/><G76/><T49/><D64/><U10/><E10/><V68/><F94/><W42/><G57/><T22/><D22/><AGARI ba="0,0" hai="7,9,12,18,22,26,41,42,43,47,48,53,88,90" machi="22" ten="40,3900,0" yaku="8,1,54,1" doraHai="104" who="3" fromWho="0" sc="70,-39,245,0,505,0,180,39" /><INIT seed="3,1,0,3,0,77" ten="31,245,505,219" oya="3" hai0="100,18,86,82,118,120,29,79,98,43,113,73,64" hai1="88,60,80,36,44,61,4,106,72,56,70,58,63" hai2="39,47,51,34,91,65,71,101,132,110,3,104,76" hai3="12,102,103,111,11,24,68,131,55,16,5,26,28" shuffle="mt19937ar,33E5D124,5DC52606,A57875D7,57552726,A863BDFD,D4169684,42AB220C,8FA6A1B5"/><W41/><G68/><T17/><D64/><U19/><E70/><V112/><F112/><W99/><G131/><T52/><D43/><U50/><E106/><V66/><F34/><W22/><G111/><T48/><D29/><U134/><E36/><V67/><F3/><W35/><G41/><T130/><D130/><U10/><E134/><V94/><F76/><W32/><G55/><T93/><D120/><U53/><E4/><V123/><F132/><W1/><G99/><T89/><D118/><U14/><E72/><V7/><F7/><W117/><G117/><T96/><D113/><U97/><E80/><V114/><F114/><W54/><G54/><T135/><D135/><U119/><E119/><V74/><F74/><W38/><G38/><T69/><D69/><U133/><E133/><V87/><F39/><W9/><REACH who="3" step="1"/><G35/><REACH who="3" step="2"/><T31/><D96/><U23/><E58/><V33/><F33/><W45/><G45/><T8/><D8/><U128/><E128/><V57/><F110/><W108/><G108/><T42/><D42/><N who="1" m="24855" /><E10/><V116/><F57/><W27/><G27/><T109/><D109/><U125/><E53/><V126/><F71/><W124/><G124/><T37/><D37/><U83/><E125/><V95/><F126/><W115/><G115/><T0/><D0/><U40/><E40/><V81/><F47/><W107/><G107/><N who="0" m="63895" /><D31/><AGARI ba="1,1" hai="1,5,9,11,12,16,22,24,26,28,31,32,102,103" machi="31" ten="30,5800,0" yaku="1,1,7,1,54,1,53,0" doraHai="77" doraHaiUra="62" who="3" fromWho="0" sc="31,-61,245,0,505,0,209,71" owari="-30,-43,245,-10,505,50,280,3" /></mjloggm>