<mjloggm ver="2.3"><GO type="225"/><UN n0="%E7%AE%A1%E5%AF%9D" n1="%E6%9C%80%E9%80%9F%E3%82%AF%E3%83%B3%E2%99%AA" n2="%74%EF%BC%9C%6E" n3="%45%56%41%4E%53%49%55" dan="16,16,16,16" rate="2047,2078,2081,2065" sx="M,M,F,M"/><TAIKYOKU oya="0"/><INIT seed="0,0,0,2,3,25" ten="250,250,250,250" oya="0" hai0="4,112,72,85,66,132,15,65,6,81,124,40,70" hai1="91,113,125,73,98,87,36,21,89,5,119,122,50" hai2="133,118,76,109,58,116,24,28,62,16,63,9,103" hai3="48,101,95,34,29,96,83,18,115,88,69,61,79" shuffle="mt19937ar,66D93723,76532BD3,B78CC796,5B24D29C,B5FC97B2,F869506A,61093B63,10F912AF"/><T127/><D112/><U104/><E119/><N who="2" m="45611" /><F109/><W126/><G115/><T0/><D132/><U102/><E36/><V10/><F76/><W13/><G126/><T35/><D0/><U59/><E122/><V42/><F133/><W114/><G114/><T75/><D40/><U74/><E113/><V27/><F42/><W38/><G38/><T26/><D35/><U1/><E125/><N who="0" m="48201" /><D26/><U45/><E1/><V77/><F77/><W22/><G48/><T108/><D108/><U100/><E5/><N who="0" m="2153" /><D15/><U17/><E17/><V68/><F103/><W44/><G44/><T54/><D54/><U56/><E100/><V37/><F37/><W51/><G51/><T117/><D117/><U92/><E50/><V49/><F49/><W60/><G69/><T130/><D130/><U52/><E102/><V3/><F68/><W131/><G131/><T106/><D106/><U134/><E104/><V97/><F3/><W11/><G34/><T78/><D70/><U93/><E45/><V86/><F24/><N who="3" m="16535" /><G101/><T31/><D31/><U57/><E134/><V135/><F135/><W121/><G121/><T8/><D8/><U7/><E21/><V41/><F41/><W47/><G47/><T71/><D71/><U23/><E23/><V53/><F9/><W111/><G111/><T30/><D30/><U12/><E7/><V99/><F63/><W120/><G120/><T123/><D123/><U110/><E110/><V80/><F28/><W14/><G14/><T107/><D107/><U2/><E12/><N who="2" m="7191" /><F27/><W32/><G32/><T84/><D72/><N who="1" m="27755" /><E2/><V64/><F53/><W55/><G55/><RYUUKYOKU ba="0,0" sc="250,0,250,0,250,0,250,0" hai0="65,66,75,78,81,84,85" hai1="52,56,57,59,87,89,91,92,93,98" hai2="58,62,64,80,86,97,99" hai3="11,13,18,60,61,79,83,88,95,96" /><INIT seed="0,1,0,0,4,85" ten="250,250,250,250" oya="0" hai0="9,91,94,24,47,7,73,32,129,16,104,135,21" hai1="33,98,82,39,72,22,106,13,1,68,108,65,116" hai2="56,50,20,45,8,25,60,34,40,120,130,84,37" hai3="11,41,44,38,27,88,19,30,4,70,114,121,87" shuffle="mt19937ar,7239762F,3DD9F76E,883CFBE4,F4BC7EC9,05536E3A,41F06633,3095AF05,659846CC"/><T77/><D104/><U58/><E58/><V35/><F120/><W100/><G114/><T28/><D135/><U107/><E22/><V102/><F130/><W17/><G121/><T18/><D129/><U90/><E13/><V111/><F111/><W0/><G100/><T112/><D112/><U26/><E90/><V128/><F128/><W51/><G70/><T29/><D29/><N who="1" m="19639" /><E108/><V101/><F37/><W55/><G38/><T6/><D47/><U83/><E83/><V118/><F118/><W125/><G41/><T96/><D77/><N who="1" m="44327" /><E116/><V15/><F35/><W66/><G66/><T126/><D73/><U57/><E57/><V89/><F34/><W49/><G125/><T127/><D9/><U43/><E98/><V5/><F20/><W14/><G49/><T23/><D23/><U134/><E1/><V12/><F12/><W119/><G0/><T105/><D18/><N who="3" m="6665" /><G119/><T54/><D54/><U115/><E134/><V122/><F25/><W117/><G117/><T131/><D131/><U86/><E115/><V71/><F71/><W61/><G27/><N who="0" m="14759" /><D105/><U36/><E36/><V133/><F122/><W59/><G30/><T79/><D79/><U97/><E107/><V63/><F133/><W92/><G44/><T64/><D64/><U113/><E65/><N who="2" m="39047" /><F63/><W74/><G61/><T69/><D69/><U81/><E68/><V10/><F10/><W132/><G132/><T48/><D48/><U42/><E113/><V76/><F76/><W2/><G2/><T123/><D123/><U95/><E39/><V124/><F124/><AGARI ba="1,0" hai="6,7,24,28,32,91,94,96,124,126,127" m="14759" machi="124" ten="30,5800,0" yaku="18,1,52,1,54,1" doraHai="85" who="0" fromWho="2" sc="250,61,250,0,250,-61,250,0" /><INIT seed="0,2,0,5,1,57" ten="311,250,189,250" oya="0" hai0="62,13,91,8,88,52,1,49,31,95,131,41,126" hai1="12,127,64,44,46,92,61,100,48,83,5,81,89" hai2="16,119,111,26,27,103,10,84,23,128,110,39,32" hai3="36,35,80,125,130,123,55,113,34,133,118,69,101" shuffle="mt19937ar,C6A4FFCA,84F6A0DF,0CC76C08,0FFC37DC,2EFC0A6B,490C3B97,68A765C9,27C4FA67"/><T108/><D1/><U58/><E100/><V38/><F103/><W129/><RYUUKYOKU type="yao9" ba="2,0" sc="311,0,250,0,189,0,250,0" hai3="34,35,36,55,69,80,101,113,118,123,125,129,130,133" /><INIT seed="0,3,0,5,1,79" ten="311,250,189,250" oya="0" hai0="35,87,129,69,9,49,63,118,67,60,28,15,54" hai1="108,94,101,38,23,115,73,52,1,86,39,48,55" hai2="29,134,57,50,32,14,128,74,16,133,127,116,114" hai3="126,92,84,113,53,61,120,66,11,7,65,83,122" shuffle="mt19937ar,3E26D03E,67731C02,CCFFB0C1,1946F8DD,C96FEB0F,1DC693E4,C37AC094,ADDD8876"/><T82/><D118/><U89/><E1/><V72/><F114/><W13/><G113/><T26/><D129/><U64/><E115/><V109/><F128/><W24/><G126/><T59/><D60/><U123/><E123/><N who="3" m="47146" /><G92/><T131/><D131/><U19/><E73/><V17/><F127/><W43/><G43/><T71/><D71/><U41/><E108/><V110/><F116/><W111/><G111/><N who="2" m="42505" /><F29/><W130/><G130/><T85/><REACH who="0" step="1"/><D82/><REACH who="0" step="2"/><U119/><E119/><V3/><F134/><W95/><G61/><T132/><D132/><U103/><E64/><V104/><F133/><W117/><G117/><T25/><D25/><U18/><E39/><V62/><F62/><W58/><G24/><T106/><D106/><U70/><E38/><V56/><F104/><W42/><G95/><T44/><D44/><U45/><E70/><V98/><F57/><W12/><G66/><T21/><D21/><U8/><E23/><V90/><F56/><W121/><G65/><T91/><D91/><U99/><E103/><V36/><F36/><W51/><G121/><T22/><D22/><U81/><E8/><V78/><F90/><N who="3" m="51487" /><G42/><T80/><D80/><U68/><E68/><V5/><F32/><W75/><G75/><T100/><D100/><U47/><E47/><V40/><F74/><W10/><G11/><T31/><D31/><U76/><E101/><V34/><F34/><W33/><G33/><T105/><D105/><U46/><E46/><V30/><F72/><W20/><G20/><T93/><D93/><U37/><E37/><V125/><F40/><W96/><G96/><RYUUKYOKU ba="3,1" sc="301,10,250,10,189,-30,250,10" hai0="9,15,26,28,35,49,54,59,63,67,69,85,87" hai1="18,19,41,45,48,52,55,76,81,86,89,94,99" hai3="7,10,12,13,51,53,58" /><INIT seed="0,4,1,1,0,87" ten="311,260,159,260" oya="0" hai0="127,111,120,20,50,89,35,22,52,98,102,67,110" hai1="121,78,33,135,65,48,119,63,19,10,81,108,84" hai2="75,49,15,17,124,109,21,0,103,59,99,123,25" hai3="4,92,39,93,45,61,114,96,131,105,117,54,60" shuffle="mt19937ar,8C2D0D9E,F038C6A4,44C90981,DC75F0BC,F7B67C02,3D7380AE,8A1E4FEC,27EC58EE"/><T83/><D120/><U36/><E121/><V132/><F123/><W112/><G117/><T46/><D35/><U9/><E119/><V71/><F0/><W100/><G131/><T44/><D127/><U95/><E36/><V101/><F71/><W115/><G60/><T29/><D67/><U53/><E33/><V129/><F75/><W72/><G72/><T79/><D44/><U7/><E108/><N who="0" m="41513" /><D29/><U6/><E135/><V134/><F109/><W82/><G4/><T68/><D68/><U107/><E6/><V106/><F103/><W14/><G14/><T86/><D79/><U5/><E5/><V26/><F129/><W66/><G39/><T118/><D118/><U57/><E7/><V90/><F124/><W8/><G8/><T133/><D133/><U23/><E9/><V11/><F26/><W128/><G128/><T47/><D46/><U34/><E34/><V58/><F132/><W38/><G38/><T32/><D32/><U76/><E10/><V104/><F134/><W41/><G45/><T64/><D64/><U3/><E76/><V56/><F11/><W88/><G41/><T37/><D37/><U1/><E1/><V77/><F77/><W30/><G30/><T28/><D28/><U24/><E3/><V13/><F13/><W126/><G126/><T73/><D73/><U116/><E116/><V2/><F15/><W12/><G12/><T125/><D125/><U69/><E69/><V113/><F2/><W42/><G42/><T55/><D55/><U94/><E53/><V27/><F27/><W130/><G54/><T31/><D31/><RYUUKYOKU ba="4,1" sc="311,30,260,-10,159,-10,260,-10" hai0="20,22,47,50,52,83,86,89,98,102" /><INIT seed="0,5,1,0,2,11" ten="341,250,149,250" oya="0" hai0="37,120,25,108,77,129,58,23,3,9,19,1,91" hai1="40,0,70,33,95,93,119,88,121,54,48,2,60" hai2="63,39,31,116,46,106,101,99,56,29,86,125,135" hai3="14,131,47,78,13,18,59,30,36,8,67,114,71" shuffle="mt19937ar,797A0FEE,D36CBD86,2478AD21,073D365C,1650F01A,4B21E066,57E0C263,F077D7E2"/><T73/><D120/><U44/><E121/><V51/><F125/><W42/><G114/><T97/><D37/><U34/><E119/><V38/><F135/><W12/><G30/><T107/><D107/><U41/><E0/><V20/><F116/><W89/><G78/><T72/><D129/><U134/><E2/><V66/><F86/><W111/><G131/><T113/><D113/><U69/><E134/><V128/><F128/><W83/><G111/><T127/><D3/><U43/><E95/><V80/><F80/><W55/><G89/><T124/><D108/><U35/><REACH who="1" step="1"/><E60/><REACH who="1" step="2"/><V98/><F98/><AGARI ba="5,2" hai="33,34,35,40,41,43,44,48,54,69,70,88,93,98" machi="98" ten="50,6400,0" yaku="1,1,2,1,54,1,53,0" doraHai="11" doraHaiUra="61" who="1" fromWho="2" sc="341,0,240,99,149,-79,250,0" /><INIT seed="1,0,0,4,2,92" ten="341,339,70,250" oya="1" hai0="100,46,11,40,28,124,128,135,13,16,68,112,43" hai1="69,62,122,1,51,48,99,84,53,108,61,66,64" hai2="8,50,77,3,130,98,102,2,55,106,14,45,88" hai3="113,127,80,114,97,6,4,36,18,20,81,76,121" shuffle="mt19937ar,8FF57D6A,E0E75EC0,4D322490,68F3036E,553032A1,BFA2BBCD,1113BF3B,80DDD839"/><U119/><E1/><V83/><F130/><W26/><G121/><T57/><D112/><U58/><E84/><V104/><F104/><W91/><G36/><T38/><D68/><N who="1" m="41999" /><E99/><V85/><REACH who="2" step="1"/><F77/><REACH who="2" step="2"/><W24/><G76/><T33/><D128/><U117/><E122/><V7/><AGARI ba="0,1" hai="2,3,7,8,14,45,50,55,83,85,88,98,102,106" machi="7" ten="20,12000,2" yaku="1,1,2,1,0,1,7,1,52,1,54,1,53,0" doraHai="92" doraHaiUra="31" who="2" fromWho="2" sc="341,-30,339,-60,60,130,250,-30" /><INIT seed="2,0,0,1,5,104" ten="311,279,190,220" oya="2" hai0="7,47,110,76,99,107,118,53,19,10,30,12,0" hai1="91,28,132,127,129,15,102,70,109,2,56,120,11" hai2="82,54,86,65,83,121,55,89,26,27,42,84,35" hai3="134,4,1,60,44,20,117,13,98,72,119,126,17" shuffle="mt19937ar,EBDE56AC,EEF781B5,8A4E55E7,D56FEDB0,82949EEC,A8862D09,A021ED6B,CE5BF1F0"/><V49/><F121/><W74/><G126/><T135/><D135/><U92/><E70/><V39/><F65/><W131/><G119/><T116/><D110/><U123/><E109/><V62/><F39/><W9/><G117/><N who="0" m="45163" /><D76/><U18/><E132/><V122/><F122/><N who="1" m="46633" /><E129/><V130/><F130/><W61/><G131/><T73/><D30/><U125/><E2/><V41/><F62/><W90/><G134/><T79/><D107/><U23/><E102/><V32/><REACH who="2" step="1"/><F89/><REACH who="2" step="2"/><W88/><G90/><T48/><D99/><U100/><E91/><V67/><F67/><W5/><G61/><T77/><D73/><U46/><E127/><V64/><F64/><W57/><G5/><T36/><D36/><U97/><E125/><V81/><F81/><W8/><G8/><AGARI ba="0,1" hai="0,7,8,10,12,19,47,48,53,77,79" m="45163" machi="8" ten="30,1000,0" yaku="12,1" doraHai="104" who="0" fromWho="3" sc="311,20,279,0,180,0,220,-10" /><INIT seed="3,0,0,3,4,99" ten="331,279,180,210" oya="3" hai0="49,30,125,15,62,89,23,105,24,78,68,96,61" hai1="26,77,97,28,43,130,56,117,132,0,60,48,121" hai2="41,100,2,127,108,12,8,57,84,79,101,81,35" hai3="134,88,70,90,119,72,42,98,76,123,86,122,110" shuffle="mt19937ar,79F9E474,8D013A63,4904377F,AB6F1BED,F536797B,6BDA0B4F,B115021D,F992DAE5"/><W14/><G70/><T118/><D118/><U65/><E121/><V64/><F35/><W71/><G71/><T135/><D78/><U74/><E0/><V67/><F2/><W83/><G42/><T92/><D135/><U31/><E132/><V69/><F69/><W128/><G14/><T33/><D125/><U58/><E130/><V131/><F131/><W95/><G128/><T4/><D68/><U50/><E74/><V1/><F1/><W85/><G134/><T80/><D105/><U114/><E114/><V32/><F32/><W44/><G44/><T115/><D115/><U27/><E77/><V34/><F34/><W94/><G110/><T38/><D38/><U51/><E43/><V66/><F108/><W39/><G39/><T40/><D80/><U3/><E3/><V29/><F127/><W124/><G124/><T25/><D25/><N who="1" m="9227" /><E97/><V16/><F29/><N who="1" m="11337" /><E117/><V5/><F41/><W22/><G22/><T75/><D75/><U10/><E10/><V11/><F5/><W126/><G126/><T46/><D33/><U13/><E13/><V52/><F8/><AGARI ba="0,0" hai="4,8,15,23,24,30,40,46,49,61,62,89,92,96" machi="8" ten="40,1300,0" yaku="8,1" doraHai="99" who="0" fromWho="2" sc="331,13,279,0,180,-13,210,0" owari="344,34,279,3,167,-23,210,-14" /></mjloggm>