<mjloggm ver="2.3"><GO type="225"/><UN n0="%E9%9E%8D" n1="%E3%82%88%E3%81%A3%E3%81%A1" n2="%E3%81%BF%E3%81%A3%E3%81%A4%E3%81%83%EF%BD%9E" n3="%E9%9B%81%E7%BA%8F" dan="16,16,17,16" rate="2021,2075,2138,2073" sx="M,M,F,M"/><TAIKYOKU oya="0"/><INIT seed="0,0,0,1,3,99" ten="250,250,250,250" oya="0" hai0="107,134,47,12,133,97,114,52,1,3,28,110,111" hai1="29,121,14,135,105,56,82,25,34,18,19,72,48" hai2="90,125,120,108,116,22,33,104,31,89,118,13,59" hai3="126,37,93,5,43,68,83,15,42,98,61,131,91" shuffle="mt19937ar,5FBA4667,382C5D72,A5546B17,D5D80780,D0052A27,2FE6BF38,D8860251,A35E698B"/><T113/><D28/><U46/><E105/><V67/><F120/><W106/><G37/><T63/><D12/><U88/><E121/><V51/><F108/><W0/><G0/><T100/><D63/><U40/><E135/><V69/><F125/><W38/><G38/><T128/><D128/><U11/><E56/><V79/><F79/><W20/><G131/><T60/><D60/><U30/><E30/><V65/><F69/><W70/><G126/><T77/><D77/><U39/><E72/><V41/><F33/><W7/><G106/><T112/><D47/><U127/><E127/><V27/><F104/><W54/><G68/><T102/><D52/><U101/><E39/><V115/><F13/><W124/><G124/><T123/><D123/><U103/><REACH who="1" step="1"/><E19/><REACH who="1" step="2"/><V71/><F71/><W94/><G70/><T81/><D133/><U9/><E9/><V58/><F58/><W64/><G5/><T8/><D134/><U76/><E76/><V53/><F59/><W87/><G7/><T74/><D8/><U26/><E26/><V44/><F27/><W130/><G130/><T57/><D57/><U66/><E66/><V80/><F31/><W17/><G64/><T86/><D74/><U109/><E109/><V129/><F65/><W75/><G61/><T10/><D10/><U122/><E122/><V62/><F67/><W78/><REACH who="3" step="1"/><G54/><REACH who="3" step="2"/><T84/><D110/><U32/><E32/><V35/><F62/><W6/><G6/><T4/><D4/><U96/><E96/><V21/><F129/><W119/><G119/><T2/><D111/><U132/><E132/><RYUUKYOKU ba="0,2" sc="250,-15,240,15,250,-15,240,15" hai1="11,14,18,25,29,34,40,46,48,82,88,101,103" hai3="15,17,20,42,43,75,78,83,87,91,93,94,98" /><INIT seed="1,1,2,1,4,47" ten="235,255,235,255" oya="1" hai0="1,97,27,106,15,29,66,33,86,41,100,76,10" hai1="54,21,88,26,78,96,7,131,124,114,13,128,64" hai2="53,87,48,55,36,125,118,38,42,17,30,52,62" hai3="102,0,24,23,111,11,75,79,84,72,56,120,61" shuffle="mt19937ar,55DF88CD,91CDDAF0,4DBFF932,E60F55E9,B5F4EFAC,B5850407,04F95E31,9BC1BE9E"/><U65/><E78/><V74/><F30/><W130/><G120/><T110/><D1/><U73/><E73/><V59/><F74/><W44/><G130/><N who="1" m="49706" /><E114/><V80/><F118/><W104/><G44/><T133/><D133/><U105/><E124/><V51/><F125/><W39/><G39/><T135/><D135/><U132/><E132/><V109/><F109/><W22/><G111/><T63/><D110/><U5/><E105/><V115/><F115/><W83/><G23/><T122/><D122/><U32/><E32/><V28/><F28/><W92/><G104/><T99/><D41/><U94/><E54/><N who="2" m="21099" /><F38/><W34/><G34/><T19/><D99/><U108/><E108/><V123/><F36/><W68/><G68/><N who="0" m="42079" /><D86/><U89/><E89/><N who="2" m="51431" /><F42/><W112/><G112/><T46/><D76/><U95/><E95/><V85/><F123/><W103/><G72/><T3/><D3/><U126/><E126/><V49/><F85/><W127/><G75/><T113/><D46/><U71/><E71/><V9/><F62/><W101/><G127/><T40/><D40/><U91/><E91/><V90/><F90/><W116/><G116/><T20/><D113/><U119/><E119/><V37/><F37/><W43/><G43/><T67/><D67/><N who="1" m="25675" /><E13/><AGARI ba="1,2" hai="9,13,17,48,49,51,55,59" m="51431,21099" machi="13" ten="30,8000,1" yaku="8,1,52,3,54,1" doraHai="47" who="2" fromWho="1" sc="235,0,255,-83,235,103,255,0" /><INIT seed="2,0,0,5,5,35" ten="235,172,338,255" oya="2" hai0="90,124,21,66,58,104,44,50,42,101,63,61,87" hai1="132,40,71,17,105,33,38,24,27,25,43,110,123" hai2="46,19,57,78,96,77,69,95,20,103,134,31,7" hai3="86,47,22,70,118,15,37,72,23,128,81,97,115" shuffle="mt19937ar,018D4837,CEAA43A0,6CFE29DA,2D53482C,55F890C3,96BA7627,5192170F,A5D397A3"/><V9/><F69/><W52/><G118/><T0/><D124/><U53/><E105/><V64/><F134/><W119/><G119/><T18/><D101/><U41/><E71/><V117/><F31/><W13/><G70/><T76/><D104/><U30/><E123/><V135/><F117/><W14/><G72/><T68/><D76/><U112/><E132/><V39/><F135/><W113/><G128/><T129/><D129/><U6/><E112/><N who="3" m="43082" /><G97/><T94/><D0/><U74/><E110/><V51/><F39/><W75/><G75/><T100/><D100/><U125/><E74/><V80/><F57/><W36/><G52/><T82/><D82/><U109/><E125/><V84/><F64/><W98/><G98/><T89/><D89/><U93/><E109/><V60/><F60/><W56/><G56/><T55/><D68/><U26/><E6/><V5/><F9/><W32/><G32/><T130/><D130/><U83/><E83/><V91/><F78/><N who="3" m="46391" /><G37/><T8/><D63/><U16/><E53/><N who="2" m="29943" /><F103/><W126/><G126/><T106/><D106/><U114/><E114/><V34/><F34/><W131/><G131/><T48/><D66/><U12/><E38/><V99/><F96/><W127/><G127/><T4/><D61/><U122/><E122/><V65/><F65/><W3/><G3/><T116/><D116/><U120/><E120/><V108/><F108/><W45/><G45/><T49/><D44/><U2/><E2/><V88/><F77/><W111/><G111/><T1/><D42/><AGARI ba="0,0" hai="13,14,15,22,23,36,42,47" m="46391,43082" machi="42" ten="30,1000,0" yaku="11,1" doraHai="35" who="3" fromWho="0" sc="235,-10,172,0,338,0,255,10" /><INIT seed="3,0,0,3,4,87" ten="225,172,338,265" oya="3" hai0="111,94,51,64,34,70,12,48,91,76,44,85,95" hai1="56,9,65,19,23,27,53,2,21,45,114,20,35" hai2="43,73,125,41,88,39,62,86,36,113,57,54,50" hai3="6,89,28,98,42,32,101,33,109,75,128,13,99" shuffle="mt19937ar,7CCAC544,41416E24,34D12FB1,AC270109,1E226CE1,5ECD301B,BA5EE1AD,17843DC6"/><W4/><G75/><T108/><D34/><U17/><E114/><V37/><F73/><W81/><G128/><T18/><D76/><U0/><E65/><V66/><F113/><W133/><G133/><T79/><D79/><U10/><E45/><V5/><F5/><W11/><G109/><N who="0" m="42059" /><D95/><U107/><E107/><V61/><F61/><W58/><G42/><T30/><D30/><N who="1" m="19935" /><E56/><V68/><REACH who="2" step="1"/><F125/><REACH who="2" step="2"/><W22/><G6/><T123/><D123/><U93/><E93/><AGARI ba="0,1" hai="36,37,39,41,43,50,54,57,62,66,68,86,88,93" machi="93" ten="40,8000,1" yaku="1,1,2,1,52,1,54,1,53,0" doraHai="87" doraHaiUra="29" who="2" fromWho="1" sc="225,0,172,-80,328,90,265,0" owari="225,-12,92,-31,418,41,265,2" /></mjloggm>