<mjloggm ver="2.3"><GO type="225"/><UN n0="%61%6E%62%79%33" n1="%E6%A1%9C%E8%8A%B1%E9%96%83%E3%80%85" n2="%E3%83%81%E3%83%A3%E3%82%AA%E3%83%AA" n3="%E3%82%AF%E3%83%AB%E3%83%AB%E2%98%86" dan="16,16,17,16" rate="2100,2063,2134,2079" sx="M,M,M,F"/><TAIKYOKU oya="0"/><INIT seed="0,0,0,2,2,89" ten="250,250,250,250" oya="0" hai0="94,75,7,105,79,44,88,91,99,81,10,60,29" hai1="27,1,56,87,66,126,123,8,104,115,15,134,90" hai2="69,17,14,42,129,22,85,43,9,65,6,49,20" hai3="130,32,73,62,72,30,82,102,122,18,100,5,24" shuffle="mt19937ar,C9808030,05918207,4A2EF48D,E80E955E,2860E4A5,EA969FDE,5E62D03C,F8504F25"/><T127/><D127/><U96/><E123/><V84/><F129/><W55/><G5/><T13/><D105/><U71/><E71/><V11/><F69/><W48/><G130/><T68/><D29/><U67/><E1/><V128/><F65/><W46/><G122/><T107/><D107/><U52/><E126/><V2/><F128/><W97/><G100/><T64/><REACH who="0" step="1"/><D44/><REACH who="0" step="2"/><U124/><E124/><V78/><F78/><W41/><G46/><T57/><D57/><U31/><E104/><V58/><F58/><W45/><G45/><T114/><D114/><U34/><E115/><V118/><F118/><W3/><G30/><T26/><D26/><U70/><E70/><V38/><F38/><W47/><G24/><T23/><D23/><U95/><E134/><V51/><F22/><W40/><G47/><T110/><D110/><U76/><E27/><V83/><F20/><W119/><G32/><T113/><D113/><U109/><E109/><V25/><F25/><W63/><G119/><T36/><D36/><U50/><E31/><V135/><F135/><W121/><G121/><T131/><D131/><U74/><E34/><V0/><F11/><W12/><G73/><T111/><D111/><U98/><E74/><V106/><F106/><W59/><G72/><T77/><D77/><U80/><E98/><V116/><F116/><W103/><G97/><T117/><D117/><U133/><E133/><V19/><F9/><W37/><G37/><T28/><D28/><U53/><E53/><V132/><F132/><W35/><G55/><T108/><D108/><U54/><E54/><RYUUKYOKU ba="0,1" sc="240,15,250,15,250,-15,250,-15" hai0="7,10,13,60,64,68,75,79,81,88,91,94,99" hai1="8,15,50,52,56,66,67,76,80,87,90,95,96" /><INIT seed="0,1,1,2,0,86" ten="255,265,235,235" oya="0" hai0="26,76,10,37,54,83,135,114,32,69,31,95,84" hai1="62,1,107,124,52,44,97,119,101,19,108,41,25" hai2="48,111,30,60,3,28,68,15,29,100,117,47,79" hai3="85,88,112,92,103,53,75,70,59,116,106,58,66" shuffle="mt19937ar,9C3B8CF7,AC75D87D,78DBAA4F,2666BD61,3A09A08C,114F898D,715A2BAE,31C103AA"/><T91/><D135/><U12/><E119/><V110/><F3/><W105/><G116/><T50/><D114/><U57/><E1/><V36/><F36/><W96/><G112/><T125/><D37/><U0/><E0/><V56/><F68/><W4/><G75/><T74/><D69/><U6/><E108/><N who="2" m="41515" /><F117/><W39/><G39/><T22/><D125/><U127/><E6/><V21/><F79/><W109/><G109/><T130/><D130/><U11/><REACH who="1" step="1"/><E25/><REACH who="1" step="2"/><N who="2" m="16431" /><F15/><W67/><G4/><T121/><D121/><U89/><E89/><V82/><F100/><W126/><G126/><T51/><D10/><U46/><E46/><V113/><F113/><W122/><G122/><T99/><D32/><U61/><E61/><V20/><F60/><W7/><G7/><T24/><D24/><U55/><E55/><V23/><F47/><W14/><G53/><T133/><D54/><U73/><E73/><V43/><F43/><W134/><G103/><T120/><D120/><U102/><E102/><V13/><F13/><W2/><G14/><T93/><D133/><U128/><E128/><V8/><F8/><W65/><G2/><T27/><D27/><U34/><E34/><V104/><F30/><W18/><G134/><T64/><D64/><U98/><E98/><V38/><F29/><W78/><G70/><T72/><D72/><U129/><E129/><V35/><F35/><W123/><G123/><T9/><D9/><U90/><E90/><AGARI ba="1,2" hai="22,26,31,50,51,74,76,83,84,90,91,93,95,99" machi="90" ten="30,5800,0" yaku="7,1,52,2" doraHai="86" who="0" fromWho="1" sc="255,81,255,-61,235,0,235,0" /><INIT seed="0,2,0,2,4,77" ten="336,194,235,235" oya="0" hai0="54,102,65,103,74,61,95,64,37,81,39,46,119" hai1="59,66,132,114,84,110,107,117,27,8,24,121,60" hai2="134,118,5,78,12,126,43,109,19,92,94,10,72" hai3="113,52,90,0,99,26,25,111,128,21,32,76,56" shuffle="mt19937ar,399CF1EE,0B636840,A87AD39A,0BA74345,5C46972B,909FFBB2,5015D2EB,EB3A026C"/><T125/><D119/><U47/><E117/><V23/><F118/><W105/><G0/><T83/><D74/><U36/><E121/><V80/><F109/><W38/><G38/><T55/><D125/><U49/><E107/><V1/><F126/><W100/><G113/><T15/><D46/><U131/><E110/><V14/><F134/><W53/><G111/><T18/><D95/><U112/><E132/><V69/><F69/><W89/><G128/><T135/><D135/><U11/><E131/><V115/><F115/><N who="1" m="44073" /><E36/><V101/><F101/><N who="0" m="38410" /><D37/><U120/><E120/><V79/><F43/><W17/><G53/><N who="0" m="19979" /><D39/><U91/><E47/><V75/><F1/><W40/><G40/><T87/><D87/><U42/><E42/><V44/><F44/><W73/><G32/><T97/><D97/><U63/><E60/><V35/><F35/><W70/><G70/><T106/><D106/><U133/><E49/><V4/><F4/><W6/><G6/><T48/><D48/><U9/><E133/><V13/><F13/><W123/><G26/><T2/><D2/><U33/><E33/><V34/><F34/><W45/><G45/><T3/><D3/><U116/><E116/><V122/><F122/><W71/><G71/><T41/><D41/><U58/><E58/><V31/><F31/><W16/><G123/><T127/><D127/><U82/><AGARI ba="2,0" hai="8,9,11,24,27,59,63,66,82,84,91" m="44073" machi="82" ten="30,2000,0" yaku="11,1,52,1" doraHai="77" who="1" fromWho="1" sc="336,-12,194,26,235,-7,235,-7" /><INIT seed="1,0,0,3,0,35" ten="324,220,228,228" oya="1" hai0="51,73,87,58,82,64,3,118,50,52,95,101,66" hai1="93,114,56,55,134,74,105,44,30,110,22,133,45" hai2="1,91,4,24,120,18,84,26,131,99,98,126,10" hai3="60,78,34,37,8,135,39,122,49,25,46,79,63" shuffle="mt19937ar,EBDC3511,57C4A33E,1846C758,68A5787B,5856AA95,EB3F78DA,490C1326,2DE037C0"/><U69/><E69/><V27/><F120/><W16/><G122/><T20/><D3/><U59/><E105/><V14/><F126/><W94/><G135/><N who="1" m="51722" /><E114/><V31/><F131/><W92/><G34/><T41/><D73/><U17/><E74/><V128/><F128/><W90/><G39/><T80/><D118/><U100/><E30/><V71/><F71/><W65/><G37/><T113/><D113/><U28/><E28/><V61/><F61/><N who="3" m="23627" /><G65/><N who="0" m="25195" /><D20/><U83/><E83/><V9/><REACH who="2" step="1"/><F31/><REACH who="2" step="2"/><W121/><G121/><T53/><D41/><U77/><E110/><V124/><F124/><W7/><G7/><T33/><D33/><U0/><E17/><V127/><F127/><W106/><G106/><T70/><D70/><U11/><E45/><V38/><F38/><W104/><G104/><T89/><D101/><U32/><E44/><AGARI ba="0,1" hai="44,50,51,52,53,58,80,82,87,89,95" m="25195" machi="44" ten="30,2000,0" yaku="8,1,54,1" doraHai="35" who="0" fromWho="1" sc="324,30,220,-20,218,0,228,0" /><INIT seed="2,0,0,5,2,78" ten="354,200,218,228" oya="2" hai0="13,16,132,34,103,24,82,109,31,113,2,81,98" hai1="129,44,3,93,87,12,88,117,97,94,77,11,122" hai2="10,23,76,92,110,101,115,59,131,47,90,41,102" hai3="133,51,112,79,124,61,15,20,135,120,75,63,72" shuffle="mt19937ar,A0A20B31,6CE75095,3457D23C,3CDA5880,1807BB76,61BBA362,2EFEACF5,07C98D47"/><V25/><F115/><W74/><G120/><T84/><D2/><U39/><E122/><V99/><F131/><W127/><G112/><T60/><D113/><U5/><E117/><V107/><F107/><W40/><G79/><T21/><D109/><U30/><E129/><V0/><F110/><W62/><G40/><T14/><D84/><U100/><E77/><V83/><F10/><W69/><G69/><T54/><D132/><N who="3" m="50761" /><G51/><T53/><D13/><U58/><E30/><V29/><F59/><W86/><G86/><T89/><D89/><U65/><E3/><V8/><F8/><W38/><G38/><T106/><D54/><U35/><E35/><V73/><REACH who="2" step="1"/><F0/><REACH who="2" step="2"/><W1/><G1/><T95/><D106/><U42/><E58/><V52/><F52/><W45/><G45/><T119/><D53/><U68/><E68/><V9/><F9/><W6/><G6/><T104/><D104/><U36/><E65/><V17/><F17/><AGARI ba="0,1" hai="15,17,20,61,62,63,72,74,75,124,127" m="50761" machi="17" ten="40,1300,0" yaku="20,1" doraHai="78" who="3" fromWho="2" sc="354,0,200,0,208,-13,228,23" /><INIT seed="3,0,0,2,1,107" ten="354,200,195,251" oya="3" hai0="72,46,108,110,38,37,32,117,82,116,62,120,91" hai1="106,64,13,35,102,100,18,92,9,131,109,113,88" hai2="42,40,94,97,20,49,55,44,53,84,104,95,51" hai3="81,10,16,96,47,70,3,58,24,41,52,101,57" shuffle="mt19937ar,7F00FCD7,84D93986,00A8944E,779D8163,50EC0ECA,1557B71E,C4ED5D77,41E4E304"/><W48/><G70/><T30/><D120/><U90/><E113/><V124/><F104/><W83/><G3/><T29/><D62/><U5/><E106/><V69/><F69/><W45/><G58/><T60/><D60/><U43/><E35/><V125/><F84/><W27/><G47/><T118/><D91/><U68/><E43/><V103/><F20/><W85/><G85/><T12/><D12/><U135/><E109/><N who="0" m="42089" /><D32/><U74/><E90/><V56/><REACH who="2" step="1"/><F94/><REACH who="2" step="2"/><W22/><G22/><T130/><D117/><U59/><E68/><V14/><F14/><W25/><G10/><T134/><D118/><U78/><E131/><V77/><F77/><W0/><G0/><T34/><D130/><U105/><E105/><V114/><F114/><W111/><G111/><T129/><D129/><U54/><E135/><V31/><F31/><W15/><G15/><T115/><D29/><U36/><E5/><V119/><F119/><W66/><G25/><T76/><D134/><U1/><E1/><V65/><F65/><W4/><G27/><T87/><D116/><U73/><E64/><V99/><F99/><W11/><G66/><T19/><D115/><U132/><E132/><V21/><F21/><W71/><G4/><T67/><D67/><U17/><E17/><V79/><F79/><W75/><G71/><T93/><D19/><U7/><E18/><V6/><F6/><W122/><G16/><T121/><D30/><U128/><E128/><V39/><F39/><W23/><G24/><T89/><D37/><U33/><E36/><V86/><F86/><W127/><G23/><RYUUKYOKU ba="0,1" sc="354,-10,200,-10,185,30,251,-10" hai2="40,42,44,49,51,53,55,56,95,97,103,124,125" owari="354,35,190,-21,215,-13,241,-1" /></mjloggm>