<mjloggm ver="2.3"><GO type="225"/><UN n0="%E5%88%BB%E5%AD%90%E5%B8%82%E6%B0%91" n1="%E9%9B%81%E7%BA%8F" n2="%E5%85%AD%E5%88%86%E5%84%80" n3="%E3%81%BF%E3%81%A3%E3%81%A4%E3%81%83%EF%BD%9E" dan="17,16,18,17" rate="2122,2072,2167,2146" sx="M,M,F,F"/><TAIKYOKU oya="0"/><INIT seed="0,0,0,3,4,111" ten="250,250,250,250" oya="0" hai0="78,118,135,16,35,103,22,59,7,133,4,24,70" hai1="132,49,37,11,113,79,20,81,43,76,64,10,58" hai2="0,102,134,1,31,84,107,27,96,106,77,21,56" hai3="29,80,86,104,105,8,82,33,74,126,30,42,98" shuffle="mt19937ar,50F09D56,99E93919,D800A554,A0B3CF97,29C5BAE1,A0396B45,75507DF9,BE7F498E"/><T100/><D70/><U54/><E132/><N who="0" m="50761" /><D118/><U97/><E113/><V66/><F134/><W45/><G126/><T73/><D35/><U14/><E37/><V90/><F77/><W99/><G8/><T2/><D59/><U75/><E79/><V88/><F107/><W108/><G108/><T12/><D2/><U34/><E34/><V32/><F32/><W17/><G17/><T69/><D69/><U52/><E43/><V25/><F25/><W92/><G33/><T61/><D61/><U48/><E64/><V127/><F127/><W28/><G74/><T23/><D7/><U95/><E20/><V120/><F120/><W36/><G98/><T94/><D94/><U5/><E10/><V109/><F109/><W71/><G71/><T87/><D87/><U129/><E129/><V53/><F66/><W67/><G67/><T6/><D6/><U130/><E130/><V55/><F90/><W131/><G131/><T128/><D128/><U26/><E26/><V65/><F65/><W60/><G60/><T9/><D22/><U50/><REACH who="1" step="1"/><E54/><REACH who="1" step="2"/><V68/><F55/><W19/><G42/><T85/><D73/><U121/><E121/><V44/><F68/><W15/><G36/><T115/><D115/><U51/><E51/><V93/><F44/><W112/><G45/><T89/><D78/><U41/><E41/><V40/><F40/><W3/><G112/><T62/><D62/><AGARI ba="0,1" hai="0,1,21,27,31,53,56,62,84,88,93,96,102,106" machi="62" ten="30,2000,0" yaku="7,1,54,1" doraHai="111" who="2" fromWho="0" sc="250,-20,240,0,250,30,250,0" /><INIT seed="1,0,0,1,5,51" ten="230,240,280,250" oya="1" hai0="2,14,106,75,33,9,55,56,46,27,43,90,131" hai1="111,25,53,32,65,60,12,114,22,71,4,100,44" hai2="8,35,116,72,48,119,40,50,17,92,94,6,52" hai3="61,13,84,42,64,132,117,5,112,49,91,28,74" shuffle="mt19937ar,0829A895,17E5A45E,9EEC02CA,F1E79675,3D0156B9,38F0B7DC,97AAFA41,52BE9DA9"/><U104/><E114/><V67/><F35/><W57/><G74/><T124/><D106/><U101/><E111/><V88/><F72/><W115/><G117/><T122/><D75/><U59/><E32/><V130/><F67/><W30/><G132/><T79/><D79/><U108/><E108/><V18/><F130/><W24/><G42/><T125/><D2/><U38/><E104/><V73/><F73/><W83/><G49/><T3/><D3/><U105/><E105/><V96/><F119/><W62/><G62/><T1/><D1/><U93/><E93/><V20/><F116/><W0/><G0/><T76/><D76/><U103/><E4/><V82/><F82/><W54/><G64/><T98/><D122/><U15/><E38/><V135/><F135/><W99/><G99/><T80/><D131/><U113/><E113/><V95/><F50/><W86/><G28/><N who="0" m="19615" /><D98/><U133/><E133/><V41/><F6/><W21/><REACH who="3" step="1"/><G86/><REACH who="3" step="2"/><N who="0" m="50503" /><D43/><U107/><E107/><V58/><F41/><W109/><G109/><T29/><D29/><N who="1" m="17591" /><E71/><V36/><F36/><W7/><G7/><N who="0" m="3391" /><D46/><U128/><E128/><V23/><F40/><W68/><G68/><T118/><D118/><U39/><E39/><V26/><F96/><W16/><G16/><T121/><D121/><U129/><E129/><V66/><F18/><W123/><G123/><T10/><D125/><U120/><E120/><V134/><F134/><W97/><G97/><T31/><D124/><U127/><E127/><V63/><F17/><W81/><G81/><T87/><D31/><U77/><E44/><V70/><F70/><RYUUKYOKU ba="0,1" sc="230,-10,240,-10,280,-10,240,30" hai3="5,13,21,24,30,54,57,61,83,84,91,112,115" /><INIT seed="2,1,1,4,3,64" ten="220,230,270,270" oya="2" hai0="29,36,62,18,35,21,4,27,46,25,39,63,19" hai1="103,43,37,11,17,74,102,98,55,24,125,69,126" hai2="52,76,110,90,13,78,53,42,131,75,8,107,84" hai3="87,71,0,48,109,108,112,73,72,97,124,56,115" shuffle="mt19937ar,315D0278,69D19081,A5EEE0FD,01A2204B,2EE26C7A,A01D9AED,C5C35A3B,A130D61E"/><V68/><F107/><W66/><G0/><T133/><D133/><U91/><E74/><V7/><F131/><W28/><G28/><T132/><D4/><U34/><E55/><V93/><F68/><W47/><G97/><T114/><D132/><U59/><E59/><V118/><F118/><W88/><G56/><T16/><D114/><N who="3" m="43561" /><G73/><T120/><D120/><U14/><E91/><V60/><F110/><N who="3" m="42603" /><G72/><T80/><D80/><U81/><E81/><V3/><F3/><W41/><G124/><T89/><D89/><U119/><E119/><V135/><F135/><W113/><G113/><T31/><REACH who="0" step="1"/><D46/><REACH who="0" step="2"/><U67/><E126/><V94/><F90/><W20/><G88/><T50/><D50/><U32/><E125/><V129/><F7/><W6/><G6/><T127/><D127/><U134/><E134/><V65/><F78/><W49/><G87/><T15/><D15/><U40/><E103/><V99/><F13/><W22/><G49/><T33/><D33/><U101/><E101/><V100/><F76/><W96/><G96/><T44/><D44/><U86/><E34/><V85/><F100/><W10/><G48/><T26/><D26/><U116/><E116/><V128/><F99/><W104/><G47/><T82/><D82/><U57/><E98/><V38/><F128/><W106/><G106/><T45/><D45/><U70/><E102/><V30/><F129/><W12/><G104/><T51/><D51/><U117/><E117/><V95/><F95/><W105/><G105/><T5/><D5/><U123/><E32/><V111/><F94/><W54/><G12/><RYUUKYOKU ba="1,2" sc="210,30,230,-10,270,-10,270,-10" hai0="16,18,19,21,25,27,29,31,35,36,39,62,63" /><INIT seed="3,2,2,3,0,62" ten="240,220,260,260" oya="3" hai0="131,122,21,77,80,12,135,101,71,125,104,26,129" hai1="42,15,118,97,106,34,112,48,98,127,50,45,35" hai2="3,18,113,58,91,84,105,103,39,64,115,107,88" hai3="133,85,8,69,29,117,27,96,53,121,93,72,81" shuffle="mt19937ar,171F1559,F15E66AF,AF33722B,3DA53BDE,A86BD154,FE23FEF4,03EAE53F,B2A57DA8"/><W79/><G69/><T102/><D122/><U49/><E112/><V61/><F39/><W89/><G121/><T22/><D125/><U90/><E127/><V57/><F3/><W110/><G117/><T59/><D135/><U75/><E75/><V28/><F28/><W56/><G8/><T94/><D71/><U78/><E78/><V24/><F58/><W83/><G133/><T40/><D40/><U32/><E118/><V70/><F70/><W2/><G2/><T114/><D104/><U13/><E106/><V31/><F18/><W23/><G110/><T74/><D114/><U1/><E1/><V76/><F76/><W7/><G7/><T130/><D94/><U100/><E90/><V86/><F107/><W37/><G37/><T87/><D74/><U14/><REACH who="1" step="1"/><E100/><REACH who="1" step="2"/><V52/><F103/><N who="3" m="60815" /><G72/><T44/><D101/><U4/><E4/><V9/><F105/><W63/><G79/><T19/><D102/><U124/><E124/><V46/><F115/><W51/><G83/><T65/><D130/><U11/><E11/><V54/><F113/><W66/><G81/><T33/><D131/><U134/><E134/><V116/><F9/><W60/><G89/><N who="2" m="34377" /><F116/><W25/><G85/><T123/><D129/><U0/><E0/><V55/><F86/><W43/><G43/><T30/><D123/><U108/><E108/><V73/><F84/><W99/><G99/><AGARI ba="2,3" hai="13,14,15,32,34,35,42,45,48,49,50,97,98,99" machi="99" ten="50,1600,0" yaku="1,1,53,0" doraHai="62" doraHaiUra="109" who="1" fromWho="3" sc="240,0,210,52,260,0,260,-22" /><INIT seed="4,0,0,1,2,104" ten="240,262,260,238" oya="0" hai0="42,24,74,57,66,64,81,31,40,125,131,91,108" hai1="36,21,25,129,56,65,5,27,84,97,86,128,60" hai2="4,72,127,110,119,92,30,62,77,26,135,114,22" hai3="73,29,20,53,126,75,99,3,101,133,35,67,95" shuffle="mt19937ar,6C0F9705,DFE9285F,D1E64538,D9A5C48D,43456276,76476A9E,CF1F5E64,00780D68"/><T8/><D108/><U32/><E36/><V1/><F110/><W121/><G3/><T82/><D125/><U122/><E122/><V10/><F127/><W69/><G126/><T85/><D131/><N who="1" m="50251" /><E5/><V51/><F114/><W96/><G121/><T45/><D8/><U71/><E97/><V111/><F111/><W2/><G2/><T107/><D107/><U16/><E71/><V124/><F124/><W117/><G117/><T6/><D6/><U23/><E32/><V76/><F119/><W28/><G35/><T98/><D98/><U44/><E44/><V118/><F118/><W13/><G133/><T47/><D74/><U115/><E115/><V11/><F72/><W49/><G99/><T123/><D123/><U38/><E38/><V70/><F70/><W87/><G87/><T59/><D85/><U113/><E113/><V12/><F135/><W106/><G106/><T88/><D24/><U52/><E65/><V61/><F4/><W33/><G67/><T102/><D102/><U120/><E120/><V130/><F1/><W112/><G69/><T48/><D48/><U0/><E0/><V37/><F37/><W14/><G112/><T55/><D55/><U46/><E46/><V134/><F51/><W18/><G33/><T79/><D79/><U50/><E50/><V19/><F134/><W89/><G101/><T90/><D90/><U103/><E103/><V41/><F130/><W7/><G75/><T80/><D80/><U109/><E109/><V43/><F77/><W39/><G73/><T83/><D83/><U15/><E15/><N who="2" m="7671" /><F76/><W94/><G39/><RYUUKYOKU ba="0,0" sc="240,15,262,15,260,-15,238,-15" hai0="31,40,42,45,47,57,59,64,66,81,82,88,91" hai1="16,21,23,25,27,52,56,60,84,86" /><INIT seed="4,1,0,2,5,121" ten="255,277,245,223" oya="0" hai0="63,68,13,25,70,65,97,38,57,5,42,35,69" hai1="102,110,77,98,54,37,2,0,104,113,118,67,46" hai2="79,132,125,51,92,96,109,71,64,22,101,62,82" hai3="94,90,18,43,29,74,28,49,7,10,59,56,66" shuffle="mt19937ar,8E830EBF,08B03C2A,4ABD37B1,7DE258EF,308AD199,C827125C,AD771143,F914636F"/><T129/><D129/><U117/><E110/><V78/><F125/><W40/><G74/><T103/><D13/><U3/><E54/><V105/><F132/><W123/><G123/><T45/><D5/><U93/><E93/><V84/><F109/><W1/><G18/><T83/><D83/><U133/><E77/><V124/><F124/><W6/><G6/><T115/><D115/><U52/><E52/><V108/><F108/><W41/><G49/><T14/><D14/><U9/><E133/><V87/><F51/><W111/><G111/><T81/><D81/><U19/><E19/><V126/><F126/><W55/><G55/><T122/><D122/><U33/><E33/><V119/><F119/><N who="1" m="45577" /><E67/><V17/><F92/><W100/><G100/><T8/><D8/><U34/><E34/><V120/><F120/><W11/><G11/><T15/><D15/><U23/><E23/><V75/><REACH who="2" step="1"/><F79/><REACH who="2" step="2"/><W39/><G39/><T128/><D128/><U31/><E113/><V85/><F85/><W73/><G73/><T4/><D4/><N who="1" m="1159" /><E31/><V114/><F114/><W50/><G29/><N who="0" m="19887" /><D57/><U44/><E44/><V16/><F16/><W47/><G28/><T106/><AGARI ba="1,1" hai="38,42,45,63,65,68,69,70,97,103,106" m="19887" machi="106" ten="30,6000,0" yaku="25,1,33,2" doraHai="121" who="0" fromWho="0" sc="255,73,277,-21,235,-21,223,-21" owari="328,33,256,1,214,-14,202,-20" /></mjloggm>