<mjloggm ver="2.3"><GO type="225"/><UN n0="%E7%8C%AA%E6%9C%A8%E5%A4%A7%E5%AB%8C%E3%81%84%EF%BC%81" n1="%E3%83%81%E3%83%A3%E3%82%AA%E3%83%AA" n2="%E9%9B%B2%E9%9B%80%E6%81%AD%E5%BC%A5" n3="%E9%95%B7%E5%B2%A1%E5%A4%A7%E6%98%8E%E7%A5%9E" dan="17,17,17,16" rate="2111,2104,2196,2076" sx="F,M,M,F"/><TAIKYOKU oya="0"/><INIT seed="0,0,0,0,5,43" ten="250,250,250,250" oya="0" hai0="102,127,17,131,0,13,54,73,76,10,79,52,35" hai1="110,135,82,69,18,49,1,47,42,5,108,112,62" hai2="14,78,116,36,53,89,115,63,133,93,31,75,125" hai3="4,91,96,12,106,24,123,29,32,83,114,20,22" shuffle="mt19937ar,C13509FA,88F63A41,99CB80BA,E15C76B1,60BA4B76,5B3BBDD2,338A7136,63B7CDD8"/><T103/><D35/><U15/><E135/><V88/><F115/><W21/><G114/><T64/><D0/><U129/><E112/><V70/><F133/><W6/><G123/><T132/><D132/><U117/><E117/><V11/><F116/><W120/><G120/><T26/><D127/><U58/><E69/><V45/><F125/><W9/><G83/><T3/><D3/><U71/><E71/><V107/><F107/><W68/><G68/><T111/><D131/><U55/><E129/><V134/><F134/><W87/><G87/><T94/><D111/><N who="1" m="42539" /><E82/><V51/><F31/><W30/><G91/><T109/><D109/><U77/><E77/><N who="0" m="29769" /><D73/><U67/><E5/><N who="3" m="2154" /><G96/><N who="0" m="59671" /><D64/><U90/><E90/><V46/><F75/><W113/><G106/><T122/><D122/><U130/><E1/><V60/><F78/><W124/><G124/><T121/><D121/><U48/><E130/><V8/><F89/><W84/><G84/><T86/><D86/><U97/><E97/><N who="2" m="57511" /><F70/><W81/><G81/><T57/><D103/><U27/><E27/><V37/><F37/><W98/><G98/><T38/><D38/><N who="1" m="21975" /><E67/><V92/><F92/><W34/><G113/><T41/><D26/><U104/><E104/><V119/><F119/><W19/><G34/><T118/><D118/><U100/><E100/><V105/><F105/><W74/><G74/><T7/><D7/><U99/><E99/><V61/><F14/><W128/><G128/><T16/><D13/><U126/><E126/><V44/><F36/><W101/><G101/><T65/><D65/><U72/><E72/><V39/><F39/><RYUUKYOKU ba="0,0" sc="250,-30,250,10,250,10,250,10" hai1="15,18,48,49,55,58,62" hai2="8,11,44,45,46,51,53,60,61,63" hai3="9,12,19,20,21,22,24,29,30,32" /><INIT seed="1,1,0,2,4,78" ten="220,260,260,260" oya="1" hai0="68,4,6,75,46,81,113,103,28,111,43,64,67" hai1="33,100,97,34,114,2,23,128,94,92,95,65,52" hai2="116,108,61,131,47,115,102,125,8,79,135,126,70" hai3="74,5,35,40,25,123,12,90,112,98,41,99,54" shuffle="mt19937ar,BBE47911,7E545C69,9129DCAC,AB5919CE,FE31FAA0,CC43E91C,2DCB5C15,39BA54D8"/><U85/><E114/><V132/><F116/><W44/><G112/><T60/><D113/><U63/><E2/><V56/><F115/><W31/><G123/><T15/><D111/><U66/><E128/><V118/><F118/><W84/><G74/><T0/><D103/><U1/><E1/><V21/><F108/><W48/><G5/><T58/><D28/><U20/><E34/><V32/><F32/><W27/><G12/><T87/><D75/><U38/><E38/><V36/><F102/><W130/><G25/><T59/><D0/><U73/><E33/><V76/><F70/><W127/><G130/><T89/><D64/><N who="1" m="24683" /><E73/><V134/><F8/><W11/><G11/><T124/><D124/><N who="2" m="47722" /><F21/><N who="1" m="8265" /><E85/><V105/><F105/><W109/><G109/><T71/><D71/><U129/><E129/><V96/><F96/><W29/><G127/><T82/><D6/><U86/><E86/><V119/><F119/><W19/><G35/><T106/><D106/><U88/><E100/><V93/><F131/><W80/><G99/><T45/><D4/><U77/><E77/><V22/><F22/><N who="3" m="13791" /><G98/><T53/><D15/><U101/><E101/><V7/><F7/><W122/><G122/><T57/><D68/><U39/><E39/><V121/><F121/><W50/><G29/><T133/><D87/><U18/><E18/><V10/><F10/><W24/><G31/><T9/><D9/><U16/><E16/><V72/><F72/><W42/><G24/><T14/><D14/><U104/><E104/><V62/><F79/><W120/><G120/><T26/><D26/><U117/><E117/><RYUUKYOKU ba="1,0" sc="220,-15,260,15,260,-15,260,15" hai1="52,63,88,92,94,95,97" hai3="40,41,42,44,48,50,54,80,84,90" /><INIT seed="1,2,0,1,4,25" ten="205,275,245,275" oya="1" hai0="38,91,6,113,34,24,125,13,10,26,119,72,43" hai1="88,81,46,102,9,66,103,97,20,60,2,108,32" hai2="82,1,63,69,101,18,106,87,76,134,131,55,84" hai3="8,59,130,79,40,77,123,100,37,4,116,86,64" shuffle="mt19937ar,D1558105,E4E5A0A1,7B281CD8,3356B606,A65DA5A0,60070591,7324CD49,4E1AF415"/><U50/><E32/><V57/><F1/><W17/><G123/><T129/><D72/><U78/><E108/><V30/><F131/><W58/><G130/><T48/><D129/><U83/><E20/><V39/><F39/><W71/><G116/><T90/><D119/><U93/><E9/><V14/><F134/><W80/><G100/><T115/><D38/><U35/><E35/><V52/><F69/><W94/><G79/><T12/><D125/><U0/><E0/><V74/><F55/><W133/><G133/><T15/><D34/><U126/><E2/><V47/><F47/><W61/><G94/><T45/><D113/><U89/><E103/><V29/><F74/><W70/><G17/><T109/><D115/><U114/><E126/><V67/><F67/><W105/><G105/><T42/><D42/><U107/><E114/><V75/><F75/><W110/><G110/><T3/><D109/><U54/><E78/><N who="2" m="46167" /><F101/><W98/><G71/><T118/><D118/><U104/><E104/><V122/><F106/><W95/><G37/><T51/><D48/><U36/><E36/><V19/><F122/><W44/><G40/><T85/><REACH who="0" step="1"/><D85/><REACH who="0" step="2"/><U33/><E33/><V56/><F87/><W5/><G86/><T27/><AGARI ba="2,1" hai="3,6,10,12,13,15,24,26,27,43,45,51,90,91" machi="27" ten="30,4000,0" yaku="1,1,2,1,0,1,53,0" doraHai="25" doraHaiUra="124" who="0" fromWho="0" sc="195,56,275,-22,245,-12,275,-12" /><INIT seed="2,0,0,4,1,103" ten="251,253,233,263" oya="2" hai0="68,65,98,42,30,28,54,58,51,63,40,99,35" hai1="6,47,133,102,107,0,66,105,120,57,108,60,87" hai2="89,59,114,36,32,44,7,27,76,83,84,12,33" hai3="67,46,16,110,132,115,127,15,77,134,128,14,100" shuffle="mt19937ar,14B90DF0,4000D08A,8509C8D3,A98F3691,D49D3A9A,E9BBCE75,C715D897,B31197AC"/><V73/><F114/><W129/><G115/><T79/><D79/><U88/><E102/><V123/><F123/><W2/><G2/><T69/><D69/><U3/><E120/><V96/><F59/><W93/><G77/><T71/><D71/><U72/><E72/><V113/><F113/><W94/><G110/><T39/><D42/><U61/><E108/><V26/><F33/><W64/><G46/><N who="0" m="23839" /><D35/><U124/><E0/><V41/><F32/><W25/><G25/><T86/><D86/><U52/><E124/><V118/><F118/><W43/><G43/><T50/><D51/><U11/><E133/><N who="3" m="51306" /><G100/><T29/><AGARI ba="0,0" hai="28,29,30,50,54,58,63,65,68,98,99" m="23839" machi="29" ten="30,1100,0" yaku="24,1" doraHai="103" who="0" fromWho="0" sc="251,11,253,-3,233,-5,263,-3" /><INIT seed="3,0,0,0,0,28" ten="262,250,228,260" oya="3" hai0="8,129,44,71,31,78,118,45,107,7,94,62,35" hai1="70,93,98,121,79,127,51,135,41,50,133,9,12" hai2="105,11,119,96,90,37,89,24,88,20,25,122,106" hai3="115,15,29,26,92,14,0,61,6,108,112,65,73" shuffle="mt19937ar,0FB76F52,F0AB7C1D,692A301A,D98F2483,C953245D,9E539A80,12142EDF,116C0E59"/><W46/><G73/><T74/><D118/><U36/><E70/><V128/><F119/><W116/><G116/><T10/><D94/><U110/><E121/><V22/><F37/><W80/><G108/><T100/><D78/><U56/><E110/><V33/><F122/><W2/><G80/><T59/><D74/><U117/><E117/><V75/><F75/><W18/><G46/><T1/><D10/><U17/><E79/><V86/><F128/><W13/><G92/><T124/><D129/><U101/><E127/><V77/><F11/><N who="3" m="4343" /><G61/><T48/><D124/><U38/><E41/><V67/><F67/><W69/><G65/><N who="0" m="41399" /><D59/><U76/><E76/><V23/><F96/><W4/><G69/><T21/><D21/><U53/><E50/><V95/><F95/><W132/><G132/><AGARI ba="0,0" hai="9,12,17,36,38,51,53,56,93,98,101,132,133,135" machi="132" ten="40,1300,0" yaku="20,1" doraHai="28" who="1" fromWho="3" sc="262,0,250,13,228,0,260,-13" /><INIT seed="4,0,0,1,1,8" ten="262,263,228,247" oya="0" hai0="78,134,69,17,22,104,82,34,120,85,86,121,65" hai1="112,87,37,12,77,117,116,63,132,1,115,4,102" hai2="100,3,24,94,46,107,39,59,50,33,35,114,133" hai3="92,38,109,15,31,28,2,93,48,0,60,25,113" shuffle="mt19937ar,C7E43106,564C5C4F,F90D9CA8,BA1F3F54,D07423CE,3F6E64D4,AB67F941,1F014541"/><T10/><D34/><U90/><E132/><V61/><F3/><W89/><G38/><T103/><D10/><N who="1" m="4167" /><E1/><V73/><F73/><W110/><G60/><T79/><D134/><U43/><E102/><V99/><F133/><W52/><G113/><N who="1" m="43594" /><E77/><V57/><F114/><W23/><G31/><T80/><D65/><U9/><E63/><V42/><F107/><W127/><G127/><T75/><D75/><U123/><E9/><V81/><F81/><W21/><G0/><T27/><D69/><U108/><E108/><V62/><F39/><W29/><G2/><T6/><D6/><U96/><E96/><AGARI ba="0,0" hai="17,22,27,78,79,80,82,85,86,96,103,104,120,121" machi="96" ten="40,2000,0" yaku="9,1" doraHai="8" who="0" fromWho="1" sc="262,20,263,-20,228,0,247,0" /><INIT seed="4,1,0,3,1,52" ten="282,243,228,247" oya="0" hai0="2,87,13,45,66,40,117,4,103,92,123,112,6" hai1="51,106,108,0,30,90,43,60,76,113,107,115,84" hai2="8,16,133,29,9,69,28,70,56,58,47,93,19" hai3="83,27,77,59,110,33,12,88,95,102,79,105,38" shuffle="mt19937ar,AAE97F14,76786210,2D97453E,B4F22EC2,ABD68346,12A43C3B,F0AC788B,022D65C6"/><T41/><D117/><U114/><E108/><V3/><F93/><W127/><G38/><T17/><D123/><U65/><E76/><V132/><F47/><W71/><G71/><T34/><D34/><U25/><E0/><AGARI ba="1,0" hai="0,3,8,9,16,19,28,29,56,58,69,70,132,133" machi="0" ten="25,8000,1" yaku="22,2,52,2,54,1" doraHai="52" who="2" fromWho="1" sc="282,0,243,-83,228,83,247,0" owari="282,3,160,-24,311,31,247,-10" /></mjloggm>