<mjloggm ver="2.3"><GO type="185"/><UN n0="%E7%A5%9E%E3%80%85%E3%82%AF%E3%83%A9%E3%82%B9" n1="%E3%81%82%E3%81%90%E3%82%89" n2="%E3%81%9F%E3%82%80%E3%81%A8%E3%83%BC" n3="" dan="17,16,16,0" rate="2172,2088,2138,1500" sx="M,M,M,C"/><TAIKYOKU oya="0"/><INIT seed="0,0,0,0,3,90" ten="350,350,350,0" oya="0" hai0="67,95,61,88,94,38,36,113,3,81,40,119,71" hai1="48,35,111,85,83,59,50,133,45,100,89,0,122" hai2="41,134,68,55,107,104,115,80,79,101,135,1,86" hai3="" shuffle="mt19937ar,F225C42A,1F233E6E,D8F7C115,9BDE5FED,83DEB6A1,5A3A80BB,59086448,482BB3C4"/><T112/><D3/><U54/><N who="1" m="31264" /><U124/><E0/><V70/><F1/><T106/><D106/><U125/><E35/><V99/><F115/><T73/><D119/><U32/><E32/><V93/><F41/><T75/><D95/><U72/><E133/><N who="2" m="50699" /><F55/><T39/><D40/><U132/><E132/><V66/><F66/><T47/><D47/><U108/><E100/><V78/><F78/><T84/><REACH who="0" step="1"/><D81/><REACH who="0" step="2"/><U34/><E34/><V57/><F57/><T46/><D46/><U44/><E59/><V114/><F114/><AGARI ba="0,1" hai="36,38,39,61,67,71,73,75,84,88,94,112,113,114" machi="114" ten="50,9600,0" yaku="1,1,52,1,54,1,53,0" doraHai="90" doraHaiUra="53" who="0" fromWho="2" sc="340,106,350,0,350,-96,0,0" /><INIT seed="0,1,0,2,5,65" ten="446,350,254,0" oya="0" hai0="109,81,124,51,38,135,49,50,102,44,57,1,91" hai1="89,64,129,66,36,56,82,46,62,33,94,101,73" hai2="88,95,77,47,52,125,76,71,122,60,110,121,54" hai3="" shuffle="mt19937ar,D050C80E,A67EEB9A,8B783F5A,21924555,63BFCF59,CC8912A8,76210568,A3826BCD"/><T93/><D1/><U126/><E33/><V118/><N who="2" m="31008" /><V85/><N who="2" m="31264" /><V92/><F110/><T105/><D109/><U120/><N who="1" m="30752" /><U70/><E129/><V108/><F108/><T114/><D114/><U53/><E126/><V132/><F125/><T55/><D135/><U35/><E35/><V72/><F132/><T103/><D81/><U0/><E0/><V133/><F133/><T42/><D124/><U130/><E130/><V107/><F107/><T48/><REACH who="0" step="1"/><D105/><REACH who="0" step="2"/><U45/><E82/><V3/><F3/><T113/><D113/><U128/><E128/><V75/><F118/><T123/><N who="0" m="31520" /><T2/><D2/><U41/><E73/><V134/><F75/><T117/><D117/><U61/><E101/><V90/><F72/><T86/><AGARI ba="1,1" hai="38,42,44,48,49,50,51,55,57,86,91,93,102,103" m="31520" machi="86" ten="30,4000,0" yaku="1,1,0,1,52,1,53,0" doraHai="65" doraHaiUra="58" who="0" fromWho="0" sc="436,52,350,-21,254,-21,0,0" /><INIT seed="0,2,0,1,2,130" ten="488,329,233,0" oya="0" hai0="92,121,78,61,125,72,93,135,77,109,97,1,69" hai1="131,103,95,123,85,124,126,94,42,128,63,37,106" hai2="58,129,73,38,84,91,2,45,3,89,68,65,44" hai3="" shuffle="mt19937ar,651D6193,CD8B8CBF,4D744DFC,E3FDBDC9,81CCE77F,339A0F2A,0F8785E7,ADAA610A"/><T70/><N who="0" m="31008" /><T116/><D1/><U34/><N who="1" m="31520" /><U41/><E34/><V101/><F73/><T83/><D116/><U111/><E106/><V119/><F119/><T54/><D125/><N who="1" m="48235" /><E63/><V32/><F32/><T80/><D109/><U71/><E71/><V33/><F33/><T0/><D0/><U82/><E111/><V75/><F75/><T35/><D35/><U105/><E105/><V127/><F38/><T76/><D76/><U117/><E117/><V56/><F68/><T115/><D115/><U113/><E103/><V47/><F129/><N who="1" m="49737" /><E37/><V40/><F127/><T81/><D69/><U107/><E107/><V43/><F101/><T96/><D72/><U57/><E57/><V98/><F45/><T120/><D70/><U132/><E113/><V79/><F56/><T122/><D122/><U67/><E67/><V118/><F58/><T112/><D112/><U134/><E42/><V55/><F65/><T114/><D114/><U74/><E74/><V59/><F59/><T99/><D61/><U46/><E46/><V50/><F118/><T39/><D39/><U133/><E41/><V51/><F43/><T90/><D120/><U110/><E110/><V48/><F40/><T49/><D54/><U104/><E104/><RYUUKYOKU ba="2,0" sc="488,-10,329,20,233,-10,0,0" hai1="82,85,94,95,132,133,134" /><INIT seed="1,3,0,0,4,134" ten="478,349,223,0" oya="1" hai0="57,126,91,74,73,120,65,52,99,106,118,108,0" hai1="109,117,67,68,53,87,85,81,61,40,54,107,34" hai2="44,48,49,121,82,114,104,129,133,127,101,51,132" hai3="" shuffle="mt19937ar,0B0B5EBC,A5AA1337,CC08CF64,C60B6FB6,2A07023C,80C7F040,272BAB68,07C540EB"/><U75/><E117/><V123/><N who="2" m="31008" /><V62/><N who="2" m="31520" /><V46/><F104/><T71/><N who="0" m="30752" /><T77/><D0/><U122/><N who="1" m="31264" /><U70/><E34/><V1/><F101/><T124/><D118/><U110/><E40/><V125/><F1/><T128/><D128/><U56/><E107/><V111/><F82/><T79/><D108/><N who="1" m="41579" /><E75/><V100/><F100/><T119/><D73/><U32/><E32/><V60/><F111/><T33/><D33/><U42/><E42/><V131/><F114/><T50/><D74/><U86/><E81/><V130/><F60/><T63/><D119/><U39/><E39/><V72/><F62/><T116/><D116/><U2/><E2/><V64/><F64/><T47/><D106/><U83/><E83/><V69/><F69/><AGARI ba="3,0" hai="53,54,56,61,67,68,69,70,85,86,87" m="41579,31264" machi="69" ten="40,7700,0" yaku="14,1,10,1,52,1" doraHai="134" who="1" fromWho="2" sc="478,0,349,83,223,-83,0,0" /><INIT seed="1,4,0,1,5,68" ten="478,432,140,0" oya="1" hai0="100,124,104,37,130,101,34,82,1,90,91,87,129" hai1="3,44,86,33,112,73,51,60,111,40,122,109,102" hai2="116,63,45,39,75,56,117,35,66,89,64,46,115" hai3="" shuffle="mt19937ar,1D78BA1E,D9B8CD15,0E7C3F0B,F85CE272,B0468296,5A4EA4A0,162BDF5E,7F6B5773"/><U98/><N who="1" m="31264" /><U41/><E112/><V71/><F35/><T105/><D1/><U80/><E73/><V53/><F75/><T135/><D34/><U2/><E60/><V65/><F89/><T94/><D124/><U95/><E40/><V121/><N who="2" m="31008" /><V83/><F83/><T132/><D37/><U106/><E33/><V69/><F115/><T54/><D54/><U38/><E95/><V72/><F72/><T77/><D91/><U67/><E67/><V123/><N who="2" m="31520" /><V131/><F131/><N who="0" m="50186" /><D101/><U119/><E38/><V108/><F108/><N who="1" m="41545" /><E119/><N who="2" m="45643" /><F45/><T61/><D61/><U79/><AGARI ba="4,0" hai="2,3,41,44,51,79,80,86,98,102,106" m="41545,31264" machi="79" ten="30,4000,0" yaku="14,1,10,1,52,1" doraHai="68" who="1" fromWho="1" sc="478,-24,432,48,140,-24,0,0" /><INIT seed="1,5,0,0,4,118" ten="454,480,116,0" oya="1" hai0="67,49,120,33,95,89,48,106,32,51,99,38,80" hai1="37,54,97,119,113,3,133,53,73,132,102,40,110" hai2="75,135,59,43,93,2,129,131,125,76,79,112,83" hai3="" shuffle="mt19937ar,285644A4,ED823AD3,C1C0BB68,D7EDE9C7,D03645E4,44CD325A,A5DC9635,7B6BC918"/><U45/><E119/><V116/><F2/><T69/><N who="0" m="30752" /><T64/><D38/><U62/><E3/><V71/><F71/><T60/><D106/><U72/><E113/><V68/><F68/><T78/><REACH who="0" step="1"/><D64/><REACH who="0" step="2"/><U61/><E37/><V101/><F116/><T63/><D63/><U39/><E39/><V70/><F129/><T52/><D52/><U117/><E117/><V34/><F131/><T94/><D94/><U98/><E40/><V127/><F93/><T114/><D114/><U81/><E54/><V85/><F112/><T103/><D103/><U50/><E102/><V1/><F101/><T47/><D47/><U77/><E62/><V115/><F115/><T36/><D36/><U46/><E61/><V90/><F1/><T109/><D109/><U82/><E110/><V65/><F65/><T111/><D111/><U42/><E53/><V66/><F66/><T57/><D57/><U84/><E42/><V96/><F59/><T35/><D35/><U86/><E50/><V126/><F43/><T0/><D0/><U130/><E130/><V92/><F92/><T122/><N who="0" m="31264" /><T100/><D100/><U74/><E45/><V123/><F34/><T134/><D134/><N who="1" m="51819" /><E46/><V41/><N who="2" m="31520" /><V104/><F135/><RYUUKYOKU ba="5,1" sc="444,10,480,10,116,-20,0,0" hai0="32,33,48,49,51,60,67,69,78,80,89,95,99" hai1="72,73,74,77,81,82,84,86,97,98" /><INIT seed="1,6,1,3,0,86" ten="454,490,96,0" oya="1" hai0="128,111,0,110,36,47,91,93,73,68,46,84,135" hai1="70,125,37,99,85,130,100,98,116,118,114,33,48" hai2="87,112,69,94,43,102,71,35,59,83,81,117,88" hai3="" shuffle="mt19937ar,6362EEA3,04A28CA6,2E59857A,2B076B8E,D875B58F,2C1D5062,3D3D5D86,2B135948"/><U115/><E37/><V103/><F35/><T92/><D0/><U39/><E39/><V121/><F117/><T80/><D68/><U63/><E33/><V57/><F69/><T42/><D135/><U90/><E48/><V76/><F71/><T95/><D128/><U1/><E1/><V45/><N who="2" m="31008" /><V32/><F32/><T66/><D66/><U61/><E70/><V119/><F119/><T64/><D64/><U89/><E85/><V75/><F112/><T123/><N who="0" m="31520" /><T107/><D107/><U127/><E100/><V50/><REACH who="2" step="1"/><F83/><REACH who="2" step="2"/><T78/><REACH who="0" step="1"/><D46/><REACH who="0" step="2"/><U97/><E118/><V72/><F72/><T104/><D104/><U67/><E116/><V44/><F44/><T62/><D62/><U129/><E63/><V58/><AGARI ba="6,3" hai="43,45,50,57,58,59,75,76,81,87,88,94,102,103" m="31008" machi="58" ten="30,9000,2" yaku="1,1,0,1,52,2,54,1,53,1" doraHai="86" doraHaiUra="77" who="2" fromWho="2" sc="444,-36,490,-66,86,132,0,0" /><INIT seed="2,0,0,3,4,106" ten="408,424,218,0" oya="2" hai0="59,93,122,92,40,76,109,49,56,132,48,124,35" hai1="38,133,77,85,103,119,121,107,72,74,120,99,73" hai2="89,80,79,46,47,113,43,94,105,90,34,115,82" hai3="" shuffle="mt19937ar,AE7A8907,6A1C73C7,A5A2953A,F72213AC,163B3575,486F7C5F,5BBEC423,EB8948F3"/><V68/><F34/><T104/><N who="0" m="31264" /><T60/><D104/><U37/><N who="1" m="30752" /><U88/><N who="1" m="31008" /><U67/><E67/><V91/><F105/><T97/><D35/><U130/><E77/><V65/><F94/><T63/><D76/><U102/><E102/><V70/><F80/><T41/><D109/><U116/><E133/><V134/><F134/><T1/><D132/><U108/><E108/><V117/><F117/><N who="1" m="45129" /><E130/><V33/><F33/><T112/><D124/><U114/><E114/><V78/><F78/><T101/><D112/><U32/><E32/><V127/><F127/><T36/><D101/><U118/><N who="1" m="45137" /><U45/><DORA hai="53" /><E45/><V54/><F47/><T123/><N who="0" m="31520" /><T42/><D42/><U95/><AGARI ba="0,0" hai="37,38,72,73,74,85,88,95,99,103,107" m="45137,31008,30752" machi="95" ten="50,9000,2" yaku="12,1,52,5,54,1" doraHai="106,53" who="1" fromWho="1" sc="408,-30,424,90,218,-60,0,0" /><INIT seed="4,0,0,3,5,2" ten="378,514,158,0" oya="0" hai0="82,76,133,105,42,37,69,53,51,46,88,72,97" hai1="92,77,122,85,104,119,124,110,106,131,50,129,99" hai2="87,125,45,135,86,128,117,100,54,49,73,33,48" hai3="" shuffle="mt19937ar,7CFFC68C,07761B7C,A7DD5732,19643DA1,0A84CAF8,6CA76E95,6A256C68,557EAA19"/><T44/><D133/><U127/><N who="1" m="31264" /><U34/><E50/><V68/><F73/><T116/><D116/><U83/><E119/><V121/><F117/><T39/><D69/><U43/><E43/><V118/><F118/><T126/><D126/><N who="1" m="48171" /><E34/><V91/><F125/><T61/><D105/><N who="1" m="40555" /><E110/><V47/><F68/><T130/><D130/><U112/><E112/><V98/><F128/><T58/><REACH who="0" step="1"/><D46/><REACH who="0" step="2"/><U80/><E80/><V90/><F135/><T109/><D109/><U71/><E71/><V62/><F33/><T78/><D78/><U113/><E113/><V60/><F121/><T107/><D107/><U41/><E41/><V102/><F54/><T84/><D84/><U103/><AGARI ba="0,1" hai="77,83,85,92,99,103,129,131" m="40555,48171,31264" machi="103" ten="40,6000,1" yaku="18,1,34,2,52,1" doraHai="2" who="1" fromWho="1" sc="368,-40,514,70,158,-20,0,0" /><INIT seed="5,0,0,1,3,41" ten="328,584,138,0" oya="1" hai0="44,110,74,79,81,132,131,68,78,126,97,60,73" hai1="115,63,53,86,1,96,92,98,85,95,56,127,33" hai2="76,52,35,42,54,99,108,89,59,0,75,77,121" hai3="" shuffle="mt19937ar,5B0E3A5D,62C6D77E,246FAA3A,63E1A8BF,BDCC5A45,7DECC1F7,BACB85D2,557E2AED"/><U70/><E1/><V90/><F0/><T104/><D110/><U134/><E33/><V107/><F35/><T71/><D131/><U2/><E2/><V82/><F108/><T106/><D126/><U109/><E109/><V117/><F117/><T40/><D132/><U112/><E70/><V43/><N who="2" m="31008" /><V119/><F119/><T32/><D32/><U69/><E69/><V135/><F135/><T105/><D97/><U124/><E134/><V50/><F76/><T72/><D60/><U88/><E86/><V34/><F34/><T45/><D40/><U47/><E47/><V46/><F89/><T91/><D74/><U120/><N who="1" m="30752" /><U80/><E95/><V111/><F111/><T58/><D106/><U133/><E133/><V36/><F36/><T65/><D91/><U101/><E98/><V128/><F128/><T39/><D39/><U57/><E56/><V49/><REACH who="2" step="1"/><F90/><REACH who="2" step="2"/><T62/><D78/><U37/><E37/><V64/><F64/><T48/><D65/><U125/><AGARI ba="0,1" hai="53,57,63,80,85,88,92,96,101,112,115,124,125,127" m="30752" machi="125" ten="40,8000,1" yaku="0,1,18,1,52,1,54,1" doraHai="41" who="1" fromWho="1" sc="328,-40,584,90,128,-40,0,0" /><INIT seed="5,1,0,2,2,100" ten="288,674,88,0" oya="1" hai0="123,92,112,81,48,68,54,117,83,102,61,125,113" hai1="72,62,45,126,97,118,134,115,105,65,124,96,60" hai2="34,76,106,71,120,90,99,75,82,84,101,119,95" hai3="" shuffle="mt19937ar,7DE172C2,3F2DE209,7A2FC94E,C10908DF,C8FC2024,59AD122A,FF574A53,424875D4"/><U51/><E118/><V59/><F71/><T77/><N who="0" m="31520" /><T108/><D108/><U50/><E72/><V46/><F34/><T122/><N who="0" m="31264" /><T131/><D117/><U133/><E45/><V109/><F119/><T78/><D131/><U110/><E65/><V130/><N who="2" m="30752" /><V93/><F59/><T128/><D128/><U94/><E94/><V127/><F130/><T114/><D125/><U88/><E88/><V33/><F33/><T73/><D61/><U116/><E116/><V80/><F46/><T1/><D68/><U32/><E32/><V53/><F53/><T49/><D1/><U57/><E57/><V103/><F109/><T56/><D48/><U69/><E69/><V37/><F37/><T2/><D2/><U107/><E110/><V111/><F111/><T47/><D47/><U66/><E66/><V70/><F70/><T35/><D35/><U121/><N who="1" m="31008" /><U86/><E86/><V89/><F127/><T36/><D56/><U104/><E107/><V43/><F43/><T87/><D87/><U63/><E63/><V52/><F52/><T42/><D54/><U58/><E58/><V44/><F44/><T74/><D42/><U132/><E132/><V98/><F89/><T85/><D49/><RYUUKYOKU ba="1,0" sc="288,-20,674,10,88,10,0,0" hai1="50,51,60,62,96,97,104,105,115,124,126,133,134" hai2="75,76,80,82,84,90,93,95,98,99,101,103,106" /><INIT seed="5,2,0,4,0,118" ten="268,684,98,0" oya="1" hai0="63,100,32,122,97,123,52,105,117,110,72,47,134" hai1="121,99,106,133,73,120,36,82,53,57,49,71,54" hai2="84,78,130,35,42,102,80,3,90,116,34,51,101" hai3="" shuffle="mt19937ar,B0DE9200,D85BD907,227B34E3,A2B763A6,1E194CB1,8343B897,7814120C,1508F095"/><U91/><N who="1" m="30752" /><U95/><N who="1" m="31008" /><U119/><E119/><V135/><F3/><T83/><N who="0" m="31264" /><T62/><N who="0" m="31520" /><T104/><D32/><U127/><E36/><V58/><F116/><T37/><D117/><U85/><E71/><V60/><F130/><T38/><D110/><U1/><E133/><V103/><F135/><T93/><D134/><U55/><E127/><V79/><F34/><T69/><D69/><U61/><E61/><V65/><REACH who="2" step="1"/><F35/><REACH who="2" step="2"/><T33/><D33/><U125/><E1/><V48/><F48/><T113/><D38/><U131/><E49/><V40/><F40/><T74/><D37/><U128/><E128/><V0/><F0/><T50/><D63/><U76/><E131/><V132/><F132/><T43/><D62/><U96/><E125/><V45/><AGARI ba="2,1" hai="42,45,51,58,60,65,78,79,80,84,90,101,102,103" machi="45" ten="30,3000,0" yaku="1,1,0,1,8,1,53,0" doraHai="118" doraHaiUra="94" who="2" fromWho="2" sc="268,-12,684,-22,88,44,0,0" /><INIT seed="6,0,0,3,4,38" ten="256,662,132,0" oya="2" hai0="80,63,66,69,65,87,106,126,95,53,81,108,54" hai1="72,119,36,37,57,34,127,83,94,134,50,128,40" hai2="135,43,49,1,70,90,123,64,89,124,58,111,0" hai3="" shuffle="mt19937ar,56D0215B,E099E783,7593F3C0,17E0B973,3FB03B16,1CEBF4E4,F1C3F5D5,907C9454"/><V61/><N who="2" m="31520" /><V82/><F135/><T97/><D106/><U85/><E34/><V121/><N who="2" m="31008" /><V88/><F124/><T122/><N who="0" m="31264" /><T107/><D107/><U91/><E119/><V44/><F111/><T100/><D108/><U59/><E128/><V62/><REACH who="2" step="1"/><F82/><REACH who="2" step="2"/><T112/><D126/><U79/><E127/><V51/><F51/><T52/><D112/><U110/><E110/><V47/><F47/><T98/><D81/><U45/><E134/><V3/><F3/><T105/><D80/><U35/><E35/><V60/><F60/><T33/><D63/><U92/><E36/><V133/><F133/><T113/><D33/><U48/><E37/><V96/><F96/><T132/><D113/><U74/><E50/><V39/><F39/><T99/><D132/><U75/><E48/><V115/><F115/><T102/><D98/><U68/><E45/><V56/><F56/><T120/><D99/><U55/><E59/><V76/><F76/><T41/><D97/><U77/><E77/><V67/><AGARI ba="0,1" hai="0,1,43,44,49,58,61,62,64,67,70,88,89,90" m="31008,31520" machi="67" ten="30,12000,2" yaku="1,1,0,1,52,3,54,1,53,0" doraHai="38" doraHaiUra="130" who="2" fromWho="2" sc="256,-60,662,-60,122,130,0,0" /><INIT seed="6,1,0,1,4,109" ten="196,602,252,0" oya="2" hai0="102,45,50,126,34,61,81,131,91,118,53,103,60" hai1="52,64,76,79,1,93,84,77,75,130,80,106,57" hai2="33,90,58,134,108,94,117,43,97,92,32,82,47" hai3="" shuffle="mt19937ar,0496A4AC,E6378CF5,61EF8755,CAEE3D30,EADD4EDF,6A38143C,50789E64,A1B92B1B"/><V38/><F117/><T114/><D34/><U73/><E106/><V98/><F108/><T133/><D118/><U107/><E107/><V54/><F82/><T113/><D131/><U46/><E130/><V51/><REACH who="2" step="1"/><F134/><REACH who="2" step="2"/><T101/><D133/><U3/><E80/><V63/><F63/><T95/><D81/><U99/><E1/><V111/><F111/><T88/><D126/><U96/><E3/><V132/><F132/><T135/><D135/><U119/><E119/><V66/><F66/><T72/><D72/><U71/><E75/><V70/><F70/><T37/><D37/><U104/><E73/><V123/><N who="2" m="31520" /><V41/><F41/><T78/><D78/><U105/><E77/><V85/><F85/><T87/><REACH who="0" step="1"/><D91/><AGARI ba="1,1" hai="32,33,38,43,47,51,54,58,90,91,92,94,97,98" m="31520" machi="91" ten="30,12000,1" yaku="1,1,7,1,9,1,52,1,53,1" doraHai="109" doraHaiUra="39" who="2" fromWho="0" sc="196,-122,602,0,242,132,0,0" /><INIT seed="6,2,0,5,1,63" ten="74,602,374,0" oya="2" hai0="78,113,109,134,111,130,115,38,85,67,72,121,57" hai1="33,99,34,86,103,122,53,90,46,42,58,32,64" hai2="36,124,87,131,1,75,69,83,95,104,127,129,45" hai3="" shuffle="mt19937ar,4D80B021,6DF4FCA7,DD455C36,901A5DE6,6D4378EA,F9D36BE0,0EFDA32E,CA7C2C29"/><V70/><F1/><T40/><D85/><U77/><E77/><V133/><F104/><T119/><D78/><U73/><E73/><V60/><F75/><T2/><D57/><U91/><E64/><V123/><N who="2" m="31520" /><V110/><F110/><T101/><D40/><U120/><N who="1" m="30752" /><U49/><E86/><V108/><F108/><T55/><D55/><U102/><N who="1" m="31264" /><U39/><REACH who="1" step="1"/><E103/><REACH who="1" step="2"/><V118/><F87/><T81/><D101/><U88/><E88/><V128/><F128/><T135/><D67/><U82/><E82/><V117/><F131/><T62/><D81/><U59/><E59/><V93/><F129/><T97/><D111/><U114/><E114/><V107/><F83/><T35/><D115/><U68/><E68/><V54/><F69/><T65/><D65/><U96/><E96/><V44/><F70/><T112/><D97/><U92/><AGARI ba="2,1" hai="32,33,34,39,42,46,49,53,58,90,91,92,99,102" m="31264,30752" machi="92" ten="30,6000,1" yaku="1,1,0,1,52,2,53,1" doraHai="63" doraHaiUra="50" who="1" fromWho="1" sc="74,-22,592,74,374,-42,0,0" owari="52,-55,666,62,332,-7,0,0" /></mjloggm>