<mjloggm ver="2.3"><GO type="185"/><UN n0="%EF%BC%BC%28%EF%BC%BE%6F%EF%BC%BE%29%EF%BC%8F%E2%98%85" n1="%E7%B1%B3%E5%85%89%E5%80%B6%E6%A5%BD%E9%83%A8" n2="%E4%B8%89%E7%94%B0%E6%9D%91%E8%8C%9C" n3="" dan="17,16,17,0" rate="2169,2182,2183,1500" sx="M,F,F,C"/><TAIKYOKU oya="0"/><INIT seed="0,0,0,3,5,77" ten="350,350,350,0" oya="0" hai0="32,38,2,50,79,53,114,89,41,129,119,64,33" hai1="92,70,125,68,118,122,75,103,130,104,74,42,101" hai2="134,34,67,96,71,135,40,47,58,113,120,56,3" hai3="" shuffle="mt19937ar,8C9BD147,13B4C930,BD43C3EC,BD8E53F9,A84DBCB6,0ADDB91D,14108A36,D9F35C9C"/><T84/><D2/><U65/><N who="1" m="31264" /><U60/><E104/><V97/><N who="2" m="30752" /><V87/><F3/><T78/><D114/><U106/><E106/><V100/><F34/><T85/><D119/><U66/><E118/><V126/><F113/><T105/><D105/><U94/><E42/><V116/><F100/><T127/><D64/><U69/><E125/><V102/><F102/><T111/><D127/><U61/><E69/><V133/><F116/><T43/><D129/><AGARI ba="0,0" hai="60,61,65,66,68,70,74,75,92,94,101,103,129,130" m="31264" machi="129" ten="25,3200,0" yaku="22,2,52,1" doraHai="77" who="1" fromWho="0" sc="350,-32,350,32,350,0,0,0" /><INIT seed="1,0,0,1,3,52" ten="318,382,350,0" oya="1" hai0="135,79,133,36,47,107,84,112,94,70,122,86,92" hai1="40,50,108,124,106,65,95,96,78,121,44,74,68" hai2="73,114,131,80,115,3,98,48,76,46,61,41,102" hai3="" shuffle="mt19937ar,5A943C59,D8BFDC41,B54CF459,C7AF4A96,30D51951,D297F398,651C98B1,996A6DF5"/><U59/><N who="1" m="31008" /><U54/><E106/><V63/><F3/><T90/><N who="0" m="31264" /><T1/><D1/><U53/><E124/><V62/><REACH who="2" step="1"/><F131/><REACH who="2" step="2"/><T123/><N who="0" m="31520" /><T88/><D112/><U125/><E125/><V91/><F91/><T87/><D107/><AGARI ba="0,1" hai="41,46,48,61,62,63,73,76,80,98,102,107,114,115" machi="107" ten="40,1300,0" yaku="1,1,53,0" doraHai="52" doraHaiUra="35" who="2" fromWho="0" sc="318,-13,382,0,340,23,0,0" /><INIT seed="2,0,0,2,2,100" ten="305,382,363,0" oya="2" hai0="112,48,101,74,121,33,123,70,3,109,45,78,76" hai1="81,84,98,63,119,118,83,124,71,39,61,58,110" hai2="108,94,127,42,46,51,41,50,73,56,115,93,49" hai3="" shuffle="mt19937ar,10DB0862,63C3DBBF,286D9643,7C10A131,F50CE904,11787491,23F5B5DF,32F1002B"/><V113/><F73/><T62/><N who="0" m="31008" /><T114/><N who="0" m="31520" /><T75/><D33/><U96/><E39/><V131/><F127/><T80/><D3/><U102/><E124/><V133/><F133/><T87/><D101/><U69/><E110/><V107/><F108/><T97/><D109/><U105/><E96/><V36/><F131/><T40/><D97/><U122/><N who="1" m="31264" /><U129/><E129/><V106/><F56/><T59/><D70/><U0/><E81/><V67/><F67/><T99/><D99/><U60/><E58/><V43/><F46/><T111/><D111/><U44/><E44/><V34/><F36/><T64/><REACH who="0" step="1"/><D78/><REACH who="0" step="2"/><U104/><E0/><V37/><F37/><T79/><D79/><U130/><E130/><V52/><F34/><T126/><D126/><U134/><E134/><V132/><F132/><T66/><D66/><U35/><E35/><V77/><F77/><T38/><D38/><U117/><E105/><N who="2" m="39947" /><F52/><T86/><D86/><U92/><E104/><V53/><F53/><T72/><AGARI ba="0,1" hai="40,45,48,59,62,64,72,74,75,76,80,87,112,114" m="31520,31008" machi="72" ten="40,6000,1" yaku="1,1,0,1,52,2,53,1" doraHai="100" doraHaiUra="57" who="0" fromWho="0" sc="295,70,382,-20,363,-40,0,0" /><INIT seed="4,0,0,1,0,82" ten="365,362,323,0" oya="0" hai0="38,102,44,94,61,131,84,65,41,75,53,48,123" hai1="68,115,36,55,103,90,99,105,116,85,59,87,117" hai2="96,2,50,76,77,35,39,129,130,67,104,120,46" hai3="" shuffle="mt19937ar,961A9BC1,56B5EAA8,24778DD5,72C646D5,997EB4C3,C9B4CB2A,C18A8186,2CD36B55"/><T106/><N who="0" m="31520" /><T32/><D32/><U43/><E68/><V42/><N who="2" m="30752" /><V57/><F2/><T62/><D75/><U40/><E115/><V112/><F35/><T127/><D127/><U135/><E135/><V33/><F33/><T107/><D131/><N who="2" m="50186" /><F112/><T88/><D102/><U124/><E124/><V133/><F133/><T118/><D118/><U92/><E87/><V69/><F69/><T134/><D134/><U52/><E55/><V58/><F67/><T66/><D65/><U47/><E40/><V3/><F3/><T51/><D51/><AGARI ba="0,0" hai="36,43,47,51,52,59,85,90,92,99,103,105,116,117" machi="51" ten="30,3900,0" yaku="7,1,52,1,54,1" doraHai="82" who="1" fromWho="0" sc="365,-39,362,39,323,0,0,0" /><INIT seed="5,0,0,4,1,34" ten="326,401,323,0" oya="1" hai0="82,116,67,51,83,32,98,70,121,101,69,102,88" hai1="44,89,120,45,132,104,72,79,38,127,75,35,106" hai2="63,81,128,37,80,92,40,71,91,109,62,64,103" hai3="" shuffle="mt19937ar,AA6B7D99,D773B913,32BD6AC0,314E1524,4A78F62C,4A4244D3,42F0A5E5,0875E690"/><U84/><N who="1" m="30752" /><U122/><N who="1" m="31264" /><U53/><E35/><V130/><F109/><T77/><D32/><U90/><E127/><V108/><F103/><T134/><N who="0" m="31008" /><T135/><D116/><U96/><E132/><N who="0" m="50729" /><D51/><U56/><E79/><V47/><F63/><T57/><D57/><U0/><E0/><V42/><F42/><T76/><D67/><U55/><E96/><V49/><F108/><T66/><D66/><U52/><E56/><V95/><F95/><T94/><D70/><U114/><E38/><V86/><REACH who="2" step="1"/><F37/><REACH who="2" step="2"/><T110/><D110/><U100/><E100/><N who="0" m="38505" /><D69/><U118/><E118/><V131/><AGARI ba="0,1" hai="40,47,49,62,64,71,80,81,86,91,92,128,130,131" machi="131" ten="30,5900,0" yaku="1,1,0,1,19,1,53,1" doraHai="34" doraHaiUra="59" who="2" fromWho="2" sc="326,-20,401,-39,313,69,0,0" /><INIT seed="6,0,0,0,2,72" ten="306,362,382,0" oya="2" hai0="95,130,123,48,36,94,117,134,133,122,112,77,59" hai1="121,73,70,96,90,38,118,116,66,89,75,76,84" hai2="40,54,43,113,103,114,135,61,83,60,56,109,32" hai3="" shuffle="mt19937ar,D3F2CA2A,448B32E7,CF8E9AF7,38288A04,20586148,1BE465A2,3C587488,5AC7CBE1"/><V85/><F32/><T2/><D2/><U68/><N who="1" m="31008" /><U125/><E38/><V93/><F109/><T105/><N who="0" m="31264" /><T104/><N who="0" m="31520" /><T78/><D36/><U80/><E125/><V126/><F126/><T74/><D117/><N who="1" m="45163" /><E66/><V86/><F135/><N who="0" m="51722" /><D130/><U87/><E96/><V35/><F35/><T33/><D33/><U50/><E50/><V69/><F69/><N who="1" m="26729" /><E90/><V131/><F131/><T39/><D39/><U106/><E106/><N who="0" m="41065" /><D112/><U55/><E55/><V49/><F114/><T127/><D127/><U100/><E100/><V101/><F103/><T81/><D77/><U41/><E41/><V108/><F108/><T46/><D59/><U132/><E132/><V0/><F0/><T115/><D115/><U57/><E57/><V98/><F113/><T97/><D97/><U107/><E107/><V67/><F40/><AGARI ba="0,0" hai="40,46,48,74,78,81,94,95" m="41065,51722,31520,31264" machi="40" ten="30,7700,0" yaku="20,1,52,3" doraHai="72" who="0" fromWho="2" sc="306,77,362,0,382,-77,0,0" /><INIT seed="8,0,0,0,4,43" ten="383,362,305,0" oya="0" hai0="96,84,80,2,105,98,93,111,117,51,39,33,104" hai1="57,3,92,99,79,115,102,118,133,129,95,120,90" hai2="46,76,65,0,81,47,88,40,66,121,38,72,89" hai3="" shuffle="mt19937ar,49EB6693,56826230,A3B2F890,B4B1AE05,407F86DA,0BB756A1,07E9BB52,75C7D052"/><T55/><D33/><U101/><N who="1" m="30752" /><U73/><E3/><V48/><N who="2" m="31008" /><V127/><F0/><T36/><D2/><U114/><E57/><V59/><F127/><T113/><D113/><N who="1" m="43019" /><E118/><V44/><F44/><T62/><D117/><U77/><E133/><V126/><F126/><T42/><D42/><U124/><E124/><V125/><F125/><T34/><D34/><U87/><E129/><V32/><F32/><T128/><D128/><U112/><E112/><V68/><F68/><T41/><D62/><U56/><E56/><V82/><F82/><T91/><D91/><U58/><E58/><V100/><F100/><N who="1" m="38505" /><E73/><V64/><REACH who="2" step="1"/><F59/><REACH who="2" step="2"/><T50/><D39/><U54/><E54/><AGARI ba="0,1" hai="38,40,46,47,48,54,64,65,66,72,76,81,88,89" m="31008" machi="54" ten="40,12000,2" yaku="1,1,2,1,52,3,54,1,53,0" doraHai="43" doraHaiUra="53" who="2" fromWho="1" sc="383,0,362,-120,295,130,0,0" owari="383,-2,242,-36,425,38,0,0" /></mjloggm>