<mjloggm ver="2.3"><GO type="185"/><UN n0="%E6%84%9F%E8%AC%9D%E3%81%A7%E3%81%99" n1="%E3%80%93%E3%81%84%E3%81%A1%E3%81%AF%E3%82%89%E3%80%93" n2="%E3%81%B5%E3%81%8F%EF%BC%A3%EF%BD%88%EF%BD%81%EF%BD%8E%E2%99%AA" n3="" dan="17,18,17,0" rate="2207,2252,2146,1500" sx="M,M,F,C"/><TAIKYOKU oya="0"/><INIT seed="0,0,0,4,2,81" ten="350,350,350,0" oya="0" hai0="52,130,60,59,126,46,70,127,65,79,72,54,119" hai1="117,124,45,61,105,133,116,43,91,55,94,113,99" hai2="51,34,123,63,108,103,109,64,87,121,128,49,36" hai3="" shuffle="mt19937ar,EBCEAF41,2B3864EF,1B33AFC0,B660C59C,CE47DFF4,AE90D6C8,7803618F,44AE6193"/><T97/><D119/><U111/><E111/><N who="2" m="42571" /><F36/><T122/><N who="0" m="31264" /><T134/><D97/><U83/><E133/><V38/><N who="2" m="31008" /><V100/><N who="2" m="31520" /><V114/><F38/><T98/><D134/><U92/><E105/><V37/><F37/><T41/><D98/><U75/><E113/><V88/><F114/><T115/><D115/><U68/><E124/><N who="0" m="47657" /><D130/><U2/><E2/><V86/><F86/><T77/><D70/><U132/><E132/><V3/><F3/><T89/><D89/><U39/><E68/><V67/><F67/><T118/><D118/><U48/><E117/><V85/><F85/><T78/><D72/><U129/><E129/><V102/><F128/><T0/><D0/><U44/><E116/><V82/><F34/><T76/><N who="0" m="19456" /><DORA hai="125" /><T131/><D131/><U93/><E75/><V58/><AGARI ba="0,0" hai="49,51,58,63,64,82,87,88,100,102,103" m="31520,31008,42571" machi="58" ten="30,6000,1" yaku="14,1,52,3,54,1" doraHai="81,125" who="2" fromWho="2" sc="350,-40,350,-20,350,60,0,0" /><INIT seed="1,0,0,2,4,98" ten="310,330,410,0" oya="1" hai0="88,83,116,101,120,102,95,70,125,60,110,84,52" hai1="64,121,63,87,94,36,81,69,68,107,129,124,72" hai2="74,61,37,134,104,56,1,130,78,54,106,67,59" hai3="" shuffle="mt19937ar,85A8683D,2B3ADCBA,44B93DCD,F176BCD5,4E9A21D6,22D7B8C3,0EBEF935,D41E6882"/><U112/><N who="1" m="31008" /><U127/><E107/><V92/><F1/><T128/><N who="0" m="30752" /><T43/><D116/><U82/><E112/><V105/><F134/><T76/><D128/><U38/><E129/><V49/><F37/><T51/><D110/><U50/><E94/><V111/><F111/><T58/><D125/><U119/><E119/><V66/><F130/><T35/><D35/><U2/><E50/><V79/><F74/><T97/><D70/><U77/><E2/><V113/><F113/><T41/><D41/><U135/><E69/><V86/><REACH who="2" step="1"/><F67/><REACH who="2" step="2"/><T90/><D90/><AGARI ba="0,1" hai="49,54,56,59,61,66,78,79,86,90,92,104,105,106" machi="90" ten="40,5200,0" yaku="1,1,2,1,53,1" doraHai="98" doraHaiUra="48" who="2" fromWho="0" sc="310,-52,330,0,400,62,0,0" /><INIT seed="2,0,0,1,2,114" ten="258,330,462,0" oya="2" hai0="38,60,41,115,104,55,79,51,72,1,89,66,94" hai1="102,112,65,121,36,39,113,106,109,57,88,56,91" hai2="100,128,125,122,73,71,99,96,80,70,111,42,127" hai3="" shuffle="mt19937ar,42E5C16A,A4F095F8,DAD69DAE,CA2A1C3B,99A1846A,DD97CB4C,1A762B2C,FBA064DC"/><V35/><N who="2" m="31264" /><V49/><F35/><T74/><D1/><U83/><N who="1" m="31008" /><U77/><E109/><V92/><F111/><T126/><D104/><U44/><E102/><V129/><F49/><T107/><D107/><U95/><E106/><V53/><F42/><T85/><D115/><U54/><E65/><V124/><F53/><T120/><N who="0" m="30752" /><T93/><D126/><U117/><E83/><V132/><F132/><T68/><D94/><U34/><E95/><V103/><F70/><T40/><D79/><U134/><E77/><V64/><F71/><T78/><D78/><U59/><E59/><V67/><F73/><T76/><D76/><U2/><E54/><V123/><N who="2" m="31520" /><V58/><F80/><T62/><D62/><U116/><E44/><V48/><F48/><T0/><D0/><U131/><E134/><V130/><F58/><T52/><D55/><U46/><E46/><V37/><F37/><T47/><D41/><U87/><E2/><V98/><F92/><T90/><D90/><U101/><E34/><V63/><F63/><T118/><D118/><U32/><E32/><V133/><F133/><T105/><D105/><U69/><E117/><V82/><F82/><T108/><D108/><U97/><E116/><RYUUKYOKU ba="0,0" sc="258,10,330,-20,462,10,0,0" hai0="38,40,47,51,52,60,66,68,72,74,85,89,93" hai2="64,67,96,98,99,100,103,124,125,127,128,129,130" /><INIT seed="2,1,0,3,2,91" ten="268,310,472,0" oya="2" hai0="53,118,106,41,109,112,116,115,67,111,129,77,124" hai1="66,114,36,130,74,72,103,100,38,131,60,99,133" hai2="73,45,134,85,64,88,52,79,122,83,82,132,92" hai3="" shuffle="mt19937ar,A6C217DE,CEFD96E9,AA197548,887E9230,C04BBA63,62A1CFB0,0B757C9C,814E35A7"/><V128/><N who="2" m="31264" /><V86/><F64/><T68/><D106/><U46/><E114/><N who="0" m="43561" /><D77/><U62/><E133/><N who="2" m="51307" /><F52/><T50/><D41/><U127/><E99/><V54/><F54/><T96/><D96/><U135/><E135/><V80/><F45/><T95/><D95/><U69/><E66/><V63/><F63/><T39/><D39/><U37/><E37/><V97/><F128/><T117/><D129/><U105/><E105/><V71/><F71/><T119/><D119/><U101/><E101/><V57/><F57/><T40/><D40/><U47/><REACH who="1" step="1"/><E127/><REACH who="1" step="2"/><V35/><F35/><T48/><D124/><U44/><E44/><V70/><F70/><AGARI ba="1,1" hai="36,38,46,47,60,62,69,70,72,74,100,103,130,131" machi="70" ten="25,3200,0" yaku="1,1,22,2,53,0" doraHai="91" doraHaiUra="87" who="1" fromWho="2" sc="268,0,300,44,472,-34,0,0" /><INIT seed="4,0,0,5,2,37" ten="268,344,438,0" oya="0" hai0="122,39,126,116,83,76,128,75,92,65,115,70,79" hai1="49,89,132,1,48,45,119,108,85,113,130,99,58" hai2="120,54,87,77,127,123,60,51,94,84,90,124,91" hai3="" shuffle="mt19937ar,42E50D74,FA5FB88D,6A389E49,197F1A2E,EF60F671,14151C09,65DCB3BE,6937EAF9"/><T80/><N who="0" m="31264" /><T93/><D116/><U36/><E119/><V38/><N who="2" m="30752" /><V107/><N who="2" m="31520" /><V88/><F38/><T112/><D39/><U34/><E34/><V97/><F60/><T62/><D128/><U135/><E36/><V118/><F118/><T105/><D105/><U103/><E1/><V81/><F107/><T131/><D131/><U53/><E130/><V67/><F67/><T68/><D68/><U102/><E108/><V44/><REACH who="2" step="1"/><F84/><REACH who="2" step="2"/><T95/><REACH who="0" step="1"/><D126/><AGARI ba="0,1" hai="44,51,54,77,81,87,88,90,91,94,97,124,126,127" m="31520,30752" machi="126" ten="40,12000,2" yaku="1,1,2,1,18,1,52,2,54,1,53,0" doraHai="37" doraHaiUra="64" who="2" fromWho="0" sc="268,-120,344,0,428,130,0,0" /><INIT seed="5,0,0,2,1,75" ten="148,344,558,0" oya="1" hai0="80,61,134,121,126,78,113,82,106,91,100,86,105" hai1="46,52,99,43,65,133,112,96,119,73,83,76,103" hai2="66,2,117,33,70,127,54,108,109,40,1,3,59" hai3="" shuffle="mt19937ar,4E01CEE9,C43D1678,EB224FB6,5D1F6079,3E04EF68,DE99864F,4339A9D9,9D8311F2"/><U118/><E112/><V67/><F33/><T102/><N who="0" m="31008" /><T64/><D113/><U0/><E0/><V115/><F115/><T101/><D64/><U128/><E128/><V62/><F117/><T49/><D61/><U135/><E65/><V123/><N who="2" m="31520" /><V111/><F127/><T51/><D49/><U93/><E52/><V39/><REACH who="2" step="1"/><F70/><REACH who="2" step="2"/><T32/><D32/><U122/><N who="1" m="31264" /><U35/><E35/><V132/><F132/><N who="1" m="50761" /><E99/><V81/><F81/><T79/><D134/><U34/><E34/><V89/><F89/><T98/><D51/><AGARI ba="0,1" hai="43,46,51,73,76,83,93,96,103,118,119" m="50761,31264" machi="51" ten="30,5800,0" yaku="20,1,52,2" doraHai="75" who="1" fromWho="0" sc="148,-58,344,68,548,0,0,0" /><INIT seed="5,1,0,4,3,32" ten="90,412,548,0" oya="1" hai0="75,86,120,124,125,2,121,96,93,103,133,130,0" hai1="94,74,76,37,70,113,122,53,114,69,112,135,58" hai2="38,51,91,116,88,50,64,3,48,60,90,115,80" hai3="" shuffle="mt19937ar,79AC7726,2D4F7EA1,8F77A2F0,7710ED79,C0BE8CC3,10E72A46,DFB7F3D5,DB7F5C5C"/><U95/><N who="1" m="31264" /><U34/><E34/><V61/><F38/><T42/><N who="0" m="30752" /><T59/><N who="0" m="31008" /><T99/><D75/><U119/><E119/><V89/><F116/><T97/><D133/><U104/><E104/><V73/><F115/><T81/><D130/><U55/><E37/><V92/><F3/><T110/><D110/><U39/><E39/><V49/><N who="2" m="12288" /><DORA hai="128" /><V98/><F73/><T57/><D42/><U44/><E44/><V85/><REACH who="2" step="1"/><F64/><REACH who="2" step="2"/><T52/><D103/><AGARI ba="1,1" hai="60,61,80,85,88,89,90,91,92,98,103" m="12288" machi="103" ten="50,8000,1" yaku="1,1,2,1,8,1,54,1,53,0" doraHai="32,128" doraHaiUra="107,108" who="2" fromWho="0" sc="90,-82,412,0,538,92,0,0" /><INIT seed="6,0,0,5,5,63" ten="8,412,630,0" oya="2" hai0="130,111,75,108,42,1,41,39,46,44,124,54,96" hai1="34,68,102,64,82,3,65,36,56,45,105,40,55" hai2="119,60,43,106,98,122,66,104,37,93,72,123,97" hai3="" shuffle="mt19937ar,929F933E,5762B8F6,7B0C0EC8,19CA4640,46F62F50,85233A1F,0CA10901,AB6CE554"/><V92/><N who="2" m="31264" /><V81/><N who="2" m="31520" /><V80/><F43/><T85/><D96/><U77/><E34/><V129/><F37/><T115/><D85/><U33/><E33/><V62/><F129/><T94/><D94/><U100/><E3/><V125/><F125/><T88/><D88/><U134/><E134/><V32/><F119/><T59/><D59/><U53/><E105/><V109/><F32/><T48/><D54/><U118/><E118/><V52/><F109/><T127/><D48/><U114/><E114/><V117/><F106/><T128/><D46/><U135/><E135/><V113/><F104/><T120/><D44/><U87/><E102/><V83/><F117/><T116/><D42/><U79/><E100/><V47/><F113/><T89/><D89/><U90/><E90/><V49/><F72/><T2/><D41/><U95/><E95/><N who="2" m="36427" /><F66/><T71/><D124/><U78/><E78/><V131/><F131/><T70/><D1/><U73/><E79/><V99/><AGARI ba="0,0" hai="47,49,52,60,62,80,81,83,97,98,99" m="36427,31520,31264" machi="99" ten="40,8000,1" yaku="8,1,52,2,54,1" doraHai="63" who="2" fromWho="2" sc="8,-40,412,-40,630,80,0,0" owari="-32,-63,372,-3,710,66,0,0" /></mjloggm>