<mjloggm ver="2.3"><GO type="225"/><UN n0="%41%6D%41" n1="%E3%81%BF%E3%81%A3%E3%81%A4%E3%81%83%EF%BD%9E" n2="%E8%B6%85%E3%83%92%E3%83%A2%E3%83%AA%E3%83%AD" n3="%E9%9B%AA%E5%9B%BD%E8%82%B2%E3%81%A1" dan="16,17,17,17" rate="2038,2166,2069,2128" sx="M,F,F,M"/><TAIKYOKU oya="0"/><INIT seed="0,0,0,4,3,27" ten="250,250,250,250" oya="0" hai0="35,61,103,127,114,89,25,79,16,46,80,69,125" hai1="82,26,54,45,112,28,4,57,98,10,85,86,78" hai2="115,21,37,135,119,109,132,73,116,14,8,120,123" hai3="129,122,39,40,105,77,124,84,110,62,34,56,20" shuffle="mt19937ar,C574EABE,E3510E3C,D78A75D2,74FE80F2,4D60C661,5B3F110C,12E8210F,C5E6DFDD"/><T99/><D114/><U71/><E71/><V41/><F21/><W96/><G34/><T106/><D46/><U13/><E112/><V66/><F66/><W60/><G122/><N who="2" m="46633" /><F73/><W49/><G39/><T121/><D89/><U9/><E98/><V64/><F64/><W68/><G68/><T29/><D121/><U44/><E85/><V53/><F53/><W7/><G7/><T65/><REACH who="0" step="1"/><D16/><REACH who="0" step="2"/><U1/><E10/><V111/><F41/><W55/><G40/><T90/><D90/><U70/><E45/><V113/><F37/><W131/><G131/><T108/><D108/><N who="2" m="41546" /><F8/><W11/><G11/><T92/><D92/><U36/><E44/><V118/><F14/><W97/><G110/><T91/><D91/><U126/><E36/><V100/><F100/><W107/><G129/><T31/><D31/><U3/><E3/><V47/><F47/><W93/><G93/><T32/><D32/><U48/><E1/><V5/><F5/><W94/><G94/><T51/><D51/><U102/><E102/><V104/><F104/><W6/><G49/><T63/><D63/><U18/><E4/><V33/><F33/><W87/><G62/><T74/><AGARI ba="0,1" hai="25,29,35,61,65,69,74,79,80,99,103,106,125,127" machi="74" ten="30,18000,2" yaku="1,1,0,1,25,2,23,2,52,1,53,0" doraHai="27" doraHaiUra="50" who="0" fromWho="0" sc="240,190,250,-60,250,-60,250,-60" /><INIT seed="0,1,0,3,4,45" ten="430,190,190,190" oya="0" hai0="108,65,39,40,90,91,73,95,66,36,44,127,98" hai1="27,4,93,124,15,29,67,33,80,110,126,118,104" hai2="133,106,22,58,129,64,128,101,32,71,28,61,100" hai3="76,130,41,75,24,88,86,134,13,57,18,19,97" shuffle="mt19937ar,0EE2438E,89333D19,1368BF81,37007812,6D4A8905,5A84230D,1DDBA02A,41739183"/><T20/><D73/><U17/><E104/><V115/><F115/><W2/><G2/><T35/><D35/><U122/><E67/><V1/><F1/><W102/><G134/><T112/><D112/><U54/><E80/><V6/><F6/><W51/><G130/><N who="2" m="50281" /><F133/><W50/><G75/><T16/><D127/><N who="1" m="48683" /><E122/><V34/><F71/><W46/><G76/><T99/><D39/><U60/><E4/><V62/><F62/><W31/><G102/><N who="2" m="39529" /><F106/><W105/><G105/><T47/><D108/><U56/><E110/><V121/><F121/><W0/><G0/><T92/><REACH who="0" step="1"/><D47/><REACH who="0" step="2"/><U103/><E118/><V68/><F68/><W78/><G46/><T37/><D37/><U132/><E132/><V53/><F34/><W7/><G97/><T109/><D109/><U82/><E33/><V123/><F32/><W14/><G86/><T84/><D84/><U9/><E9/><V59/><F123/><W113/><G113/><T77/><D77/><U21/><E21/><V89/><F22/><W94/><G78/><T87/><D87/><U55/><E29/><V8/><F28/><W85/><G31/><T70/><D70/><U83/><E83/><V135/><F135/><W125/><G125/><T23/><D23/><U42/><E82/><V52/><F8/><W5/><G85/><T30/><D30/><U107/><E27/><AGARI ba="1,1" hai="16,20,27,36,40,44,65,66,90,91,92,95,98,99" machi="27" ten="30,11600,0" yaku="1,1,7,1,9,1,54,1,53,0" doraHai="45" doraHaiUra="49" who="0" fromWho="1" sc="420,129,190,-119,190,0,190,0" /><INIT seed="0,2,0,1,0,48" ten="549,71,190,190" oya="0" hai0="73,74,89,69,119,113,79,60,124,62,46,116,53" hai1="71,103,112,40,109,92,122,12,4,80,35,134,36" hai2="67,121,117,50,57,44,21,90,127,65,13,22,66" hai3="63,51,30,33,17,106,114,81,128,86,101,34,132" shuffle="mt19937ar,AAEE90CB,1D605CAF,A795C426,524204BB,D5A77940,558A55EC,F6448928,04E8CFD2"/><T94/><D113/><U108/><E35/><V76/><F121/><W72/><G114/><T133/><D133/><U126/><E71/><V84/><F117/><W68/><G132/><T6/><D124/><U91/><E134/><V105/><F105/><W59/><G72/><T32/><D32/><U135/><E112/><V49/><F127/><W88/><G128/><T95/><D6/><U129/><E126/><V78/><F57/><W11/><G68/><T87/><D79/><N who="2" m="30250" /><F13/><W131/><G131/><T125/><D89/><U130/><E135/><V45/><F50/><W100/><G51/><T7/><D7/><U39/><E122/><V23/><F49/><W118/><G118/><T120/><D46/><U10/><E39/><V107/><F107/><W8/><G106/><T18/><D62/><U37/><E36/><V41/><F41/><W52/><G33/><T96/><D60/><U115/><E115/><V104/><F104/><W25/><REACH who="3" step="1"/><G17/><REACH who="3" step="2"/><T98/><D18/><U27/><E37/><V58/><F58/><W61/><G61/><T99/><D69/><U31/><E129/><V102/><F102/><AGARI ba="2,1" hai="8,11,25,30,34,52,59,63,81,86,88,100,101,102" machi="102" ten="40,8000,1" yaku="1,1,52,1,54,2,53,1" doraHai="48" doraHaiUra="77" who="3" fromWho="2" sc="549,0,71,0,190,-86,180,96" /><INIT seed="1,0,0,3,2,120" ten="549,71,104,276" oya="1" hai0="122,25,129,108,131,34,107,51,78,53,56,46,12" hai1="106,54,83,24,118,2,128,19,58,35,52,49,121" hai2="82,100,1,72,68,60,92,101,99,23,80,109,113" hai3="33,75,36,7,28,21,102,4,70,127,37,69,55" shuffle="mt19937ar,B47D2862,9D20F68B,562E56D9,A1B9B713,7EF8BA19,B2C22101,30448806,AC6310ED"/><U59/><E106/><V38/><F113/><W96/><G33/><T115/><D115/><U133/><E2/><V119/><F119/><W135/><G75/><T48/><D107/><U74/><E118/><V93/><F1/><W50/><G127/><T66/><D78/><U20/><E121/><V91/><F38/><W81/><G81/><T40/><D122/><U26/><E128/><V22/><F72/><W17/><G28/><N who="0" m="19727" /><D12/><U134/><E35/><V77/><F68/><W41/><G135/><N who="1" m="51722" /><E83/><V105/><F105/><W76/><G69/><T31/><D31/><U116/><E74/><V71/><F71/><W123/><G70/><T85/><D131/><U42/><E42/><V84/><F82/><W11/><G76/><T16/><D40/><U3/><E3/><V67/><F93/><W15/><G41/><T45/><D129/><U18/><E116/><V27/><F80/><W117/><G117/><T97/><D46/><N who="1" m="27703" /><E54/><V43/><F43/><W57/><G123/><T14/><D53/><U9/><E9/><V130/><F130/><W110/><G11/><T95/><D66/><U111/><E111/><V112/><F109/><W29/><G110/><T132/><D95/><U126/><E126/><V62/><F112/><W73/><G73/><T124/><D124/><U32/><E32/><V61/><F67/><W47/><G55/><T39/><D45/><U98/><E98/><V103/><F27/><W13/><G47/><T65/><D97/><U5/><E5/><V88/><F77/><W90/><G96/><T0/><D108/><U63/><E63/><V30/><F30/><RYUUKYOKU ba="0,0" sc="549,-15,71,15,104,15,276,-15" hai1="18,19,20,24,26,58,59" hai2="22,23,60,61,62,84,88,91,92,99,100,101,103" /><INIT seed="1,1,0,5,5,47" ten="534,86,119,261" oya="1" hai0="79,113,90,42,123,135,35,40,56,111,72,5,96" hai1="102,109,49,71,62,28,50,66,133,48,17,45,55" hai2="23,119,19,82,77,122,130,53,2,24,64,97,126" hai3="125,3,20,14,120,86,36,75,43,99,8,106,0" shuffle="mt19937ar,C77DD4EA,B15CB2DC,28D199FA,A7186FF2,8E732F53,A2505E2D,FE34637D,C21DA094"/><U118/><E118/><V44/><F119/><W69/><G75/><T25/><D113/><U58/><E28/><V37/><F122/><W112/><G69/><T18/><D111/><U98/><E109/><V51/><F2/><W1/><G120/><T57/><D5/><U61/><E133/><V27/><F130/><W15/><G112/><T134/><D72/><U30/><E30/><V68/><F126/><W92/><G106/><T54/><D79/><U87/><E87/><V52/><F37/><W80/><G36/><T93/><D123/><U100/><E17/><V129/><F129/><W33/><G33/><T67/><D67/><U85/><E85/><V110/><F110/><W46/><G125/><T74/><D74/><U117/><E117/><V16/><F68/><W132/><G20/><N who="0" m="13463" /><D56/><N who="1" m="34975" /><E71/><V63/><F64/><W10/><G132/><N who="0" m="50731" /><D35/><U13/><E13/><V116/><F116/><W6/><G14/><T78/><D78/><U31/><E31/><V65/><F65/><W34/><G34/><T73/><D73/><U60/><E60/><AGARI ba="1,0" hai="40,42,54,57,60,90,93,96" m="50731,13463" machi="60" ten="30,2000,0" yaku="25,1,20,1" doraHai="47" who="0" fromWho="1" sc="534,23,86,-23,119,0,261,0" /><INIT seed="2,0,0,3,1,117" ten="557,63,119,261" oya="2" hai0="22,56,81,78,104,28,113,112,109,111,68,17,94" hai1="25,34,52,41,120,47,1,50,69,4,0,128,33" hai2="108,9,29,35,116,96,62,91,45,114,16,124,129" hai3="125,31,27,15,53,58,77,6,122,46,24,130,2" shuffle="mt19937ar,AA6CE64B,CDF53AC0,993A063E,8E4D5110,696F0A89,84385CB4,DE638EDC,5892D96A"/><V39/><F114/><W83/><G125/><T32/><D104/><U11/><E69/><V55/><F116/><W121/><G130/><T123/><D68/><U75/><E128/><V79/><F129/><W102/><G2/><T98/><D56/><U103/><E75/><V107/><F124/><W38/><G102/><N who="0" m="60759" /><D123/><U127/><E127/><V135/><F135/><W20/><G6/><T8/><D8/><U44/><E103/><V87/><F79/><W133/><G133/><T13/><D28/><U36/><E0/><V95/><F108/><N who="0" m="41546" /><D32/><U118/><E118/><V71/><F35/><W90/><G15/><T21/><D22/><U18/><REACH who="1" step="1"/><E120/><REACH who="1" step="2"/><V70/><F70/><W106/><G122/><T65/><D113/><U23/><AGARI ba="0,1" hai="1,4,11,18,23,25,33,34,36,41,44,47,50,52" machi="23" ten="30,7900,0" yaku="1,1,2,1,0,1,54,1,53,0" doraHai="117" doraHaiUra="26" who="1" fromWho="1" sc="557,-20,53,89,119,-39,261,-20" /><INIT seed="3,0,0,3,2,109" ten="537,142,80,241" oya="3" hai0="134,99,115,65,100,46,69,73,108,30,9,60,70" hai1="13,24,71,124,103,49,114,50,79,90,29,62,85" hai2="131,8,104,5,122,117,96,3,68,64,44,93,11" hai3="28,113,43,102,33,18,4,58,19,84,61,94,82" shuffle="mt19937ar,C634BCD1,0CFD9A8D,5E49DB67,9BB13768,67BA5018,894425F9,AF0F7EF3,A046857D"/><W38/><G113/><T26/><D73/><U10/><E114/><V127/><F117/><W89/><G4/><T92/><D115/><U83/><E124/><V95/><F127/><W72/><G43/><T86/><D108/><U48/><E103/><V63/><F131/><W17/><G38/><T22/><D134/><U57/><E71/><V7/><F122/><W1/><G1/><T52/><D9/><U88/><E24/><V59/><F44/><W81/><G72/><T15/><D15/><U76/><E90/><V34/><F34/><W42/><G42/><T20/><D86/><U0/><E29/><V2/><F104/><W78/><G102/><T35/><D70/><U126/><E0/><V37/><F37/><W80/><G33/><T133/><D133/><U16/><E126/><V118/><F118/><W110/><G28/><T112/><D112/><U66/><AGARI ba="0,0" hai="10,13,16,48,49,50,57,62,66,76,79,83,85,88" machi="66" ten="30,7900,0" yaku="0,1,8,1,54,2" doraHai="109" who="1" fromWho="1" sc="537,-20,142,79,80,-20,241,-39" owari="517,52,221,-3,60,-34,202,-15" /></mjloggm>