<mjloggm ver="2.3"><GO type="225"/><UN n0="%E3%83%80%E3%83%A0%E3%83%9E%E3%83%8B%E3%82%A2" n1="%E6%A1%9C%E8%8A%B1%E9%96%83%E3%80%85" n2="%E3%83%81%E3%83%A3%E3%82%AA%E3%83%AA" n3="%EF%BC%88%EF%BC%8A%EF%BC%9E%EF%BC%9C%EF%BC%89" dan="16,16,17,17" rate="2136,2052,2141,2198" sx="M,M,M,F"/><TAIKYOKU oya="0"/><INIT seed="0,0,0,0,3,37" ten="250,250,250,250" oya="0" hai0="14,104,119,78,20,88,127,7,55,15,100,76,11" hai1="91,112,44,64,46,69,102,42,135,114,63,97,58" hai2="6,54,118,120,27,1,19,35,89,39,29,17,122" hai3="83,0,77,34,99,116,81,16,60,18,70,86,43" shuffle="mt19937ar,77C2AA78,5934F6B9,FF27FDC8,D27AD940,9203C4FE,10CAD24D,288E9229,351D1A7F"/><T5/><D119/><U47/><E91/><V53/><F118/><W84/><G116/><T115/><D115/><N who="1" m="44075" /><E135/><V28/><F39/><W109/><G34/><T126/><D104/><N who="1" m="63567" /><E69/><V74/><F74/><W94/><G0/><T12/><D100/><U95/><E95/><V105/><F105/><W66/><G109/><T82/><D55/><U90/><E90/><V124/><F124/><W72/><G72/><T87/><D20/><U33/><E33/><V62/><F89/><W80/><G94/><T23/><D23/><U36/><AGARI ba="0,0" hai="36,42,44,46,47,58,63,64" m="63567,44075" machi="36" ten="30,2000,0" yaku="11,1,52,1" doraHai="37" who="1" fromWho="1" sc="250,-10,250,20,250,-5,250,-5" /><INIT seed="1,0,0,0,2,55" ten="240,270,245,245" oya="1" hai0="42,80,98,94,20,35,113,99,28,114,53,29,47" hai1="122,36,109,73,125,118,112,0,92,131,15,63,103" hai2="34,89,71,22,24,100,85,96,79,67,2,23,16" hai3="78,69,51,50,84,133,107,106,88,90,135,61,25" shuffle="mt19937ar,B2463618,1FE0B6E9,2411D325,EB78B1EF,2B9CBA03,E8FBDC6C,63114F94,027E2F2B"/><U11/><RYUUKYOKU type="yao9" ba="0,0" sc="240,0,270,0,245,0,245,0" hai1="0,11,15,36,63,73,92,103,109,112,118,122,125,131" /><INIT seed="1,1,0,2,3,43" ten="240,270,245,245" oya="1" hai0="127,74,58,82,62,126,21,105,124,19,4,81,44" hai1="46,111,38,101,48,11,90,72,22,24,107,59,1" hai2="5,85,95,34,132,103,75,115,9,131,27,0,3" hai3="135,129,25,20,114,77,128,88,110,56,64,93,33" shuffle="mt19937ar,F5B2F6C7,DFBE5BF2,1338456B,BD4B831E,96D2ECF7,E3D517D5,053F6C09,7894D94B"/><U55/><E72/><V28/><F75/><W121/><G121/><T96/><D4/><U47/><E38/><V83/><F132/><W7/><G114/><T8/><D8/><U113/><E113/><V16/><F115/><W97/><G7/><T102/><D74/><U69/><E69/><V99/><F131/><W30/><G135/><T130/><D130/><N who="3" m="50281" /><G77/><T29/><D29/><U80/><E111/><V117/><F117/><W37/><G37/><T66/><REACH who="0" step="1"/><D44/><REACH who="0" step="2"/><U41/><E11/><V91/><REACH who="2" step="1"/><F16/><REACH who="2" step="2"/><N who="3" m="12423" /><G110/><T49/><D49/><U120/><E48/><V53/><F53/><W109/><G109/><T40/><D40/><U35/><E41/><V125/><F125/><W36/><G30/><T10/><D10/><U42/><E42/><V89/><F89/><W2/><G36/><T122/><D122/><U51/><E120/><V87/><F87/><W17/><G17/><T68/><D68/><U57/><E90/><V67/><F67/><W92/><G88/><T100/><D100/><U123/><E101/><V61/><F61/><W79/><G64/><T98/><D98/><U14/><E123/><V116/><F116/><W76/><G97/><T52/><D52/><U78/><E55/><V26/><F26/><AGARI ba="1,2" hai="19,21,26,58,62,66,81,82,96,102,105,124,126,127" machi="26" ten="40,2600,0" yaku="1,1,18,1,53,0" doraHai="43" doraHaiUra="118" who="0" fromWho="2" sc="230,49,270,0,235,-29,245,0" /><INIT seed="2,0,0,1,3,128" ten="279,270,206,245" oya="2" hai0="38,16,62,26,117,14,56,124,109,9,59,67,4" hai1="31,30,3,25,39,72,127,80,60,73,113,69,11" hai2="100,78,44,17,132,63,129,51,79,84,99,48,107" hai3="23,61,1,12,19,110,54,82,123,64,95,65,131" shuffle="mt19937ar,BF8BF3D8,EAB83ABE,74570F5C,4E19B680,30005DBA,55530E16,C8FD17FC,BD7BE5EA"/><V116/><F116/><W34/><G1/><T10/><D38/><U126/><E113/><V121/><F121/><W58/><G34/><T135/><D117/><U119/><E119/><V83/><F129/><W115/><G131/><T120/><D120/><U102/><E39/><V97/><F97/><W43/><G123/><T66/><D124/><N who="1" m="47659" /><E102/><V20/><F63/><W108/><G115/><T35/><D109/><N who="3" m="42089" /><G43/><T111/><D111/><U21/><E30/><V85/><F132/><W8/><G95/><T41/><D41/><U6/><E80/><V24/><REACH who="2" step="1"/><F44/><REACH who="2" step="2"/><W93/><G93/><T96/><D96/><U42/><E42/><V50/><F50/><W114/><G114/><T57/><D135/><U5/><E5/><V0/><F0/><W105/><G105/><T98/><D98/><U76/><E60/><V94/><F94/><W103/><G103/><T40/><D62/><U122/><E122/><V13/><F13/><N who="3" m="9711" /><G82/><AGARI ba="0,1" hai="17,20,24,48,51,78,79,82,83,84,85,99,100,107" machi="82" ten="40,3900,0" yaku="1,1,9,1,53,0" doraHai="128" doraHaiUra="87" who="2" fromWho="3" sc="279,0,270,0,196,49,245,-39" /><INIT seed="2,1,0,5,3,132" ten="279,270,245,206" oya="2" hai0="110,54,64,12,112,38,126,27,4,109,44,134,26" hai1="52,75,129,41,11,7,79,36,73,71,67,20,19" hai2="86,25,108,35,78,117,48,51,33,106,84,6,63" hai3="133,101,87,10,97,85,91,70,114,95,45,31,74" shuffle="mt19937ar,61695308,F41FF037,91B4C148,04B34357,10896466,A323938F,EA99D1F0,975516F8"/><V17/><F106/><W2/><G70/><T5/><D112/><U16/><E129/><V131/><F117/><W0/><G114/><T37/><D64/><U3/><E52/><V88/><F6/><W46/><G133/><T68/><D68/><U9/><E9/><V40/><F131/><W107/><G31/><T81/><D81/><N who="1" m="45295" /><E75/><V59/><F108/><N who="0" m="41578" /><D134/><U98/><E98/><V60/><F60/><W50/><G74/><T56/><D44/><N who="1" m="23591" /><E20/><N who="2" m="13455" /><F35/><W94/><G45/><T122/><D122/><U120/><E120/><V53/><F33/><W105/><G10/><T92/><D92/><U55/><E55/><V90/><F78/><W118/><G118/><T111/><D111/><U39/><E39/><N who="0" m="14857" /><D12/><U66/><E66/><V28/><F28/><W77/><G77/><T47/><D47/><U32/><E32/><V125/><F40/><W42/><REACH who="3" step="1"/><G87/><REACH who="3" step="2"/><T100/><D26/><U93/><E71/><V58/><F86/><W124/><G124/><T13/><D27/><U18/><E11/><V15/><F125/><W21/><G21/><T102/><D126/><U104/><E18/><V127/><F127/><W8/><G8/><N who="0" m="4231" /><D5/><U34/><E7/><V76/><F76/><W30/><G30/><T29/><D29/><U99/><E19/><V115/><F115/><W24/><G24/><T65/><D65/><U135/><E67/><V22/><F22/><W61/><G61/><AGARI ba="1,1" hai="54,56,61,100,102" m="4231,14857,41578" machi="61" ten="30,1000,0" yaku="14,1" doraHai="132" who="0" fromWho="3" sc="279,23,270,0,245,0,196,-13" /><INIT seed="3,0,0,3,5,69" ten="302,270,245,183" oya="3" hai0="45,80,114,14,89,102,92,111,39,109,1,123,23" hai1="127,129,61,66,37,128,19,84,8,73,49,33,4" hai2="17,44,86,134,54,29,79,48,88,2,106,20,0" hai3="7,71,40,113,82,97,65,85,38,104,91,76,50" shuffle="mt19937ar,86D6395E,44389D47,A4120FBA,1031B96A,7BEB1965,AFC6F23B,BA3CF602,9AABA0A2"/><W126/><G113/><T95/><D1/><U47/><E33/><V6/><F106/><W133/><G133/><T81/><D114/><U121/><E121/><V98/><F134/><W11/><G126/><T74/><D123/><U105/><E105/><V57/><F29/><W51/><G65/><T21/><D45/><U63/><E73/><V31/><F31/><W93/><G71/><T9/><D39/><U103/><E127/><V67/><F6/><W12/><REACH who="3" step="1"/><G104/><REACH who="3" step="2"/><T32/><D111/><U42/><E66/><V96/><F67/><W68/><G68/><T55/><D109/><U30/><E129/><V10/><F0/><W25/><G25/><T112/><D112/><U118/><E128/><V77/><F2/><W131/><G131/><T24/><D24/><U16/><E118/><V94/><F44/><AGARI ba="0,1" hai="7,11,12,38,40,44,50,51,76,82,85,91,93,97" machi="44" ten="40,3900,0" yaku="1,1,52,1,53,0" doraHai="69" doraHaiUra="64" who="3" fromWho="2" sc="302,0,270,0,245,-39,173,49" /><INIT seed="3,1,0,2,5,81" ten="302,270,206,222" oya="3" hai0="40,0,55,19,89,82,70,6,43,78,34,30,90" hai1="21,79,49,62,32,135,86,96,74,44,66,94,59" hai2="125,80,53,133,131,68,85,26,73,27,97,99,123" hai3="48,17,36,51,37,7,14,29,132,65,91,4,127" shuffle="mt19937ar,7CA02E70,1C461AB2,B886E3DF,A8AFB0F2,EBB05785,F3C6A5CC,D70E88D2,02404D75"/><W24/><G65/><T11/><D70/><U128/><E32/><V113/><F113/><W120/><G120/><T98/><D34/><U114/><E114/><V119/><F68/><W122/><G122/><T15/><D30/><U8/><E74/><V25/><F123/><W101/><G101/><T84/><D55/><N who="1" m="30119" /><E128/><V116/><F73/><W64/><G64/><T33/><D33/><U57/><E135/><V69/><F69/><W129/><G36/><T104/><D90/><N who="1" m="55383" /><E8/><V102/><F133/><W60/><G37/><T10/><REACH who="0" step="1"/><D78/><REACH who="0" step="2"/><U93/><E79/><V56/><F131/><W95/><G129/><T46/><D46/><U134/><E134/><V107/><F125/><W111/><G127/><T2/><D2/><U77/><E77/><V130/><F130/><W42/><G29/><T112/><D112/><U109/><E109/><V72/><F72/><W28/><G111/><T63/><D63/><U54/><E21/><V126/><F126/><W9/><G60/><T41/><D41/><U92/><E86/><V16/><F119/><W103/><G132/><T50/><D50/><AGARI ba="1,1" hai="50,54,57,59,62,66,92,93" m="55383,30119" machi="50" ten="30,1000,0" yaku="8,1" doraHai="81" who="1" fromWho="0" sc="292,-13,270,23,206,0,222,0" /><INIT seed="4,0,0,5,3,128" ten="279,293,206,222" oya="0" hai0="113,127,85,69,5,132,51,2,119,34,129,111,12" hai1="77,8,14,59,95,86,24,91,22,108,135,73,131" hai2="25,4,109,80,32,93,103,19,83,7,57,60,23" hai3="66,10,99,53,36,55,0,67,1,118,30,39,48" shuffle="mt19937ar,F7C12AD2,958837EB,3440F559,DC10202B,13844F0A,A3D166F2,06DFBD47,5562FBD1"/><T116/><RYUUKYOKU type="yao9" ba="0,0" sc="279,0,293,0,206,0,222,0" hai0="2,5,12,34,51,69,85,111,113,116,119,127,129,132" /><INIT seed="4,1,0,3,4,85" ten="279,293,206,222" oya="0" hai0="23,87,115,80,101,29,112,96,19,132,127,12,78" hai1="124,37,28,65,47,98,13,69,5,33,135,126,27" hai2="134,67,118,114,1,123,46,66,130,109,39,93,128" hai3="113,75,4,73,90,120,82,70,129,111,108,50,60" shuffle="mt19937ar,EAC1D87B,4F80D32F,5A24C36F,8BA4DC91,EF6BEEA1,05ECA44E,3D6CB42C,64D0A653"/><T74/><D132/><U24/><E135/><V79/><F79/><W110/><G4/><T106/><D127/><N who="1" m="48683" /><E27/><V17/><F134/><W105/><G50/><T100/><D101/><U88/><E69/><V61/><F109/><W95/><G60/><T40/><D40/><N who="1" m="22927" /><E65/><V81/><F81/><W58/><G70/><T11/><REACH who="0" step="1"/><D74/><REACH who="0" step="2"/><U99/><E88/><V76/><F123/><W2/><G90/><T122/><D122/><U21/><E21/><V53/><F118/><W91/><G91/><T117/><D117/><U48/><E48/><V20/><F39/><W7/><G120/><T68/><D68/><U51/><E51/><V125/><F125/><W62/><G110/><T49/><D49/><U77/><E77/><V63/><F63/><W43/><G62/><T25/><AGARI ba="1,1" hai="11,12,19,23,25,29,78,80,87,96,100,106,112,115" machi="25" ten="30,3000,0" yaku="1,1,0,1,53,0" doraHai="85" doraHaiUra="119" who="0" fromWho="0" sc="269,43,293,-11,206,-11,222,-11" owari="312,31,282,3,195,-20,211,-14" /></mjloggm>