<mjloggm ver="2.3"><GO type="225"/><UN n0="%E9%9B%AA%E5%9B%BD%E8%82%B2%E3%81%A1" n1="%E6%A1%9C%E8%8A%B1%E9%96%83%E3%80%85" n2="%E6%A1%9C%E4%BA%95%E3%82%A2%E3%82%BD%E3%82%B3" n3="%E7%8A%AC%EF%BC%88%E3%81%84%E3%81%AC%EF%BC%89" dan="17,16,16,16" rate="2072,2062,2022,2094" sx="M,M,M,M"/><TAIKYOKU oya="0"/><INIT seed="0,0,0,4,3,77" ten="250,250,250,250" oya="0" hai0="69,86,26,15,131,36,109,59,81,80,120,119,16" hai1="31,49,106,84,5,57,135,44,72,91,62,20,108" hai2="100,104,103,12,65,22,130,105,9,113,50,4,68" hai3="2,43,94,128,87,88,30,101,122,99,61,56,97" shuffle="mt19937ar,9AAC7FCE,86F2C0BD,BEC3BBEB,96E6B14B,7E69185A,C863D764,3B3F07A8,3F943B0B"/><T63/><D119/><U10/><E72/><V27/><F113/><W25/><G2/><T82/><D69/><U90/><E106/><V58/><F130/><W111/><G111/><T95/><D120/><U76/><E108/><V0/><F68/><W48/><G128/><T51/><D36/><U96/><E135/><V73/><F73/><W129/><G129/><T66/><D131/><U13/><E96/><V78/><F78/><W55/><G122/><T28/><D109/><U19/><E31/><V126/><F126/><W75/><G75/><T85/><D95/><U17/><E76/><V40/><F104/><W116/><G116/><T89/><D51/><U21/><E21/><V112/><F112/><W74/><G74/><T134/><D134/><U53/><E84/><V107/><F107/><W7/><G7/><T11/><D86/><U33/><E33/><AGARI ba="0,0" hai="11,15,16,26,28,33,59,63,66,80,81,82,85,89" machi="33" ten="30,12000,1" yaku="7,1,52,3,54,1" doraHai="77" who="0" fromWho="1" sc="250,120,250,-120,250,0,250,0" /><INIT seed="0,1,0,5,4,105" ten="370,130,250,250" oya="0" hai0="98,73,131,121,1,13,116,72,7,49,11,78,114" hai1="12,90,128,8,47,5,4,31,134,96,117,88,39" hai2="107,18,22,48,41,19,122,35,106,44,63,84,110" hai3="26,129,66,118,37,126,135,10,3,133,69,28,104" shuffle="mt19937ar,1A9FD4CA,DE9F7DA5,8E96CED0,447213C4,792B6C3E,4A20FFB0,AE38FEEA,03B57D9A"/><T81/><D116/><U50/><E117/><V43/><F35/><N who="3" m="20887" /><G118/><T120/><D114/><U99/><E39/><V56/><F122/><W101/><G37/><T89/><D131/><U55/><E128/><V112/><F112/><W29/><G29/><T125/><D125/><U15/><E134/><N who="3" m="51210" /><G129/><T38/><D38/><U77/><E77/><V17/><F43/><W54/><G54/><T53/><D72/><U70/><E70/><V65/><F110/><W36/><G36/><T62/><D62/><U123/><E31/><V79/><F107/><W132/><G132/><T9/><D98/><N who="1" m="37419" /><E123/><V74/><F106/><W51/><G51/><T2/><D89/><N who="1" m="34411" /><E15/><V103/><F103/><W23/><G126/><T0/><REACH who="0" step="1"/><D9/><REACH who="0" step="2"/><U40/><E40/><V95/><F74/><W100/><G104/><T68/><D68/><U83/><E83/><N who="2" m="47231" /><F95/><W61/><G23/><AGARI ba="1,1" hai="17,18,19,22,23,41,44,48,56,63,65" m="47231" machi="23" ten="30,1000,0" yaku="8,1" doraHai="105" who="2" fromWho="3" sc="360,0,130,0,250,23,250,-13" /><INIT seed="1,0,0,1,2,19" ten="360,130,273,237" oya="1" hai0="117,4,73,54,13,85,130,60,22,45,103,23,30" hai1="81,77,31,41,11,127,96,133,76,5,49,65,14" hai2="115,78,132,24,20,27,72,57,37,51,128,126,8" hai3="118,18,135,112,84,113,58,131,69,82,48,35,102" shuffle="mt19937ar,0109B1EC,3E73F5E5,C40E8863,2C7905EE,A0C4BE09,F2396B93,89257D64,F05D6FFF"/><U79/><E133/><V16/><F37/><W71/><G35/><T55/><D73/><U114/><E114/><V47/><F132/><W122/><G122/><T42/><D117/><U2/><E127/><V91/><F115/><W29/><G135/><T28/><D103/><U120/><E120/><V3/><F126/><W32/><G131/><T43/><D130/><U9/><E65/><V104/><F104/><W99/><G118/><T17/><D4/><U86/><E31/><V6/><F128/><W62/><G48/><N who="0" m="28943" /><D85/><U33/><E33/><V116/><F116/><W98/><G98/><T123/><D123/><U52/><E96/><V53/><F91/><W44/><G44/><T70/><D70/><U21/><E41/><N who="0" m="15369" /><D23/><U15/><E21/><V63/><F72/><W93/><G112/><T100/><D100/><U36/><E36/><V83/><F83/><W124/><G124/><T107/><D107/><U111/><E111/><V25/><REACH who="2" step="1"/><F78/><REACH who="2" step="2"/><W134/><G134/><T10/><D10/><U92/><E92/><V1/><F1/><W68/><G113/><T12/><D30/><U108/><E108/><V109/><F109/><W75/><G75/><T74/><D28/><U46/><REACH who="1" step="1"/><E2/><REACH who="1" step="2"/><V97/><F97/><W101/><G29/><T38/><D38/><U88/><E88/><V66/><AGARI ba="0,2" hai="3,6,8,16,20,24,25,27,47,51,53,57,63,66" machi="66" ten="20,8000,1" yaku="1,1,0,1,7,1,52,1,54,1,53,0" doraHai="19" doraHaiUra="87" who="2" fromWho="2" sc="360,-20,120,-40,263,100,237,-20" /><INIT seed="2,0,0,0,5,38" ten="340,80,363,217" oya="2" hai0="9,129,91,108,75,37,4,87,88,121,67,93,43" hai1="44,112,126,22,0,27,58,39,83,82,130,72,90" hai2="59,68,34,66,94,24,7,128,124,89,79,97,76" hai3="71,12,16,65,114,135,30,54,116,81,26,95,35" shuffle="mt19937ar,758FAD41,4DEDE6B5,731B4526,A8322543,FF339CEA,66861DAF,11CC6066,383627F9"/><V29/><F124/><W74/><G116/><T120/><D129/><U20/><E112/><V63/><F128/><W107/><G107/><T8/><D75/><U77/><E126/><V5/><F68/><W80/><G135/><T33/><D33/><U127/><E127/><V56/><F56/><W96/><G114/><T45/><D108/><U57/><E130/><V99/><F76/><W15/><G15/><T1/><D67/><U21/><E0/><V13/><F79/><W31/><G74/><T133/><D133/><U100/><E100/><V53/><F53/><W50/><G31/><T117/><D117/><U36/><E27/><V98/><REACH who="2" step="1"/><F13/><REACH who="2" step="2"/><W73/><G71/><T2/><D91/><U46/><E90/><V113/><F113/><W103/><G65/><T32/><D32/><U119/><E119/><V47/><F47/><W62/><G73/><T40/><D40/><U23/><E46/><V69/><F69/><W102/><G62/><T6/><AGARI ba="0,1" hai="1,2,4,6,8,9,37,43,45,87,88,93,120,121" machi="6" ten="30,7900,0" yaku="0,1,9,1,52,1,54,1" doraHai="38" who="0" fromWho="0" sc="340,89,80,-20,353,-39,217,-20" /><INIT seed="3,0,0,1,2,82" ten="429,60,314,197" oya="3" hai0="72,35,110,13,15,94,43,14,53,4,58,40,116" hai1="51,125,70,96,22,132,20,62,121,28,11,57,100" hai2="5,83,133,6,49,73,37,26,41,69,88,97,59" hai3="85,64,60,34,29,101,23,27,32,65,55,19,129" shuffle="mt19937ar,27B8EF05,8BF5EEB1,04DED5E0,006A3531,3A71192D,FEF409D2,EAB2EC46,A44A043B"/><W12/><G129/><T33/><D72/><U105/><E121/><V108/><F69/><W78/><G101/><T3/><D116/><U24/><E132/><V86/><F133/><W50/><G34/><T17/><D35/><U61/><E125/><V7/><F108/><W120/><G120/><T117/><D33/><U99/><E11/><V0/><F0/><W10/><G32/><T30/><D30/><U68/><E99/><V1/><F1/><W80/><REACH who="3" step="1"/><G60/><REACH who="3" step="2"/><T107/><D110/><U91/><E61/><V56/><F37/><W128/><G128/><T106/><D117/><U31/><E51/><V9/><F73/><W79/><G79/><T16/><D106/><U21/><E91/><V114/><F114/><W81/><G81/><T75/><D107/><U131/><E131/><V123/><F123/><W98/><G98/><T90/><D75/><U77/><E77/><V112/><F112/><W135/><G135/><T119/><D119/><U87/><E87/><V48/><F97/><W118/><G118/><T42/><D90/><U2/><E2/><V103/><F103/><W124/><G124/><T71/><D94/><U63/><E62/><V84/><F84/><W47/><AGARI ba="0,1" hai="10,12,19,23,27,29,47,50,55,64,65,78,80,85" machi="47" ten="20,12000,1" yaku="1,1,0,1,7,1,8,1,52,1,53,0" doraHai="82" doraHaiUra="130" who="3" fromWho="3" sc="429,-40,60,-40,314,-40,187,130" /><INIT seed="3,1,0,5,4,16" ten="389,20,274,317" oya="3" hai0="37,94,108,63,3,73,58,82,115,60,51,84,39" hai1="9,48,55,97,127,19,46,125,105,43,57,91,5" hai2="75,113,76,69,121,102,120,72,126,89,88,10,132" hai3="98,123,93,66,61,24,45,135,18,131,111,65,106" shuffle="mt19937ar,D0754119,1F322ED6,1A8B9B96,C29A1764,E56A18DC,DAD1B90A,7B14D1E0,7D4C496E"/><W25/><G123/><N who="2" m="47177" /><F10/><W103/><G135/><T96/><D108/><U47/><E19/><V85/><F69/><W11/><G111/><T129/><D73/><N who="2" m="28234" /><F132/><W77/><G77/><T81/><D115/><U122/><E9/><V6/><F6/><W112/><G112/><T114/><D129/><U30/><E5/><V70/><F70/><W15/><G131/><T99/><D114/><U128/><E30/><V54/><F54/><W0/><G0/><T53/><D3/><U52/><E91/><N who="2" m="34891" /><F113/><W134/><G106/><T67/><D53/><U124/><E105/><V2/><F2/><W20/><G134/><T116/><D39/><U7/><E7/><V28/><F28/><N who="3" m="17415" /><G61/><T71/><D37/><U92/><E92/><V110/><F110/><W21/><G45/><T101/><D94/><U26/><E26/><V34/><F34/><W14/><G14/><T62/><D63/><U13/><E13/><V35/><F35/><W68/><G68/><T8/><D62/><U83/><E122/><V23/><F23/><W79/><G79/><T41/><D60/><U29/><E29/><AGARI ba="1,0" hai="11,15,18,21,25,29,65,66,93,98,103" m="17415" machi="29" ten="30,5800,0" yaku="8,1,52,2" doraHai="16" who="3" fromWho="1" sc="389,0,20,-61,274,0,317,61" owari="389,39,-41,-44,274,-8,378,13" /></mjloggm>