<mjloggm ver="2.3"><GO type="225"/><UN n0="%E9%95%B7%E5%B2%A1%E5%A4%A7%E6%98%8E%E7%A5%9E" n1="%E5%B1%B1%E5%B9%B8%E5%95%86%E5%BA%97" n2="%E5%88%BB%E5%AD%90%E5%B8%82%E6%B0%91" n3="%E3%82%B9%E3%83%91%E3%83%BC%E3%82%AF%E3%82%B9" dan="16,17,17,16" rate="2053,2154,2117,2063" sx="F,M,M,M"/><TAIKYOKU oya="0"/><INIT seed="0,0,0,1,2,48" ten="250,250,250,250" oya="0" hai0="30,40,16,72,116,119,111,18,52,27,24,121,105" hai1="54,25,102,9,87,32,21,7,44,8,36,132,109" hai2="58,64,125,101,107,13,38,133,104,49,14,47,112" hai3="85,89,128,63,96,81,3,33,83,122,91,117,4" shuffle="mt19937ar,05249D45,4DE5B224,F6490528,2DC87778,9C00F284,F047C229,21677B5C,FCEC2EBA"/><T6/><D72/><U62/><E32/><V110/><F112/><W82/><G33/><T94/><D105/><U43/><E132/><V61/><F133/><W65/><G117/><T46/><D121/><U26/><E102/><V93/><F125/><W76/><G3/><T97/><D6/><U42/><E109/><V57/><F110/><W92/><G4/><T100/><D111/><U134/><E134/><V78/><F78/><W80/><G63/><T34/><D27/><U28/><E26/><V131/><F38/><W118/><G65/><T135/><D135/><U67/><E8/><V23/><F131/><W73/><G118/><T29/><D29/><U86/><E42/><V71/><F107/><W56/><G56/><T15/><D18/><U95/><E95/><V1/><F1/><W51/><G128/><T0/><D0/><U70/><E54/><V41/><F104/><W114/><G51/><T74/><D74/><U108/><E108/><V115/><F115/><W120/><G114/><T90/><D100/><U75/><E75/><V130/><F130/><W53/><G53/><T66/><D66/><U11/><E11/><V99/><F23/><W88/><REACH who="3" step="1"/><G73/><REACH who="3" step="2"/><T98/><D52/><U84/><E7/><V20/><F58/><W59/><G59/><T5/><D5/><U68/><E68/><V12/><F71/><W39/><G39/><T17/><D119/><U103/><E9/><V37/><F37/><W60/><G60/><T77/><D116/><U113/><E113/><V31/><F20/><W35/><G35/><T2/><D34/><U129/><E129/><RYUUKYOKU ba="0,1" sc="250,-30,250,10,250,10,240,10" hai1="21,25,28,36,43,44,62,67,70,84,86,87,103" hai2="12,13,14,31,41,47,49,57,61,64,93,99,101" hai3="76,80,81,82,83,85,88,89,91,92,96,120,122" /><INIT seed="1,1,1,3,3,56" ten="220,260,260,250" oya="1" hai0="44,122,61,38,2,121,11,52,65,37,19,14,33" hai1="106,117,8,126,4,51,67,71,86,116,81,75,124" hai2="32,47,125,25,98,54,112,104,1,23,27,16,130" hai3="114,133,70,68,123,57,132,85,113,3,89,120,95" shuffle="mt19937ar,051D4916,303B8AB6,F4848854,845DC08E,98314E06,B7E66FF8,53DCF5C6,F04A7FD1"/><U93/><E106/><V111/><F1/><W108/><G3/><T69/><D33/><U88/><E51/><V131/><F112/><N who="3" m="43115" /><G108/><T48/><REACH who="0" step="1"/><D2/><REACH who="0" step="2"/><U127/><E116/><V64/><F32/><W109/><G109/><T35/><D35/><U83/><E117/><V82/><F111/><W15/><G120/><AGARI ba="1,2" hai="11,14,19,37,38,44,48,52,61,65,69,120,121,122" machi="120" ten="40,8000,1" yaku="1,1,13,1,52,1,54,1,53,0" doraHai="56" doraHaiUra="77" who="0" fromWho="3" sc="210,103,260,0,260,0,250,-83" /><INIT seed="2,0,0,5,2,117" ten="313,260,260,167" oya="2" hai0="133,119,29,102,42,12,15,46,87,9,103,39,16" hai1="122,130,25,70,118,31,60,33,43,129,95,40,32" hai2="5,36,1,7,68,135,51,75,115,8,72,101,23" hai3="126,83,21,110,82,35,111,131,26,24,11,84,77" shuffle="mt19937ar,A8031A01,A6162EAD,E92D4C84,9D3F4385,618DE1D9,D9E3847C,A40CACDF,C0EB85C3"/><V98/><F115/><W106/><G106/><T80/><D119/><U53/><E118/><V57/><F36/><W61/><G126/><T73/><D73/><U108/><E33/><V18/><F68/><W41/><G131/><N who="1" m="50186" /><E108/><V105/><F7/><W65/><G35/><T81/><D133/><U93/><E122/><V38/><F38/><W59/><G41/><N who="1" m="15946" /><E53/><V107/><F107/><W76/><G11/><T96/><D29/><U64/><AGARI ba="0,0" hai="25,31,32,60,64,70,93,95" m="15946,50186" machi="64" ten="30,1100,0" yaku="19,1" doraHai="117" who="1" fromWho="1" sc="313,-3,260,11,260,-5,167,-3" /><INIT seed="3,0,0,0,1,37" ten="310,271,255,164" oya="3" hai0="63,99,3,75,51,118,83,100,10,57,97,4,121" hai1="62,35,18,117,80,7,102,84,111,36,76,106,0" hai2="108,119,90,42,24,6,74,92,40,68,2,56,72" hai3="25,71,81,41,48,47,115,61,112,43,85,103,38" shuffle="mt19937ar,76930D95,9DEA7692,B7A98C2C,91E725A6,077CABBE,E697C339,D230CD90,D46B65D0"/><W19/><G103/><T135/><D121/><U109/><E35/><V27/><F68/><W70/><G70/><T98/><D118/><U45/><E117/><V17/><F119/><W30/><G19/><T126/><D126/><U114/><E62/><V132/><F6/><W58/><G71/><T5/><D135/><U59/><E59/><V21/><F2/><W67/><G38/><T54/><D4/><U22/><E114/><V26/><F74/><W104/><G104/><T113/><D113/><U134/><E134/><V127/><F72/><W78/><REACH who="3" step="1"/><G43/><REACH who="3" step="2"/><N who="2" m="16425" /><F127/><W50/><G50/><T96/><D51/><U86/><E102/><V107/><F132/><W122/><G122/><T116/><D116/><U87/><E106/><V64/><F107/><W44/><G44/><T89/><D100/><U124/><E124/><V91/><F108/><N who="1" m="41545" /><E45/><V33/><F33/><AGARI ba="0,1" hai="25,30,33,41,47,48,58,61,67,78,81,85,112,115" machi="33" ten="30,5800,0" yaku="1,1,7,1,52,1,53,0" doraHai="37" doraHaiUra="12" who="3" fromWho="2" sc="310,0,271,0,255,-58,154,68" /><INIT seed="3,1,0,1,2,93" ten="310,271,197,222" oya="3" hai0="132,128,109,80,8,26,47,48,134,68,92,96,90" hai1="100,43,5,86,4,127,89,118,37,17,110,20,66" hai2="11,58,114,57,119,41,123,24,130,83,9,49,3" hai3="107,64,75,12,32,67,73,46,25,52,71,104,61" shuffle="mt19937ar,6A12047C,D2D38FE4,5F406122,92DA5DEB,015F49D2,52F6EDAC,B82CD498,D316DB24"/><W45/><G67/><T115/><D68/><U18/><E110/><V42/><F119/><W50/><G45/><T102/><D109/><U39/><E118/><V103/><F114/><W84/><G84/><N who="0" m="50439" /><D26/><U74/><E74/><V76/><F123/><W121/><G121/><T16/><D115/><U106/><E66/><V116/><F116/><W120/><G120/><T122/><D122/><U88/><E100/><V19/><F130/><W129/><G129/><T2/><D2/><U28/><E43/><N who="2" m="16395" /><F3/><W1/><G1/><T70/><D70/><U31/><E86/><N who="2" m="48487" /><F103/><W59/><G71/><T97/><D97/><U126/><E20/><N who="2" m="13343" /><F58/><W38/><G38/><T27/><D128/><U131/><E131/><V94/><F94/><W85/><G85/><T33/><D33/><U135/><REACH who="1" step="1"/><E106/><REACH who="1" step="2"/><V7/><F7/><W54/><G104/><T91/><D102/><U133/><AGARI ba="1,1" hai="4,5,17,18,28,31,37,39,88,89,126,127,133,135" machi="133" ten="25,12000,2" yaku="1,1,2,1,0,1,22,2,54,1,53,0" doraHai="93" doraHaiUra="108" who="1" fromWho="1" sc="310,-31,261,133,197,-31,222,-61" owari="279,3,394,39,166,-18,161,-24" /></mjloggm>