<mjloggm ver="2.3"><GO type="185"/><UN n0="%E3%81%A8%E3%81%84%E3%81%A4%E3%81%BE%E3%81%99%E3%81%9F%E3%81%81%E2%99%AA" n1="%E3%81%B5%E3%81%8F%EF%BC%A3%EF%BD%88%EF%BD%81%EF%BD%8E%E2%99%AA" n2="%E5%8D%81%E5%85%AD%E5%A4%9C%E2%80%A0%E5%92%B2%E5%A4%9C" n3="" dan="16,17,16,0" rate="2145,2147,2180,1500" sx="M,F,F,C"/><TAIKYOKU oya="0"/><INIT seed="0,0,0,3,4,88" ten="350,350,350,0" oya="0" hai0="108,59,129,76,45,89,94,48,68,61,125,121,74" hai1="100,90,78,109,126,122,114,116,111,103,101,0,56" hai2="47,104,99,65,131,2,75,41,40,133,69,43,113" hai3="" shuffle="mt19937ar,828CA550,6F5D29B6,24C6D772,507C6FA1,564F6FA8,C1E4910A,2E0535D2,FF5C139D"/><T102/><N who="0" m="31008" /><T98/><D68/><U49/><N who="1" m="31264" /><U119/><E0/><V3/><F75/><T37/><D37/><U124/><E49/><V63/><F113/><T50/><D129/><U97/><E56/><V73/><F73/><T127/><D108/><N who="1" m="41547" /><E78/><V77/><F77/><T81/><D102/><U36/><E36/><V42/><F131/><T52/><REACH who="0" step="1"/><D50/><REACH who="0" step="2"/><U35/><E114/><V105/><F69/><T34/><D34/><U120/><N who="1" m="30752" /><U83/><E35/><V72/><F3/><T93/><D93/><U92/><E83/><V84/><F2/><T96/><D96/><U123/><N who="1" m="31520" /><U38/><E38/><V117/><F99/><T58/><D58/><U64/><E64/><AGARI ba="0,1" hai="45,48,52,59,61,64,74,76,81,89,94,98,125,127" m="31008" machi="64" ten="40,12000,1" yaku="1,1,52,2,54,1,53,1" doraHai="88" doraHaiUra="86" who="0" fromWho="1" sc="340,130,350,-120,350,0,0,0" /><INIT seed="0,1,0,4,3,65" ten="470,230,350,0" oya="0" hai0="0,66,116,83,119,107,81,45,43,127,124,101,1" hai1="135,85,125,60,95,104,99,113,128,38,63,33,40" hai2="52,103,100,76,105,117,37,133,3,92,90,75,35" hai3="" shuffle="mt19937ar,67DE55B5,C2675357,770E6FE4,B03EB499,89339A1C,5591AE79,1E2FEDEC,67C81642"/><T36/><D66/><U112/><E33/><V77/><F3/><N who="0" m="1098" /><D83/><U102/><E40/><V78/><F35/><T80/><D80/><U109/><E38/><V129/><F37/><T57/><D57/><U91/><E60/><V68/><F75/><T73/><D101/><U59/><E59/><V123/><N who="2" m="31520" /><V41/><F41/><T110/><D107/><U2/><E63/><V69/><F133/><T98/><D98/><U55/><E55/><V84/><F129/><T87/><D87/><U53/><E53/><V67/><F117/><N who="0" m="45130" /><D110/><U54/><E54/><V82/><F67/><T47/><D47/><U70/><E2/><V94/><F105/><T114/><D114/><U74/><E135/><V120/><N who="2" m="30752" /><V88/><F82/><T108/><D108/><U48/><E109/><V96/><REACH who="2" step="1"/><F52/><REACH who="2" step="2"/><T79/><AGARI ba="1,1" hai="36,43,45,73,79,81,124,127" m="45130,1098" machi="79" ten="40,1400,0" yaku="23,1" doraHai="65" who="0" fromWho="0" sc="470,26,230,-8,340,-8,0,0" /><INIT seed="0,2,0,4,0,104" ten="496,222,332,0" oya="0" hai0="118,82,133,131,1,46,86,39,98,111,84,36,32" hai1="119,125,33,73,42,122,48,96,35,43,66,37,95" hai2="102,77,91,53,112,106,108,70,89,47,90,67,134" hai3="" shuffle="mt19937ar,924DADD3,2C8986E3,296E1789,57AE21CF,71C9AC2D,D71894B8,54697086,B5DF166D"/><T60/><D32/><U76/><N who="1" m="31264" /><U51/><E119/><V114/><F67/><T100/><D1/><U40/><E37/><V45/><F70/><T62/><D118/><U34/><E125/><V56/><F108/><T71/><D111/><U120/><N who="1" m="30752" /><U2/><E66/><V52/><F134/><T74/><D74/><U80/><REACH who="1" step="1"/><E2/><REACH who="1" step="2"/><V123/><F123/><T126/><D126/><U128/><E128/><V59/><F114/><T94/><D131/><U113/><E113/><V0/><F112/><T61/><D71/><U130/><E130/><V132/><F0/><T93/><D36/><U78/><E78/><V38/><F77/><T116/><D116/><U3/><E3/><V49/><F38/><T129/><D129/><U135/><E135/><V121/><N who="2" m="31008" /><V50/><REACH who="2" step="1"/><F132/><REACH who="2" step="2"/><T99/><D133/><U101/><AGARI ba="2,2" hai="33,34,35,40,42,43,48,51,73,76,80,95,96,101" m="30752,31264" machi="101" ten="40,6000,1" yaku="1,1,0,1,52,3,53,0" doraHai="104" doraHaiUra="57" who="1" fromWho="1" sc="496,-42,212,84,322,-22,0,0" /><INIT seed="1,0,0,3,2,58" ten="454,296,300,0" oya="1" hai0="129,65,3,78,66,121,90,114,131,88,115,37,113" hai1="103,64,101,49,75,119,1,102,118,130,124,40,35" hai2="89,74,0,79,2,81,134,41,100,59,63,67,36" hai3="" shuffle="mt19937ar,BD0C3873,F0FEAF28,5B682755,86935B91,735870E3,0E9C961A,08A700B4,85B59421"/><U52/><E35/><V38/><F100/><T61/><N who="0" m="31008" /><T53/><D3/><U93/><E1/><V104/><F104/><T87/><D37/><U60/><E40/><V117/><F117/><T32/><D32/><U133/><E133/><V122/><N who="2" m="31264" /><V51/><F134/><T50/><D78/><U34/><E34/><V76/><F76/><T132/><D132/><U107/><E107/><V97/><F2/><T56/><D66/><U120/><N who="1" m="30752" /><U69/><E124/><V95/><REACH who="2" step="1"/><F0/><REACH who="2" step="2"/><T55/><D90/><U105/><E105/><V44/><AGARI ba="0,1" hai="36,38,41,44,51,59,63,67,74,79,81,89,95,97" m="31264" machi="44" ten="30,9000,2" yaku="1,1,2,1,0,1,52,2,53,1" doraHai="58" doraHaiUra="45" who="2" fromWho="2" sc="454,-30,296,-60,290,100,0,0" /><INIT seed="2,0,0,0,3,71" ten="424,236,390,0" oya="2" hai0="76,94,54,91,129,133,125,82,51,96,119,83,78" hai1="43,36,112,114,80,130,3,113,97,101,66,45,47" hai2="95,34,0,60,59,75,33,131,108,89,35,105,122" hai3="" shuffle="mt19937ar,9750CB22,15B6D4BA,099745BA,CEA83234,EFAFC776,FF5F5F33,2A093FE6,32C459F2"/><V116/><N who="2" m="31264" /><V109/><F75/><T88/><D119/><U2/><E130/><V77/><F77/><T40/><D40/><U55/><E66/><V57/><F0/><T100/><D129/><U56/><E47/><V65/><F105/><T111/><D111/><N who="2" m="42570" /><F131/><T58/><D133/><U134/><E80/><V128/><F128/><T46/><D125/><U68/><E68/><V86/><F116/><T104/><D104/><U48/><REACH who="1" step="1"/><E134/><REACH who="1" step="2"/><V115/><F115/><T73/><REACH who="0" step="1"/><D46/><REACH who="0" step="2"/><U106/><AGARI ba="0,2" hai="2,3,36,43,45,48,55,56,97,101,106,112,113,114" machi="106" ten="30,5900,0" yaku="1,1,2,1,0,1,52,1,53,0" doraHai="71" doraHaiUra="81" who="1" fromWho="1" sc="414,-20,226,79,390,-39,0,0" /><INIT seed="4,0,0,5,1,1" ten="394,305,351,0" oya="0" hai0="46,110,102,57,34,61,70,52,117,47,64,76,93" hai1="124,75,104,96,80,79,58,135,81,121,51,127,103" hai2="112,91,131,40,43,84,111,97,89,55,77,114,0" hai3="" shuffle="mt19937ar,885627EA,2A0B6529,0049C3C7,164ACBD0,1A7A4D16,A56BA752,36F55E61,6F0DF0A8"/><T65/><D117/><U109/><N who="1" m="31008" /><U54/><E109/><V85/><F0/><T119/><D119/><U130/><E135/><V83/><F111/><T98/><D110/><U105/><E130/><V86/><F131/><T118/><D118/><U106/><REACH who="1" step="1"/><E80/><REACH who="1" step="2"/><V90/><F83/><T73/><D34/><U108/><E108/><V3/><F3/><T78/><D73/><U32/><E32/><V69/><F114/><T68/><D78/><U71/><E71/><V99/><F69/><T39/><D76/><U37/><E37/><V92/><F77/><T45/><D39/><U88/><E88/><V133/><F112/><T95/><D70/><U50/><E50/><V53/><F133/><T35/><D35/><U126/><AGARI ba="0,1" hai="51,54,58,75,79,81,96,103,104,105,106,124,126,127" m="31008" machi="126" ten="30,9000,2" yaku="1,1,0,1,18,1,52,1,53,3" doraHai="1" doraHaiUra="101" who="1" fromWho="1" sc="394,-60,295,100,351,-30,0,0" /><INIT seed="5,0,0,2,4,56" ten="334,395,321,0" oya="1" hai0="96,91,92,39,90,33,47,87,97,122,128,126,42" hai1="63,45,62,114,51,58,43,125,113,88,3,52,115" hai2="134,129,93,105,70,44,109,124,76,60,100,133,121" hai3="" shuffle="mt19937ar,9245B20B,AF14834A,094F393B,D4736D7B,52EB6A9F,3ADDCCEB,BC9DEDDB,672BE73D"/><U48/><E3/><V78/><N who="2" m="31008" /><V32/><F32/><T73/><N who="0" m="31264" /><T54/><D73/><U1/><E1/><V108/><F105/><T0/><D0/><U127/><E88/><V68/><F44/><T98/><D33/><U81/><E81/><V85/><F129/><T38/><D38/><U82/><E82/><V131/><F131/><T118/><D118/><U64/><REACH who="1" step="1"/><E63/><REACH who="1" step="2"/><V84/><F60/><T107/><D128/><U2/><E2/><V75/><F134/><T130/><D130/><U104/><E104/><V95/><F133/><T103/><D126/><U119/><E119/><V99/><F124/><T120/><N who="0" m="30752" /><T117/><D117/><U135/><E135/><V49/><F100/><T102/><D102/><U57/><AGARI ba="0,1" hai="43,45,48,51,52,57,58,62,64,113,114,115,125,127" machi="57" ten="40,16000,3" yaku="1,1,0,1,15,1,34,3,52,1,54,1,53,2" doraHai="56" doraHaiUra="53" who="1" fromWho="1" sc="334,-80,385,170,321,-80,0,0" /><INIT seed="5,1,0,1,4,74" ten="254,555,241,0" oya="1" hai0="107,75,33,128,121,120,46,54,93,82,77,119,88" hai1="89,66,85,0,97,35,63,110,115,100,126,45,118" hai2="49,109,117,112,41,91,133,69,50,53,60,56,76" hai3="" shuffle="mt19937ar,6A15CB67,0B9FAFB9,7A204C40,2851C772,1189FE37,217A4C98,8DFF1EE8,FABC78BA"/><U129/><E35/><V51/><F117/><T132/><N who="0" m="30752" /><T71/><N who="0" m="31008" /><T94/><D33/><U84/><E0/><V116/><F116/><T96/><D71/><U52/><E118/><V135/><F91/><T43/><D119/><U131/><E110/><V38/><F76/><T34/><D34/><U101/><E126/><V103/><F103/><T130/><D132/><U108/><E108/><V125/><F125/><T64/><D64/><U70/><E101/><V2/><F2/><T102/><D54/><U106/><E115/><V47/><F109/><T39/><D94/><U68/><E68/><V111/><F111/><T105/><D105/><U78/><E45/><V124/><F124/><T1/><D1/><U83/><REACH who="1" step="1"/><E52/><REACH who="1" step="2"/><V127/><F127/><T40/><REACH who="0" step="1"/><D43/><REACH who="0" step="2"/><U62/><E62/><V72/><F69/><T37/><D37/><U98/><E98/><AGARI ba="1,2" hai="39,40,46,75,77,82,88,93,96,98,102,107,128,130" m="31008,30752" machi="98" ten="40,8000,1" yaku="1,1,52,3,54,1,53,0" doraHai="74" doraHaiUra="3" who="0" fromWho="1" sc="244,102,545,-82,241,0,0,0" /><INIT seed="6,0,0,2,4,77" ten="346,463,241,0" oya="2" hai0="118,122,103,100,46,43,86,124,131,67,82,53,129" hai1="89,99,123,38,61,76,108,114,104,49,79,73,58" hai2="47,48,41,63,45,96,128,107,55,88,33,127,32" hai3="" shuffle="mt19937ar,0FFD32CB,D24066BD,CC59CC40,CD1312C8,2B3AF96D,94BB9DE7,F2E55999,0BFB43F7"/><V42/><F128/><T135/><N who="0" m="31264" /><T93/><D118/><U105/><N who="1" m="31520" /><U74/><E38/><V112/><F112/><T126/><D67/><U37/><E37/><V62/><F127/><N who="0" m="48682" /><D53/><U97/><E49/><V85/><F107/><T3/><D3/><U109/><E58/><V110/><F110/><T87/><D43/><U121/><N who="1" m="31008" /><U78/><E61/><V106/><F106/><T92/><D46/><U40/><E79/><V69/><F96/><T50/><D50/><U72/><E72/><V34/><F69/><T133/><D93/><U35/><E35/><V56/><F63/><T90/><D103/><U119/><E119/><V101/><F101/><T44/><D44/><U51/><E51/><V102/><F102/><T84/><D100/><U81/><E40/><V115/><F115/><T68/><D68/><U57/><E57/><V125/><F125/><T59/><D59/><U71/><E71/><V113/><F113/><T60/><D60/><U36/><E114/><V111/><F111/><T52/><D52/><U0/><E0/><V94/><REACH who="2" step="1"/><F47/><REACH who="2" step="2"/><T95/><D131/><U66/><E109/><V98/><F98/><T117/><D129/><U54/><E108/><V91/><F91/><T134/><D117/><RYUUKYOKU ba="0,1" sc="346,10,463,-20,231,10,0,0" hai0="82,84,86,87,90,92,95,133,134,135" hai2="32,33,34,41,42,45,48,55,56,62,85,88,94" /><INIT seed="6,1,1,3,0,135" ten="356,443,241,0" oya="2" hai0="49,76,103,125,102,112,74,85,65,132,108,128,78" hai1="77,131,121,62,59,63,71,133,116,0,110,90,60" hai2="69,96,119,70,84,82,64,89,115,129,75,100,114" hai3="" shuffle="mt19937ar,59C387F0,FF878DD6,947E4214,4951B991,954B6709,E66C121A,FAEA47CB,94F3A151"/><V109/><F119/><T47/><D108/><U130/><N who="1" m="31008" /><U42/><E0/><V33/><F33/><T2/><D2/><U107/><E133/><V91/><F109/><T54/><D132/><U52/><E107/><V1/><F1/><T40/><D128/><N who="1" m="49195" /><E110/><V45/><F129/><T122/><N who="0" m="31264" /><T36/><D74/><U120/><N who="1" m="30752" /><U134/><E134/><V123/><N who="2" m="31520" /><V48/><F75/><T38/><D112/><N who="2" m="43050" /><F91/><T58/><D38/><U101/><E101/><V113/><N who="2" m="43058" /><V34/><DORA hai="83" /><F64/><T127/><D65/><U93/><E77/><N who="0" m="29801" /><D85/><U68/><E42/><V43/><F34/><T3/><D3/><U79/><E79/><V56/><F56/><T105/><D105/><AGARI ba="1,1" hai="43,45,48,69,70,82,84,89,96,100,105" m="43058,31520" machi="105" ten="40,7700,0" yaku="15,1,52,2" doraHai="135,83" who="2" fromWho="0" sc="356,-79,443,0,241,89,0,0" /><INIT seed="6,2,0,0,1,94" ten="277,443,330,0" oya="2" hai0="124,32,48,85,88,49,37,47,97,90,2,98,125" hai1="95,75,133,70,53,64,35,58,57,34,50,44,134" hai2="102,46,59,60,99,78,36,76,73,103,101,115,114" hai3="" shuffle="mt19937ar,8102F334,961AD4B5,964D4DDF,25FC26FD,84E815BE,34D25B21,4A8D77DF,813B25CD"/><V120/><N who="2" m="30752" /><V106/><F36/><T126/><D32/><U62/><E75/><V84/><F73/><T0/><D37/><U117/><E117/><V104/><F46/><T41/><D49/><U110/><E110/><V74/><F74/><T96/><REACH who="0" step="1"/><D85/><REACH who="0" step="2"/><U42/><E34/><V43/><F84/><T121/><N who="0" m="31008" /><T109/><D109/><U127/><E35/><V65/><F43/><T119/><D119/><U71/><E134/><V131/><F131/><T52/><D52/><U80/><E42/><V63/><F63/><T91/><AGARI ba="2,1" hai="0,2,41,47,48,88,90,91,96,97,98,124,125,126" m="31008" machi="91" ten="40,12000,3" yaku="1,1,0,1,29,2,18,1,52,4,54,1,53,0" doraHai="94" doraHaiUra="113" who="0" fromWho="0" sc="267,134,443,-42,330,-82,0,0" owari="401,35,401,0,248,-35,0,0" /></mjloggm>