<mjloggm ver="2.3"><GO type="225"/><UN n0="%E2%98%85%E3%83%A6%E3%83%94%E3%83%86%E3%83%AB%E2%98%85" n1="%E9%95%B7%E5%B2%A1%E5%A4%A7%E6%98%8E%E7%A5%9E" n2="%45%56%41%4E%53%49%55" n3="%E5%B1%B1%E5%B9%B8%E5%95%86%E5%BA%97" dan="17,16,16,17" rate="2083,2052,2081,2160" sx="M,F,M,M"/><TAIKYOKU oya="0"/><INIT seed="0,0,0,2,0,16" ten="250,250,250,250" oya="0" hai0="1,125,60,90,69,35,105,117,72,21,104,91,20" hai1="108,38,28,67,26,59,46,9,37,124,50,65,110" hai2="121,128,96,111,112,53,78,88,92,70,100,24,57" hai3="4,39,74,99,114,106,94,34,76,15,18,134,7" shuffle="mt19937ar,C72A9E91,18B519E3,62661EBC,1C10D9EE,011A78D4,2FBF730E,2EA7FDCB,EA1BFD43"/><T49/><D72/><U55/><E9/><V107/><F121/><W86/><G34/><T85/><D35/><U89/><E89/><V5/><F112/><W56/><G39/><T58/><D1/><U123/><E123/><V130/><F111/><N who="1" m="42537" /><E124/><V93/><F70/><W27/><G114/><T75/><D75/><U103/><E103/><V51/><F78/><W10/><G74/><T133/><D69/><U83/><E83/><V71/><F71/><W87/><G106/><T97/><D117/><U14/><E14/><V84/><F5/><W73/><G73/><T45/><D133/><U29/><E29/><V68/><F68/><W80/><G87/><T54/><D125/><U23/><E38/><V119/><F119/><W3/><G134/><T52/><D105/><U43/><AGARI ba="0,0" hai="23,26,28,37,43,46,50,55,59,65,67" m="42537" machi="43" ten="30,2000,0" yaku="14,1,52,1" doraHai="16" who="1" fromWho="1" sc="250,-10,250,20,250,-5,250,-5" /><INIT seed="1,0,0,2,0,87" ten="240,270,245,245" oya="1" hai0="92,36,73,64,5,70,22,24,119,72,37,66,102" hai1="52,129,109,62,74,107,86,123,130,79,89,15,131" hai2="121,9,93,113,40,118,112,97,47,60,43,35,65" hai3="71,67,91,28,33,103,111,88,23,84,85,104,61" shuffle="mt19937ar,E59D539C,ED9FBF4F,351A144B,D54FD667,CD6D6F07,55FC279B,BB9F5587,3DE3B975"/><U115/><E107/><V56/><F118/><W101/><G111/><T27/><D119/><U96/><E115/><N who="2" m="44107" /><F121/><W76/><G23/><T127/><D127/><U90/><E123/><V11/><F35/><W83/><G85/><T49/><D5/><U51/><E109/><V135/><F135/><W122/><G122/><T108/><D108/><U44/><E74/><V32/><F32/><W55/><G55/><T34/><D34/><U126/><E126/><V16/><F47/><W69/><G69/><T78/><D49/><U53/><E96/><V17/><F11/><W18/><G18/><N who="2" m="7273" /><F9/><W132/><G103/><AGARI ba="0,0" hai="40,43,56,60,65,93,97,103" m="7273,44107" machi="103" ten="30,2000,0" yaku="11,1,54,1" doraHai="87" who="2" fromWho="3" sc="240,0,270,0,245,20,245,-20" /><INIT seed="2,0,0,1,0,116" ten="240,270,265,225" oya="2" hai0="101,84,95,10,44,74,126,19,78,9,65,113,18" hai1="121,22,33,102,55,62,124,66,71,107,2,36,41" hai2="27,98,49,90,93,79,39,122,31,118,35,57,100" hai3="130,0,69,4,13,106,91,127,135,48,25,45,1" shuffle="mt19937ar,2180B11A,40493282,F7747964,7D1ACCDA,B5A68E17,FE5BE7D0,E7D54A01,1EFBB1AD"/><V16/><F122/><W76/><G106/><T88/><D113/><U120/><E2/><V134/><F118/><W72/><G69/><T8/><D126/><U87/><E124/><V92/><F134/><W14/><G127/><T12/><D65/><U131/><E131/><V67/><F39/><W52/><G130/><T75/><D101/><U109/><E109/><V73/><F73/><W23/><G135/><T83/><D44/><N who="1" m="23591" /><E22/><V15/><F79/><W64/><G64/><T89/><D75/><U3/><E3/><V115/><F115/><W17/><G0/><T123/><D123/><N who="1" m="47179" /><E87/><V7/><F7/><W68/><G68/><T119/><D119/><U21/><E21/><V105/><F90/><W97/><G76/><T58/><D89/><U20/><E20/><V60/><REACH who="2" step="1"/><F49/><REACH who="2" step="2"/><W34/><G72/><T96/><D74/><U6/><E6/><V86/><F86/><W24/><G4/><T32/><D84/><U56/><E33/><V50/><F50/><W117/><G117/><T54/><D32/><U40/><E102/><V125/><F125/><W112/><G112/><T11/><D78/><U85/><E85/><V81/><F81/><W99/><G91/><T5/><D83/><U37/><E37/><V129/><F129/><W114/><G114/><T59/><D5/><U80/><E80/><V26/><F26/><W53/><G1/><T128/><D128/><U133/><E133/><V43/><F43/><N who="3" m="24639" /><G25/><T110/><D88/><U30/><E40/><V82/><F82/><W104/><G13/><T103/><D12/><U132/><E132/><V28/><F28/><RYUUKYOKU ba="0,1" sc="240,-10,270,-10,255,30,225,-10" hai2="15,16,27,31,35,57,60,67,92,93,98,100,105" /><INIT seed="2,1,1,4,5,58" ten="230,260,285,215" oya="2" hai0="34,33,38,20,120,53,114,30,82,47,16,64,98" hai1="92,73,84,19,6,83,39,134,79,87,41,42,93" hai2="130,63,70,121,36,32,18,52,3,122,88,81,9" hai3="21,46,55,69,104,12,108,78,11,26,74,80,135" shuffle="mt19937ar,840A8EB3,04C13B19,F1795A2F,891C5CE4,B391493C,BC3FD25F,D8C54409,8E299471"/><V49/><F36/><W95/><G104/><T94/><D120/><U2/><E134/><V100/><F32/><W4/><G69/><T109/><D114/><U76/><E6/><V131/><F100/><W31/><G135/><T107/><D109/><U86/><E2/><V85/><F3/><W127/><G108/><T105/><D64/><U66/><E66/><N who="2" m="41311" /><F9/><W102/><G127/><T24/><D82/><U57/><E57/><N who="2" m="32911" /><F18/><W119/><G119/><T111/><D111/><U103/><E39/><V129/><AGARI ba="1,1" hai="81,85,88,121,122,129,130,131" m="32911,41311" machi="129" ten="30,11700,0" yaku="19,1,52,1,54,2" doraHai="58" who="2" fromWho="2" sc="230,-40,260,-40,285,130,215,-40" /><INIT seed="2,2,0,2,4,83" ten="190,220,415,175" oya="2" hai0="84,24,61,8,30,23,107,129,2,0,66,119,6" hai1="26,100,112,125,68,64,102,121,108,15,44,69,7" hai2="82,101,31,110,93,54,50,65,60,67,111,46,77" hai3="53,74,45,27,42,21,25,128,62,114,80,14,52" shuffle="mt19937ar,4777AC61,14317F58,9C3B3A56,93F57ED5,DCA3B2D7,6387D8B9,0DA02793,5D6920D7"/><V113/><F113/><W120/><G120/><T134/><D107/><U132/><E121/><V55/><F31/><W4/><G114/><T19/><D119/><U39/><E112/><V86/><F55/><W28/><G128/><T103/><D129/><U73/><E73/><V43/><F54/><W118/><G118/><T11/><D134/><U41/><E132/><V95/><F67/><W105/><G105/><T59/><D103/><U75/><E75/><V109/><REACH who="2" step="1"/><F101/><REACH who="2" step="2"/><W40/><G53/><T116/><D116/><U122/><E102/><V72/><F72/><W47/><G74/><T127/><D30/><U79/><E100/><V124/><F124/><W98/><G52/><T126/><D126/><U17/><E125/><V37/><F37/><W131/><G131/><T33/><D127/><U115/><E64/><V76/><F76/><W71/><G62/><T51/><D51/><U99/><E115/><V10/><F10/><W88/><G28/><T16/><D33/><U92/><E79/><V94/><F94/><W70/><G21/><T106/><D106/><U58/><E122/><V36/><F36/><W13/><G80/><T78/><D11/><U81/><E39/><V117/><F117/><W32/><G32/><T133/><D133/><U18/><E92/><V91/><F91/><W89/><G98/><T29/><D0/><U38/><E99/><V49/><F49/><W34/><G34/><T1/><D1/><U97/><E97/><V135/><F135/><W96/><G96/><T20/><D20/><U57/><E38/><V56/><AGARI ba="2,1" hai="43,46,50,56,60,65,77,82,86,93,95,109,110,111" machi="56" ten="30,24000,3" yaku="1,1,0,1,14,1,10,1,52,1,53,3" doraHai="83" doraHaiUra="123" who="2" fromWho="2" sc="190,-82,220,-82,405,256,175,-82" /><INIT seed="2,3,0,1,4,32" ten="108,138,661,93" oya="2" hai0="81,102,29,79,94,18,44,76,20,134,37,35,100" hai1="54,112,65,104,131,14,103,78,5,91,59,21,70" hai2="51,72,97,34,113,128,2,38,125,87,30,105,84" hai3="17,98,53,130,110,109,88,63,19,123,39,127,58" shuffle="mt19937ar,06E7B64C,3C42DF55,FA2E188E,AE1B935B,D5BA97F3,56D3FC1C,2239440C,762F2328"/><V60/><F113/><W52/><G39/><T3/><D35/><U99/><E112/><V68/><F38/><W75/><G75/><T132/><D29/><U101/><E131/><V90/><F72/><W89/><G130/><T108/><D108/><N who="3" m="41577" /><G123/><T26/><D3/><U31/><E78/><N who="0" m="29737" /><D81/><U119/><E119/><V7/><F128/><W8/><G127/><T133/><D94/><N who="1" m="56799" /><E65/><N who="2" m="40999" /><F51/><W126/><G126/><T115/><D115/><U74/><E70/><V1/><F7/><W43/><G43/><AGARI ba="3,0" hai="18,20,26,37,43,44,100,102,132,133,134" m="29737" machi="43" ten="40,1300,0" yaku="20,1" doraHai="32" who="0" fromWho="3" sc="108,22,138,0,661,0,93,-22" /><INIT seed="3,0,0,2,5,41" ten="130,138,661,71" oya="3" hai0="101,45,9,106,133,73,130,32,129,19,47,112,126" hai1="114,87,42,99,109,76,104,65,46,80,119,6,117" hai2="43,111,20,16,100,89,66,90,24,113,124,62,58" hai3="29,5,108,91,94,21,120,53,30,115,86,63,93" shuffle="mt19937ar,1EF179A5,C1A83ECA,2144AD88,C8B798B0,08BC60D9,89BA22C0,EAE1EDB7,9F483606"/><W48/><G120/><T64/><D73/><U74/><E114/><V40/><F113/><W10/><G115/><T31/><D112/><U97/><E109/><V75/><F75/><W132/><G132/><T12/><D133/><U128/><E128/><N who="0" m="49257" /><D126/><U4/><E65/><V7/><F124/><W69/><G108/><T39/><D39/><N who="1" m="21855" /><E74/><V72/><F72/><W26/><G30/><T67/><D101/><N who="1" m="62527" /><E97/><V38/><F111/><W25/><G94/><T57/><D106/><U125/><E125/><V116/><F116/><AGARI ba="0,0" hai="4,6,76,80,87,116,117,119" m="62527,21855" machi="116" ten="30,2000,0" yaku="12,1,52,1" doraHai="41" who="1" fromWho="2" sc="130,0,138,20,661,-20,71,0" owari="130,-22,158,-9,641,64,71,-33" /></mjloggm>