<mjloggm ver="2.3"><GO type="185"/><UN n0="%EF%BC%BC%28%EF%BC%BE%6F%EF%BC%BE%29%EF%BC%8F%E2%98%85" n1="%E5%83%8D%E3%81%8D%E3%81%9F%E3%81%8F%E3%81%AA%E3%81%84" n2="%E4%B8%89%E7%94%B0%E6%9D%91%E8%8C%9C" n3="" dan="17,17,17,0" rate="2194,2187,2165,1500" sx="M,M,F,C"/><TAIKYOKU oya="0"/><INIT seed="0,0,0,0,4,101" ten="350,350,350,0" oya="0" hai0="1,94,92,61,47,98,34,74,83,99,46,68,59" hai1="126,108,62,51,64,119,48,112,124,129,106,109,52" hai2="36,115,38,75,125,107,67,56,117,93,118,103,33" hai3="" shuffle="mt19937ar,4A38C4D8,4DD5BA9D,D1743C51,C1039DE7,41DB1D3E,D8731E12,5D23877E,C8936431"/><T113/><D34/><U53/><E106/><V130/><F93/><T69/><D1/><U120/><N who="1" m="30752" /><U39/><E39/><V45/><F103/><T71/><D113/><U132/><E112/><V123/><F67/><T135/><D135/><U131/><E132/><V88/><F45/><T97/><D74/><U133/><E133/><V63/><F56/><T55/><REACH who="0" step="1"/><D83/><REACH who="0" step="2"/><U2/><E2/><V114/><N who="2" m="31520" /><V66/><F115/><T54/><D54/><U95/><E119/><V76/><F114/><T128/><D128/><U65/><E95/><AGARI ba="0,1" hai="46,47,55,59,61,68,69,71,92,94,95,97,98,99" machi="95" ten="50,2400,0" yaku="1,1,53,0" doraHai="101" doraHaiUra="73" who="0" fromWho="1" sc="340,34,350,-24,350,0,0,0" /><INIT seed="0,1,0,4,4,89" ten="374,326,350,0" oya="0" hai0="133,85,124,90,97,122,132,110,53,99,87,69,77" hai1="59,79,75,37,96,111,36,39,131,126,103,41,40" hai2="65,54,112,66,72,119,48,34,70,60,46,38,44" hai3="" shuffle="mt19937ar,29B53F43,3D1E29DB,BE543376,5F71AC01,6FB03E3E,03367DD0,BE542B41,29BA7894"/><T105/><N who="0" m="31264" /><T127/><D69/><U71/><E71/><V45/><F34/><T49/><D110/><U121/><N who="1" m="31008" /><U134/><E126/><N who="0" m="48169" /><D49/><U128/><E111/><V43/><F72/><T57/><D57/><U94/><E134/><N who="0" m="51817" /><D53/><U32/><E32/><V50/><F119/><T86/><D77/><U83/><REACH who="1" step="1"/><E59/><REACH who="1" step="2"/><V106/><F112/><T67/><D67/><U0/><E0/><V120/><N who="2" m="30752" /><V64/><F106/><T135/><D135/><U52/><E52/><AGARI ba="1,1" hai="38,43,44,45,46,48,50,52,54,60,64,65,66,70" m="30752" machi="52" ten="30,16000,3" yaku="7,1,9,1,35,6,52,1,54,1" doraHai="89" who="2" fromWho="1" sc="374,0,316,-162,350,172,0,0" /><INIT seed="1,0,0,3,0,92" ten="374,154,522,0" oya="1" hai0="64,34,71,122,121,85,109,110,57,91,77,1,113" hai1="41,115,36,61,42,76,101,79,63,70,3,117,132" hai2="39,133,83,96,111,52,93,84,66,87,120,60,73" hai3="" shuffle="mt19937ar,E93FA9BC,229C6360,DCC8D9C2,40AF854F,575BDF6A,4BE99EE8,F6661F81,0CAD6F2B"/><U90/><E3/><V88/><N who="2" m="30752" /><V134/><F39/><T129/><N who="0" m="31008" /><T37/><N who="0" m="31264" /><T100/><D34/><U67/><E115/><V107/><F107/><T103/><D113/><U126/><E117/><V33/><F33/><T99/><D1/><U75/><E132/><N who="2" m="50795" /><F111/><N who="0" m="42506" /><D37/><U68/><E126/><V104/><F104/><T58/><D77/><U32/><E32/><V106/><F106/><T65/><D129/><U80/><E101/><N who="0" m="38985" /><D71/><U127/><E76/><V128/><F128/><T98/><D58/><U69/><E127/><V89/><F73/><T55/><D65/><U0/><E0/><V43/><F43/><T118/><D64/><U105/><E105/><V49/><F87/><T108/><N who="0" m="42514" /><T81/><DORA hai="95" /><D118/><U86/><E36/><V2/><F2/><T131/><D131/><U119/><E119/><V35/><F35/><T51/><AGARI ba="0,0" hai="51,55,57,81,85,91,98,99" m="38985,42514,31264,31008" machi="51" ten="40,9000,2" yaku="14,1,52,6" doraHai="92,95" who="0" fromWho="0" sc="374,90,154,-60,522,-30,0,0" /><INIT seed="2,0,0,1,3,118" ten="464,94,492,0" oya="2" hai0="132,116,133,80,79,75,105,36,126,87,77,50,58" hai1="84,94,32,56,41,1,66,45,122,0,124,123,71" hai2="63,125,90,54,119,68,72,37,112,127,43,99,109" hai3="" shuffle="mt19937ar,0AFD69BD,8C9DCB4F,213D5517,3C21CB5A,B9D829F5,BA16A8B2,E0AB6722,78FB97A9"/><V107/><F119/><T40/><D116/><U96/><N who="1" m="31264" /><U51/><N who="1" m="31520" /><U92/><E124/><N who="2" m="47691" /><F72/><T98/><D126/><U101/><E32/><V39/><F112/><T83/><D36/><N who="2" m="13898" /><F43/><T38/><D38/><U131/><E131/><V93/><F107/><T55/><D40/><U70/><E0/><V47/><F47/><T61/><D105/><U74/><E74/><V49/><F109/><T135/><D98/><U102/><E1/><V64/><F49/><AGARI ba="0,0" hai="49,50,55,58,61,75,77,79,80,83,87,132,133,135" machi="49" ten="40,1300,0" yaku="20,1" doraHai="118" who="0" fromWho="2" sc="464,13,94,0,492,-13,0,0" /><INIT seed="4,0,0,2,0,126" ten="477,94,479,0" oya="0" hai0="115,62,39,116,69,90,79,107,3,42,52,95,99" hai1="111,36,54,108,114,68,61,44,102,129,97,92,105" hai2="96,0,106,1,49,83,32,40,121,67,110,123,45" hai3="" shuffle="mt19937ar,1CA87503,81EDDEA5,45654DC7,9C4CB432,75BE324A,B4EA0BA6,03EFED93,7D1CF218"/><T118/><D3/><U50/><E114/><V103/><N who="2" m="31008" /><V55/><N who="2" m="31520" /><V88/><F32/><T81/><D115/><U131/><E105/><V2/><F110/><T84/><D39/><U98/><E98/><V135/><F67/><T117/><D42/><U64/><REACH who="1" step="1"/><E36/><REACH who="1" step="2"/><V127/><F127/><T76/><D107/><U59/><E59/><V94/><F135/><T46/><D69/><U86/><E86/><V72/><F72/><T82/><D46/><U109/><AGARI ba="0,1" hai="44,50,54,61,64,68,92,97,102,108,109,111,129,131" machi="109" ten="40,6000,1" yaku="1,1,0,1,52,2,53,1" doraHai="126" doraHaiUra="41" who="1" fromWho="1" sc="477,-40,84,70,479,-20,0,0" /><INIT seed="5,0,0,1,2,52" ten="437,154,459,0" oya="1" hai0="72,47,116,132,134,84,83,76,92,88,58,85,111" hai1="37,32,46,128,126,114,44,123,1,74,130,45,67" hai2="115,108,40,121,87,69,73,39,96,68,124,0,41" hai3="" shuffle="mt19937ar,F06F4A96,1C0FC53C,F33C77DC,85CA7A7D,52C8D4A3,94C16530,EE0B3967,8B19943A"/><U62/><N who="1" m="31520" /><U36/><E1/><V131/><N who="2" m="31008" /><V93/><F73/><T34/><D34/><U113/><E32/><V82/><F68/><T78/><D111/><U118/><E74/><V3/><F69/><T59/><D116/><U95/><E118/><V61/><F39/><N who="1" m="14921" /><E95/><V129/><F115/><N who="1" m="44041" /><E126/><V135/><F124/><T63/><D47/><N who="1" m="12035" /><U102/><DORA hai="75" /><E102/><V119/><F119/><T71/><D72/><U50/><E50/><V64/><F0/><T105/><D105/><U33/><E33/><V122/><F3/><T79/><D71/><AGARI ba="0,0" hai="62,67,71,128,130" m="12035,44041,14921,31520" machi="71" ten="40,12000,1" yaku="15,1,34,2,52,1" doraHai="52,75" who="1" fromWho="0" sc="437,-120,154,120,459,0,0,0" /><INIT seed="5,1,0,3,4,111" ten="317,274,459,0" oya="1" hai0="101,115,46,64,124,120,79,2,118,123,50,49,94" hai1="110,113,44,84,52,60,70,134,59,66,135,104,119" hai2="129,96,73,95,116,35,88,71,33,37,133,97,122" hai3="" shuffle="mt19937ar,64A57ECE,54FBD4E4,4BB757F6,52A2360A,C28211B5,C4AF12E9,62505031,1D9A2DE5"/><U57/><E104/><V103/><N who="2" m="31264" /><V34/><F116/><T131/><N who="0" m="30752" /><T1/><N who="0" m="31520" /><T90/><D118/><U58/><E119/><V112/><F112/><T69/><D115/><U102/><E102/><V98/><F133/><N who="1" m="50697" /><E110/><V56/><F129/><T87/><D131/><U107/><E107/><V108/><F108/><T109/><D109/><U51/><E84/><V92/><F73/><T75/><D124/><U81/><E81/><V105/><F71/><T83/><D50/><U99/><E99/><V62/><F37/><T36/><D36/><U68/><E68/><V93/><REACH who="2" step="1"/><F98/><REACH who="2" step="2"/><T43/><REACH who="0" step="1"/><D101/><REACH who="0" step="2"/><U128/><E128/><V67/><AGARI ba="1,2" hai="33,34,35,56,62,67,88,92,93,95,96,97,103,105" m="31264" machi="67" ten="30,9000,2" yaku="1,1,2,1,0,1,52,1,54,1,53,1" doraHai="111" doraHaiUra="61" who="2" fromWho="2" sc="307,-31,274,-61,449,112,0,0" /><INIT seed="6,0,0,5,4,72" ten="276,213,561,0" oya="2" hai0="38,114,96,126,103,50,32,134,78,122,51,36,56" hai1="71,55,88,42,97,0,83,95,41,48,44,133,46" hai2="110,75,61,70,85,73,125,107,79,101,76,91,33" hai3="" shuffle="mt19937ar,C1555AB8,2DAAF1B6,2158D757,74D24EB7,C7E34F2E,0DE76B9A,97B34B16,4C64C842"/><V69/><F70/><T3/><N who="0" m="31264" /><T119/><D32/><U100/><E0/><V108/><F76/><T132/><D3/><U90/><E71/><V35/><F79/><T59/><D78/><U135/><E55/><V39/><F85/><T123/><N who="0" m="31520" /><T63/><D119/><U116/><E116/><V47/><F91/><T102/><D126/><U67/><E67/><V129/><F75/><T120/><N who="0" m="30752" /><T124/><D124/><U65/><E65/><V92/><F73/><T109/><D109/><U86/><E135/><N who="0" m="51753" /><D114/><U105/><E133/><V89/><F125/><T54/><D103/><U62/><E62/><V64/><F101/><T34/><D34/><U94/><REACH who="1" step="1"/><E90/><REACH who="1" step="2"/><V117/><F89/><T112/><D112/><U104/><E104/><V77/><F107/><T99/><D102/><U1/><E1/><V131/><F108/><T53/><D63/><U80/><E80/><V45/><F110/><T68/><D68/><U37/><AGARI ba="0,1" hai="37,41,42,44,46,48,83,86,88,94,95,97,100,105" machi="37" ten="20,3900,0" yaku="1,1,0,1,7,1,54,1,53,0" doraHai="72" doraHaiUra="118" who="1" fromWho="1" sc="276,-13,203,49,561,-26,0,0" owari="263,-14,252,-35,535,49,0,0" /></mjloggm>