<mjloggm ver="2.3"><GO type="225"/><UN n0="%4E%6F%2E%32" n1="%74%EF%BC%9C%6E" n2="%E3%83%9A%E3%83%AD%E3%81%A1%E3%82%83%E3%82%93" n3="%E9%9B%81%E7%BA%8F" dan="16,16,16,16" rate="2104,2077,2073,2070" sx="M,F,M,M"/><TAIKYOKU oya="0"/><INIT seed="0,0,0,5,2,101" ten="250,250,250,250" oya="0" hai0="16,11,76,56,18,92,128,40,80,64,27,54,133" hai1="65,2,71,43,3,127,88,82,134,126,53,75,31" hai2="39,14,50,72,21,118,19,79,20,103,42,99,36" hai3="44,84,38,97,58,22,23,87,17,112,30,121,117" shuffle="mt19937ar,DCBD4A82,0322DB10,ED5E6D86,471DE0FD,44589F8B,BE130028,1ED7E618,AEAB3839"/><T25/><D133/><U6/><E43/><V37/><F118/><W34/><G117/><T109/><D128/><U114/><E134/><V123/><F123/><W49/><G121/><T93/><D40/><U10/><E114/><V59/><F79/><W47/><G112/><T124/><D64/><U108/><E108/><V7/><F72/><W91/><G34/><T135/><D135/><U1/><E31/><V66/><F7/><W81/><G38/><T100/><D124/><N who="1" m="47659" /><E53/><V35/><F35/><W105/><G30/><T29/><D109/><U48/><E48/><V32/><F32/><W26/><G23/><N who="0" m="15615" /><D25/><U70/><E65/><V5/><F5/><W78/><G97/><N who="0" m="59431" /><D93/><U110/><E110/><V90/><F66/><W68/><G105/><T86/><D11/><U69/><E88/><V94/><F90/><W12/><G68/><T61/><AGARI ba="0,0" hai="16,18,54,56,61,76,80,86" m="59431,15615" machi="61" ten="30,3000,0" yaku="8,1,54,1" doraHai="101" who="0" fromWho="0" sc="250,30,250,-10,250,-10,250,-10" /><INIT seed="0,1,0,5,4,38" ten="280,240,240,240" oya="0" hai0="69,63,97,130,18,116,13,94,26,76,50,114,60" hai1="21,72,132,65,5,46,49,84,96,134,108,118,99" hai2="125,110,7,10,29,95,127,43,32,0,71,56,16" hai3="14,107,80,62,117,133,23,123,98,87,27,34,11" shuffle="mt19937ar,2A293206,393CDFEF,56FCDC99,E6BCA291,AB5955A5,7177E4E3,07F9D0A2,ED51453C"/><T53/><D116/><U104/><E72/><V6/><F71/><W2/><G117/><T100/><D114/><U3/><E118/><V111/><F95/><W28/><G123/><T92/><D130/><U88/><E108/><N who="2" m="41515" /><F56/><W37/><G133/><N who="1" m="51306" /><E65/><V44/><F7/><W31/><G37/><T129/><D129/><U30/><E104/><V12/><F29/><W75/><G75/><T89/><D76/><U1/><E30/><V81/><F81/><W106/><G98/><N who="1" m="37418" /><E21/><N who="2" m="11399" /><F32/><W90/><G31/><T82/><D82/><N who="1" m="49175" /><E5/><V57/><F57/><W54/><G107/><T19/><D69/><U48/><E48/><AGARI ba="1,0" hai="0,6,10,43,44,48,125,127" m="11399,41515" machi="48" ten="30,3900,0" yaku="14,1,52,1,54,1" doraHai="38" who="2" fromWho="1" sc="280,0,240,-42,240,42,240,0" /><INIT seed="1,0,0,4,2,9" ten="280,198,282,240" oya="1" hai0="17,93,60,10,43,36,38,7,78,105,126,81,135" hai1="100,86,56,116,130,68,73,111,77,109,95,28,11" hai2="1,112,51,54,70,14,133,57,55,119,102,5,63" hai3="101,26,29,15,90,46,82,49,61,62,40,22,92" shuffle="mt19937ar,FEAD8F22,0651A121,03B12C93,1610D983,89A03BC4,FF60E630,35D4B42F,B8AFC51F"/><U69/><E116/><V104/><F119/><W21/><G101/><T20/><D105/><U4/><E28/><V48/><F112/><W91/><G82/><T8/><D135/><U132/><E132/><V115/><F115/><W3/><G3/><T53/><D126/><U87/><E73/><V121/><F1/><W99/><G91/><T0/><D93/><U66/><E130/><V106/><F121/><W120/><G120/><T97/><D10/><U85/><E77/><V50/><F133/><W30/><REACH who="3" step="1"/><G15/><REACH who="3" step="2"/><T59/><D0/><U83/><E83/><V88/><F102/><W52/><G52/><T35/><D53/><U134/><E134/><V39/><F55/><W18/><G18/><T13/><D17/><U79/><E79/><V131/><F54/><W64/><G64/><T114/><D81/><U41/><E41/><V117/><F88/><W122/><G122/><T44/><D78/><U110/><E100/><V76/><F14/><W45/><G45/><T113/><D13/><N who="1" m="5351" /><E95/><V24/><F76/><W80/><G80/><T47/><D43/><U32/><E32/><V127/><F131/><W34/><G34/><T108/><D35/><U71/><E66/><V16/><F117/><W72/><G72/><T84/><D114/><U19/><E19/><V98/><F16/><W42/><G42/><T37/><D113/><U6/><E6/><V25/><F5/><W123/><G123/><T67/><D67/><U74/><E74/><V125/><F125/><W129/><G129/><T23/><D7/><U107/><E107/><V65/><F127/><W31/><G31/><RYUUKYOKU ba="0,1" sc="280,-15,198,15,282,-15,230,15" hai1="56,68,69,71,85,86,87,109,110,111" hai3="21,22,26,29,30,40,46,49,61,62,90,92,99" /><INIT seed="1,1,1,2,1,43" ten="265,213,267,245" oya="1" hai0="48,106,123,102,116,0,28,62,8,125,25,121,20" hai1="38,128,85,104,111,11,66,59,52,79,69,6,31" hai2="27,63,105,39,5,2,18,50,119,124,17,108,129" hai3="30,24,135,3,78,40,91,22,35,72,82,29,9" shuffle="mt19937ar,15FC8D21,10EBB669,82ED315C,DE1E36A6,5AEC118D,500EE526,975EFF39,48366A9B"/><U44/><E104/><V1/><F119/><W81/><G135/><T34/><D116/><U23/><E128/><V64/><F105/><W107/><G107/><T54/><D125/><U67/><E69/><V77/><F39/><W86/><G30/><T36/><D36/><U134/><E134/><V16/><F108/><W68/><G68/><T7/><D62/><U98/><E111/><V42/><F129/><W88/><G40/><T55/><D34/><U65/><E98/><V45/><F124/><W32/><REACH who="3" step="1"/><G91/><REACH who="3" step="2"/><T26/><D106/><U53/><E31/><V117/><F117/><W99/><G99/><T73/><D102/><U61/><E79/><V100/><F77/><W101/><G101/><T131/><D28/><U110/><E110/><V84/><F100/><W13/><G13/><T132/><D132/><U127/><E127/><V60/><F2/><W80/><G80/><T49/><D0/><U130/><E130/><V71/><F1/><W37/><G37/><T96/><D131/><U75/><E38/><V122/><F42/><W112/><G112/><T133/><D96/><U94/><E94/><V115/><F115/><W118/><G118/><T4/><D133/><U90/><E90/><V12/><F12/><W21/><G21/><T57/><D123/><U109/><E23/><V93/><F71/><W114/><G114/><T33/><D20/><U97/><E97/><V14/><F93/><W10/><G10/><T76/><D121/><U47/><E11/><V70/><F70/><W87/><G87/><T120/><D8/><U103/><E109/><V19/><F122/><RYUUKYOKU ba="1,2" sc="265,-10,213,-10,267,-10,235,30" hai3="3,9,22,24,29,32,35,72,78,81,82,86,88" /><INIT seed="2,2,2,3,3,133" ten="255,203,257,265" oya="2" hai0="47,18,99,66,30,63,110,135,1,56,102,16,65" hai1="59,68,45,113,60,14,78,21,70,91,12,29,88" hai2="38,112,9,130,40,82,124,39,10,49,89,114,122" hai3="51,79,20,90,15,134,95,13,76,108,100,75,11" shuffle="mt19937ar,CF9C5DFD,DAC6C4B3,524FA855,AEC124E7,07DD2D6B,ED7FA61A,A07E2B47,B423E339"/><V107/><F107/><W58/><G75/><T48/><D135/><U128/><E113/><V106/><F106/><W25/><G134/><T84/><D110/><U104/><E104/><V43/><F122/><W7/><G108/><T85/><D1/><U5/><E78/><V131/><F89/><W86/><G100/><T64/><D30/><U41/><E128/><N who="2" m="49195" /><F124/><W103/><G103/><T52/><D102/><U57/><E68/><V4/><F82/><W120/><G120/><T34/><D34/><U126/><E70/><V17/><F17/><N who="0" m="6762" /><D99/><U36/><E126/><V105/><F105/><W127/><G127/><T28/><D28/><U61/><E29/><V32/><F32/><W119/><G15/><T0/><D0/><U72/><E14/><N who="2" m="5415" /><F10/><W44/><G119/><T109/><D109/><U74/><E21/><V6/><F6/><W69/><G69/><T50/><D50/><U80/><E5/><V83/><F83/><W42/><G20/><T37/><D37/><N who="2" m="13834" /><F49/><N who="3" m="26775" /><G25/><T118/><D118/><U87/><E12/><V54/><F54/><AGARI ba="2,2" hai="7,11,13,51,54,58,76,79,86,90,95" m="26775" machi="54" ten="30,1000,0" yaku="8,1" doraHai="133" who="3" fromWho="2" sc="255,0,203,0,257,-16,265,36" /><AGARI ba="2,0" hai="47,48,52,54,56,63,64,65,66,84,85" m="6762" machi="54" ten="30,3900,0" yaku="8,1,54,2" doraHai="133" who="0" fromWho="2" sc="255,39,203,0,241,-39,301,0" /><INIT seed="3,0,0,3,1,118" ten="294,203,202,301" oya="3" hai0="134,33,109,77,29,11,125,66,15,52,122,3,9" hai1="130,63,133,12,80,31,4,124,100,91,92,87,74" hai2="116,67,14,83,107,84,132,120,54,115,104,61,19" hai3="64,39,59,53,32,30,8,21,27,113,42,108,135" shuffle="mt19937ar,49EA6885,F51F09B4,5174B9A6,60DA8346,2083DED2,87E3A14C,D0DD7FC6,56355A9B"/><W5/><G113/><T97/><D122/><U94/><E124/><V103/><F116/><W18/><G64/><T55/><D77/><U26/><E130/><V119/><F115/><W24/><G135/><T71/><D125/><U110/><E133/><V79/><F119/><W20/><G108/><T126/><D126/><U82/><E110/><V48/><F132/><W62/><G39/><T34/><D109/><U95/><E63/><V10/><F120/><W73/><G73/><T93/><D134/><U17/><E4/><V50/><F103/><W70/><G42/><T7/><D71/><U38/><E38/><V131/><F131/><W46/><G46/><T22/><D66/><U114/><E114/><V89/><F79/><W16/><G70/><T51/><D22/><N who="1" m="15831" /><E80/><V121/><F121/><W96/><G96/><T58/><D55/><U112/><E74/><V105/><REACH who="2" step="1"/><F54/><REACH who="2" step="2"/><W35/><G30/><T37/><D37/><U6/><E112/><V47/><F47/><W78/><G78/><T41/><D29/><U57/><E57/><AGARI ba="0,1" hai="10,14,19,48,50,57,61,67,83,84,89,104,105,107" machi="57" ten="40,1300,0" yaku="1,1,53,0" doraHai="118" doraHaiUra="49" who="2" fromWho="1" sc="294,0,203,-13,192,23,301,0" owari="294,4,190,-21,215,-13,301,30" /></mjloggm>