<mjloggm ver="2.3"><GO type="185"/><UN n0="%E7%A5%9E%E3%80%85%E3%82%AF%E3%83%A9%E3%82%B9" n1="%E5%8D%81%E5%85%AD%E5%A4%9C%E2%80%A0%E5%92%B2%E5%A4%9C" n2="%E3%81%9F%E3%82%80%E3%81%A8%E3%83%BC" n3="" dan="17,16,16,0" rate="2166,2136,2156,1500" sx="M,F,M,C"/><TAIKYOKU oya="0"/><INIT seed="0,0,0,1,4,81" ten="350,350,350,0" oya="0" hai0="133,70,95,125,115,56,89,97,114,132,43,46,62" hai1="101,60,93,78,130,75,94,127,87,104,53,57,40" hai2="73,45,88,121,68,79,83,116,112,98,90,119,69" hai3="" shuffle="mt19937ar,5E780F17,CBC6D59F,4B896C28,2A2CB149,E1D49ADF,937F999A,C7F8D232,7A1F455D"/><T63/><D70/><U34/><E34/><V131/><F112/><T42/><D125/><U41/><E130/><V44/><N who="2" m="31008" /><V2/><F2/><T117/><D117/><N who="2" m="45130" /><F131/><T1/><D1/><U111/><E127/><V52/><F44/><T33/><D33/><U107/><E111/><V66/><F66/><T118/><D63/><U108/><E108/><V103/><F68/><T96/><D96/><U48/><E75/><V0/><F69/><T71/><D71/><U100/><E107/><V67/><F67/><T3/><D3/><U50/><E104/><V77/><F77/><T64/><D118/><U51/><E78/><V85/><F73/><T72/><D42/><U47/><E41/><V123/><N who="2" m="31520" /><V91/><F0/><T74/><D74/><U122/><N who="1" m="31264" /><U59/><E47/><V124/><F124/><T76/><D76/><U110/><E40/><V102/><F98/><T135/><REACH who="0" step="1"/><D72/><REACH who="0" step="2"/><U92/><E110/><V54/><F54/><T105/><D105/><U128/><E53/><V120/><F120/><T86/><D86/><U82/><E60/><V35/><F35/><T39/><AGARI ba="0,1" hai="39,43,46,56,62,64,89,95,97,114,115,132,133,135" machi="39" ten="30,4000,0" yaku="1,1,0,1,20,1,53,0" doraHai="81" doraHaiUra="134" who="0" fromWho="0" sc="340,50,350,-20,350,-20,0,0" /><INIT seed="0,1,0,5,0,64" ten="390,330,330,0" oya="0" hai0="123,116,36,114,40,133,109,110,48,126,124,118,51" hai1="132,77,101,90,129,97,47,113,62,42,127,92,41" hai2="99,107,44,134,84,65,33,46,128,103,0,96,45" hai3="" shuffle="mt19937ar,EBD93C24,096250A6,3CA31F9F,F541BF2B,6D7F3344,BDAA3B14,2151D666,1F842EE1"/><T71/><D36/><U122/><N who="1" m="31264" /><U89/><E132/><V112/><F0/><T50/><N who="0" m="31520" /><T56/><D40/><U67/><E129/><V94/><F33/><T86/><D86/><U59/><E127/><N who="0" m="48681" /><D133/><U72/><E113/><V120/><F134/><T49/><D114/><U115/><E115/><V93/><F112/><T82/><D82/><U32/><E32/><V105/><N who="2" m="30752" /><V130/><F65/><T66/><D71/><U80/><REACH who="1" step="1"/><E41/><REACH who="1" step="2"/><V57/><F128/><T76/><D118/><U91/><E91/><V111/><F130/><T68/><D116/><U58/><E58/><V85/><F57/><T95/><D76/><U119/><E119/><V55/><F103/><T74/><D56/><U81/><E81/><V79/><F79/><T34/><D34/><U131/><E131/><V121/><F121/><T63/><D110/><U3/><E3/><V37/><F111/><T54/><D109/><U53/><E53/><V73/><F55/><T70/><D54/><U61/><E61/><V125/><F125/><T88/><D63/><U1/><E1/><V117/><F117/><T98/><D88/><U43/><E43/><V100/><F100/><T2/><D2/><U106/><E106/><V83/><F83/><RYUUKYOKU ba="1,1" sc="390,-10,320,20,330,-10,0,0" hai1="42,47,59,62,67,72,77,80,89,90,92,97,101" /><INIT seed="1,2,1,0,0,60" ten="380,340,320,0" oya="1" hai0="93,54,91,45,104,106,55,46,88,50,98,110,48" hai1="65,123,78,62,59,74,134,82,52,120,44,56,61" hai2="117,58,72,94,66,43,90,107,41,92,49,113,87" hai3="" shuffle="mt19937ar,BCCE26F2,B28475ED,AF983DE2,76F45D72,50F2D781,EB6E5466,B0D90B39,29745195"/><U109/><N who="1" m="30752" /><U111/><N who="1" m="31520" /><U71/><E134/><V42/><F107/><T105/><D110/><U3/><E3/><V130/><F117/><T40/><D40/><U36/><E36/><V70/><F72/><T127/><D127/><U76/><E76/><V57/><F130/><T1/><D1/><U126/><E126/><V80/><F113/><T67/><D67/><U69/><E44/><V119/><F119/><T96/><REACH who="0" step="1"/><D91/><REACH who="0" step="2"/><U81/><REACH who="1" step="1"/><E81/><REACH who="1" step="2"/><V99/><F80/><T83/><D83/><U132/><E132/><V121/><F121/><T100/><AGARI ba="2,3" hai="45,46,48,50,54,55,88,93,96,98,100,104,105,106" machi="100" ten="30,5900,0" yaku="1,1,0,1,9,1,54,1,53,0" doraHai="60" doraHaiUra="118" who="0" fromWho="0" sc="370,93,330,-41,320,-22,0,0" /><INIT seed="2,0,0,3,4,108" ten="463,289,298,0" oya="2" hai0="84,87,72,117,79,77,81,112,89,106,129,99,47" hai1="96,1,105,43,52,122,91,36,61,46,35,49,133" hai2="37,75,125,127,39,104,109,32,119,0,90,65,130" hai3="" shuffle="mt19937ar,A80AE825,81DEE5AF,6E78F4D5,F101B944,390A2284,CC461230,136FA125,5BFA6A12"/><V102/><RYUUKYOKU type="yao9" ba="0,0" sc="463,0,289,0,298,0,0,0" hai2="0,32,37,39,65,75,90,102,104,109,119,125,127,130" /><INIT seed="2,1,0,4,3,103" ten="463,289,298,0" oya="2" hai0="96,124,84,113,122,81,134,56,49,72,92,75,42" hai1="50,68,59,60,67,102,125,97,2,98,51,115,44" hai2="57,35,36,39,63,106,1,79,33,109,41,55,54" hai3="" shuffle="mt19937ar,54D61D64,FA957799,06903725,616F337F,58B6737C,FAFE8D5A,6958AE30,8D30950D"/><V94/><F1/><T129/><N who="0" m="31264" /><T48/><D113/><U133/><E2/><V105/><F79/><T82/><D129/><U120/><N who="1" m="30752" /><U78/><E115/><V132/><F132/><T46/><D134/><U107/><E133/><V93/><F63/><T87/><D124/><U99/><E125/><V66/><F57/><T121/><N who="0" m="31008" /><T90/><D84/><U45/><E78/><V71/><F66/><T62/><D81/><U64/><E64/><V111/><REACH who="2" step="1"/><F41/><REACH who="2" step="2"/><T112/><D112/><U118/><E59/><V127/><F127/><T70/><D56/><U58/><E58/><V3/><F3/><T38/><D72/><U123/><N who="1" m="31520" /><U86/><E118/><V95/><F95/><T100/><D75/><U65/><E65/><V130/><F130/><T76/><D76/><U114/><E114/><V108/><F108/><T119/><D119/><U104/><E60/><V128/><F128/><T131/><D131/><U88/><E67/><V110/><F110/><T61/><D61/><U80/><E45/><V52/><F52/><T116/><D116/><U32/><E44/><V53/><F53/><T83/><D62/><U0/><E0/><V69/><AGARI ba="1,1" hai="33,35,36,39,54,55,69,71,93,94,105,106,109,111" machi="69" ten="25,12000,2" yaku="1,1,0,1,22,2,52,2,53,0" doraHai="103" doraHaiUra="37" who="2" fromWho="2" sc="463,-61,289,-61,288,132,0,0" /><INIT seed="2,2,0,1,3,76" ten="402,228,420,0" oya="2" hai0="46,44,90,56,40,131,86,60,69,63,61,78,107" hai1="83,110,32,130,1,39,3,102,91,65,82,105,84" hai2="35,120,118,117,108,38,98,34,134,53,122,58,97" hai3="" shuffle="mt19937ar,3A94A1BF,BAB23824,5828761A,CFD2E8BE,D93F1498,1AF90E8B,AACB8D8C,D1FD0A0C"/><V114/><N who="2" m="30752" /><V101/><N who="2" m="31264" /><V80/><F38/><T96/><D69/><U113/><E32/><V66/><F114/><T133/><D133/><U85/><E39/><V48/><F134/><T43/><D131/><U93/><E65/><V33/><F108/><T52/><D78/><U75/><E113/><V132/><F132/><T57/><D107/><U88/><E130/><V68/><F80/><T72/><D72/><U112/><E112/><V62/><REACH who="2" step="1"/><F97/><REACH who="2" step="2"/><T94/><D96/><U50/><E110/><V129/><F129/><T67/><REACH who="0" step="1"/><D61/><REACH who="0" step="2"/><U95/><E3/><V124/><F124/><T106/><D106/><AGARI ba="2,2" hai="33,34,35,48,53,58,62,66,68,98,101,106,117,118" m="31264,30752" machi="106" ten="40,7700,0" yaku="1,1,52,2,53,0" doraHai="76" doraHaiUra="87" who="2" fromWho="0" sc="392,-81,228,0,410,101,0,0" /><INIT seed="2,3,0,4,2,128" ten="311,228,511,0" oya="2" hai0="125,78,65,120,69,3,41,61,131,127,101,66,35" hai1="99,60,81,48,79,54,58,130,42,111,68,95,43" hai2="107,117,100,56,59,122,135,133,63,110,126,34,44" hai3="" shuffle="mt19937ar,0846821E,4803379F,EC00DE95,1C7D6A80,1E67D7BB,D8BD86BB,A7386BC3,563337BE"/><V32/><N who="2" m="31264" /><V0/><F0/><T1/><N who="0" m="30752" /><T87/><D35/><U67/><E130/><V80/><F117/><T76/><D131/><U73/><REACH who="1" step="1"/><E111/><REACH who="1" step="2"/><V71/><F110/><T124/><D1/><U39/><E39/><V51/><F32/><T119/><D3/><U49/><E49/><V96/><F34/><T102/><D125/><U88/><AGARI ba="3,1" hai="42,43,48,54,58,60,67,68,73,79,81,88,95,99" machi="88" ten="20,6000,1" yaku="1,1,0,1,7,1,54,1,53,1" doraHai="128" doraHaiUra="93" who="1" fromWho="1" sc="311,-23,218,76,511,-43,0,0" /><INIT seed="4,0,0,4,4,95" ten="288,294,468,0" oya="0" hai0="128,39,88,32,96,92,112,119,118,76,70,34,69" hai1="90,47,87,58,83,131,61,98,127,63,109,52,117" hai2="108,64,75,105,40,116,82,54,129,77,74,71,53" hai3="" shuffle="mt19937ar,D7920B7D,768C2D32,91375CD3,A8561068,68A24733,D94E120F,3F5DFDC3,025653FB"/><T48/><D39/><U60/><E117/><V45/><F108/><T123/><N who="0" m="31520" /><T133/><D119/><U89/><E109/><V120/><F116/><T65/><D118/><U100/><E131/><V110/><F110/><T80/><D128/><U67/><E127/><V111/><F111/><T78/><D112/><U103/><E47/><V114/><F129/><T121/><N who="0" m="31008" /><T106/><D106/><U97/><E90/><V79/><F105/><T62/><D133/><U66/><E66/><V93/><F114/><T49/><D76/><U46/><E46/><V50/><N who="2" m="30752" /><V124/><F124/><T102/><D102/><N who="1" m="38955" /><E67/><V99/><F64/><T72/><REACH who="0" step="1"/><D69/><REACH who="0" step="2"/><U107/><E107/><V134/><F71/><T3/><D3/><U55/><E55/><V85/><F134/><T56/><D56/><U130/><E130/><V37/><F77/><T125/><D125/><U91/><E91/><V35/><F37/><T59/><D59/><U43/><E43/><V84/><F40/><T94/><D94/><U0/><E0/><V68/><F68/><T1/><D1/><U135/><E135/><V51/><F79/><T42/><D42/><U57/><E57/><V115/><F93/><T86/><D86/><U101/><E101/><RYUUKYOKU ba="0,1" sc="278,10,294,10,468,-20,0,0" hai0="32,34,48,49,62,65,70,72,78,80,88,92,96" hai1="52,58,60,61,63,83,87,89,97,98" /><INIT seed="4,1,1,4,3,69" ten="288,304,448,0" oya="0" hai0="63,89,83,131,40,1,73,91,90,99,123,111,68" hai1="75,77,112,39,51,60,88,130,100,108,115,80,44" hai2="84,37,36,64,52,35,135,114,113,95,55,59,119" hai3="" shuffle="mt19937ar,BE4FA119,C6D615BB,552EF80E,C7A8AD59,1E424DAB,72EA5BE6,7BC3E052,6FDA325B"/><T65/><N who="0" m="31520" /><T81/><D1/><U53/><E108/><V76/><F35/><T132/><D111/><U82/><E130/><V116/><F76/><T2/><D2/><U92/><E100/><V38/><F84/><T118/><D118/><N who="2" m="45098" /><F95/><T101/><D131/><U0/><E0/><V121/><N who="2" m="31008" /><V93/><F93/><T85/><D132/><U124/><E124/><V96/><F96/><T74/><D40/><U54/><E82/><V78/><F78/><T41/><D41/><U104/><E104/><V33/><F33/><T110/><D110/><U58/><REACH who="1" step="1"/><E39/><REACH who="1" step="2"/><V62/><F135/><T97/><D81/><U94/><E94/><V48/><F55/><T107/><REACH who="0" step="1"/><D99/><AGARI ba="1,2" hai="44,51,53,54,58,60,75,77,80,88,92,99,112,115" machi="99" ten="40,2600,0" yaku="1,1,54,1,53,0" doraHai="69" doraHaiUra="122" who="1" fromWho="0" sc="288,-28,294,48,448,0,0,0" /><INIT seed="5,0,0,3,5,94" ten="260,342,448,0" oya="1" hai0="110,65,117,126,131,38,113,66,40,105,75,109,91" hai1="61,56,103,39,99,73,84,63,114,36,130,83,57" hai2="42,54,81,74,87,108,59,70,69,43,129,97,49" hai3="" shuffle="mt19937ar,2F1823E9,E577E185,32C297DA,A1AC53E1,1475F03F,E23B51BE,6E02E09B,69FA0AE0"/><U55/><E73/><V133/><F74/><T98/><D75/><U53/><E130/><V128/><F108/><N who="0" m="41578" /><D91/><U112/><E114/><V101/><F133/><T124/><D105/><U118/><E118/><V106/><F69/><T132/><D98/><U92/><REACH who="1" step="1"/><E112/><REACH who="1" step="2"/><V125/><F129/><T71/><D113/><U123/><N who="1" m="31520" /><U60/><E60/><V1/><F128/><T102/><D131/><U72/><E72/><V50/><F1/><T115/><D117/><U34/><E34/><V127/><F127/><N who="0" m="48682" /><D115/><U134/><E134/><V86/><F125/><T48/><D132/><U107/><E107/><V52/><F106/><T47/><D102/><U44/><E44/><V77/><F101/><T120/><N who="0" m="30752" /><T80/><D80/><U0/><E0/><V68/><F81/><T85/><D85/><U95/><E95/><V32/><F86/><T76/><D76/><AGARI ba="0,1" hai="36,39,53,55,56,57,61,63,76,83,84,92,99,103" m="31520" machi="76" ten="30,18000,2" yaku="1,1,7,1,9,1,52,2,53,2" doraHai="94" doraHaiUra="51" who="1" fromWho="0" sc="260,-180,332,190,448,0,0,0" /><INIT seed="5,1,0,2,3,73" ten="80,522,448,0" oya="1" hai0="123,129,82,57,66,124,68,112,114,54,119,125,1" hai1="51,74,40,46,91,134,47,105,76,35,111,101,116" hai2="117,49,95,104,56,126,44,127,36,34,110,128,132" hai3="" shuffle="mt19937ar,AD4E3BDE,5AB2C604,3F72487B,80A314B4,64E223E8,61EB95CC,48A93ED0,A61ED1BA"/><U43/><E35/><V33/><F104/><T135/><N who="0" m="31520" /><T106/><D82/><U77/><E116/><V89/><F117/><T99/><D106/><U108/><E134/><V59/><F36/><T83/><D99/><U121/><N who="1" m="31008" /><U3/><E3/><V38/><F38/><T94/><D83/><U2/><E2/><V45/><F110/><N who="1" m="42025" /><E74/><V88/><F132/><T65/><D94/><U96/><E91/><V113/><F49/><AGARI ba="1,0" hai="40,43,46,47,49,51,76,77,96,101,105" m="42025,31008" machi="49" ten="30,11600,0" yaku="10,1,52,3" doraHai="73" who="1" fromWho="2" sc="80,0,522,118,448,-118,0,0" /><INIT seed="5,2,0,4,1,118" ten="80,640,330,0" oya="1" hai0="112,131,73,106,103,88,108,122,45,49,115,38,89" hai1="70,69,1,60,56,68,54,128,129,117,113,100,51" hai2="121,41,64,58,96,110,36,119,114,2,109,72,35" hai3="" shuffle="mt19937ar,34AD29B0,EAC0283E,CF6E51BD,C9ECAE65,BA0A0BC9,170777AE,E1BD8E3B,99974A63"/><U130/><E1/><V3/><F96/><T59/><N who="0" m="31264" /><T116/><D38/><U78/><E78/><V47/><F2/><T81/><D59/><U127/><E100/><V42/><F72/><T55/><D116/><U82/><E82/><V61/><F35/><T132/><D108/><U48/><E117/><V111/><F3/><T50/><D55/><U94/><E94/><V0/><F0/><T86/><D45/><U90/><E90/><V84/><F84/><T85/><D49/><U126/><REACH who="1" step="1"/><E113/><REACH who="1" step="2"/><N who="0" m="43593" /><D73/><U105/><E105/><V97/><F119/><T95/><D50/><AGARI ba="2,1" hai="48,50,51,54,56,60,68,69,70,126,127,128,129,130" machi="50" ten="50,12000,1" yaku="1,1,19,1,34,3,53,0" doraHai="118" doraHaiUra="99" who="1" fromWho="0" sc="80,-124,630,134,330,0,0,0" owari="-44,-64,764,71,330,-7,0,0" /></mjloggm>