<mjloggm ver="2.3"><GO type="185"/><UN n0="%E7%A5%9E%E9%80%9F%E2%98%85%2E%63%6F%6D" n1="%E3%80%93%E3%81%84%E3%81%A1%E3%81%AF%E3%82%89%E3%80%93" n2="%E4%B8%89%E7%94%B0%E6%9D%91%E8%8C%9C" n3="" dan="17,18,17,0" rate="2171,2239,2184,1500" sx="M,M,F,C"/><TAIKYOKU oya="0"/><INIT seed="0,0,0,3,5,128" ten="350,350,350,0" oya="0" hai0="37,46,72,77,69,41,62,122,47,79,108,95,53" hai1="129,133,54,100,105,132,73,86,117,104,2,103,82" hai2="125,85,64,36,116,39,118,113,98,35,80,115,49" hai3="" shuffle="mt19937ar,6E0DB65F,E66715B3,18AF46BE,77C12F58,219A76AB,27F023DB,9109A8F7,95D44471"/><T32/><N who="0" m="31264" /><T109/><D32/><U112/><E2/><V87/><F35/><T38/><D95/><U92/><E129/><V111/><F98/><T65/><D72/><U78/><E54/><V67/><F49/><T121/><N who="0" m="31008" /><T52/><D77/><U91/><E117/><N who="2" m="45163" /><F80/><T3/><D79/><U81/><E112/><N who="2" m="43083" /><F111/><N who="0" m="42570" /><D3/><U57/><E57/><V59/><F59/><T0/><D0/><U68/><E68/><V107/><F107/><N who="1" m="41033" /><E81/><V124/><F87/><T50/><D53/><U61/><E61/><V88/><F85/><T127/><D127/><N who="2" m="48714" /><F88/><T102/><D102/><AGARI ba="0,0" hai="73,78,82,86,91,92,100,102,103,132,133" m="41033" machi="102" ten="30,7700,0" yaku="34,2,52,2" doraHai="128" who="1" fromWho="0" sc="350,-77,350,77,350,0,0,0" /><INIT seed="1,0,0,0,3,46" ten="273,427,350,0" oya="1" hai0="56,90,123,99,63,127,132,92,106,88,86,49,64" hai1="85,1,94,77,122,71,39,73,42,83,65,0,34" hai2="55,82,53,48,120,36,62,57,135,113,70,67,66" hai3="" shuffle="mt19937ar,64888CFC,4E1F5B90,724EE03B,1DA63E64,6010541D,9F6D5DF4,A0022C34,B0E44BCC"/><U98/><N who="1" m="31264" /><U61/><E34/><V60/><N who="2" m="30752" /><V131/><F113/><T128/><N who="0" m="31520" /><T3/><D3/><U87/><E42/><V58/><F131/><T32/><D32/><U84/><REACH who="1" step="1"/><E39/><REACH who="1" step="2"/><V43/><F135/><T37/><D132/><U115/><E115/><V116/><F116/><T112/><D37/><U133/><E133/><V114/><F114/><T126/><D112/><U78/><E78/><V50/><F82/><T51/><D128/><U121/><N who="1" m="31008" /><U108/><E108/><V74/><F74/><T35/><D35/><U111/><E111/><V41/><F36/><T93/><D106/><U125/><E125/><AGARI ba="0,1" hai="49,51,56,63,64,86,88,90,92,93,99,125,126,127" m="31520" machi="125" ten="40,8000,1" yaku="18,1,52,3,54,1" doraHai="46" who="0" fromWho="1" sc="273,90,417,-80,350,0,0,0" /><INIT seed="2,0,0,4,5,78" ten="363,337,350,0" oya="2" hai0="128,82,62,119,41,32,52,63,57,45,36,48,88" hai1="114,105,34,72,55,110,64,58,101,70,134,71,83" hai2="117,106,132,109,1,115,75,102,121,51,2,95,79" hai3="" shuffle="mt19937ar,89E7DE29,73184C71,019E290F,DB359660,7EF99B16,39AD1143,D68D8753,8AC5101A"/><V135/><N who="2" m="31008" /><V42/><F117/><T123/><N who="0" m="31520" /><T104/><D119/><U89/><E34/><V47/><F115/><T59/><D32/><U113/><E134/><N who="2" m="51243" /><F106/><T35/><D104/><U129/><E129/><V0/><F109/><T53/><D128/><U40/><E110/><V120/><N who="2" m="30752" /><V99/><F79/><T122/><N who="0" m="31264" /><T50/><D35/><U54/><E40/><V87/><F87/><AGARI ba="0,0" hai="36,41,45,48,50,52,53,57,59,62,63,82,87,88" m="31264,31520" machi="87" ten="40,12000,2" yaku="9,1,52,3,54,2" doraHai="78" who="0" fromWho="2" sc="363,120,337,0,350,-120,0,0" /><INIT seed="4,0,0,4,1,117" ten="483,337,230,0" oya="0" hai0="129,131,43,126,68,64,84,72,75,124,47,41,62" hai1="49,107,110,38,76,55,40,34,118,52,71,37,45" hai2="108,104,133,87,122,60,86,35,103,1,89,53,105" hai3="" shuffle="mt19937ar,85F7C75B,1859CE5B,09076B5E,392CB3FA,413ED5D5,AA94326B,42900FD7,F9786BDB"/><T42/><D84/><U114/><E107/><V96/><N who="2" m="31264" /><V67/><F1/><T73/><REACH who="0" step="1"/><D47/><REACH who="0" step="2"/><U109/><E34/><V115/><F35/><T57/><D57/><U112/><E76/><V94/><F108/><N who="1" m="41577" /><E71/><V65/><F115/><N who="1" m="44073" /><E118/><V90/><F86/><T50/><D50/><U78/><E78/><V121/><F87/><T46/><D46/><U85/><E85/><V125/><F105/><T48/><D48/><U83/><E83/><V106/><F104/><T59/><D59/><U127/><E127/><AGARI ba="0,1" hai="41,42,43,62,64,68,72,73,75,124,126,127,129,131" machi="127" ten="50,9600,0" yaku="1,1,18,1,53,1" doraHai="117" doraHaiUra="56" who="0" fromWho="1" sc="473,106,337,-96,230,0,0,0" /><INIT seed="4,1,0,5,5,0" ten="579,241,230,0" oya="0" hai0="69,57,113,37,135,53,120,43,118,38,126,49,77" hai1="2,132,116,131,50,79,102,32,36,40,75,47,59" hai2="48,61,90,92,111,66,3,104,128,125,85,33,42" hai3="" shuffle="mt19937ar,C330966E,6F7E4EA6,61D8892B,452599F6,5965F426,F00B6BB2,DA7A92A8,6052741D"/><T101/><N who="0" m="30752" /><T110/><D118/><U55/><E116/><V52/><F3/><T87/><D110/><U62/><E2/><V70/><F111/><T51/><D69/><U44/><E131/><V71/><F33/><T81/><D135/><U119/><E119/><V89/><F128/><T99/><D126/><U45/><E132/><V109/><F125/><T107/><REACH who="0" step="1"/><D113/><REACH who="0" step="2"/><U67/><E32/><V73/><F71/><T78/><D78/><U58/><E79/><V1/><F109/><T35/><D35/><U80/><E75/><V46/><F1/><T34/><D34/><U121/><N who="1" m="31008" /><U86/><E102/><V127/><F73/><T108/><D108/><U64/><E86/><V65/><F127/><T56/><D56/><U98/><E98/><V84/><F66/><T74/><D74/><U105/><E67/><V112/><F112/><T114/><D114/><U122/><N who="1" m="31264" /><U54/><E59/><V91/><F104/><T115/><D115/><U39/><E105/><V96/><REACH who="2" step="1"/><F42/><REACH who="2" step="2"/><T60/><D60/><U117/><E64/><V129/><F129/><T41/><D41/><U95/><E40/><V123/><N who="2" m="31520" /><V103/><AGARI ba="1,2" hai="46,48,52,61,65,70,84,85,89,90,91,92,96,103" m="31520" machi="103" ten="30,6000,1" yaku="1,1,4,1,0,1,52,1,54,1,53,0" doraHai="0" doraHaiUra="106" who="2" fromWho="2" sc="569,-41,241,-21,220,82,0,0" /><INIT seed="5,0,0,2,5,55" ten="528,220,302,0" oya="1" hai0="108,60,124,3,132,65,2,97,67,80,103,106,52" hai1="96,69,126,42,36,101,131,99,63,34,71,87,112" hai2="0,57,92,41,122,37,68,115,85,82,54,117,84" hai3="" shuffle="mt19937ar,4025D40B,DD8BC7C4,BCB5863A,1771B0E2,E04B2A7E,34512607,A18D6679,2E5015AB"/><U86/><E34/><V44/><N who="2" m="31264" /><V39/><F0/><T79/><D108/><U91/><E131/><V95/><F68/><T45/><D132/><U114/><E42/><V107/><F107/><T32/><D32/><U89/><E63/><V134/><F117/><T113/><D113/><U118/><E36/><V46/><F115/><T102/><D102/><U88/><E91/><V104/><F104/><T93/><D124/><U100/><REACH who="1" step="1"/><E118/><REACH who="1" step="2"/><V33/><F33/><T105/><D2/><U130/><E130/><V111/><F134/><T64/><D3/><U77/><E77/><V51/><F111/><T119/><D119/><U125/><AGARI ba="0,1" hai="69,71,86,87,88,89,96,99,100,101,112,114,125,126" machi="125" ten="25,12000,2" yaku="1,1,0,1,22,2,54,1,53,2" doraHai="55" doraHaiUra="98" who="1" fromWho="1" sc="528,-60,210,130,302,-60,0,0" /><INIT seed="5,1,0,3,0,72" ten="468,340,242,0" oya="1" hai0="63,104,132,51,62,70,127,135,84,100,112,115,43" hai1="110,50,1,34,45,58,79,83,49,119,44,98,0" hai2="120,69,114,35,86,85,80,77,116,89,57,134,42" hai3="" shuffle="mt19937ar,DFB7D9BF,A2F8DCB3,60759376,78C0E2DA,41C055CA,7319084C,5B976D8A,CC2DAEB0"/><U105/><E119/><V121/><N who="2" m="30752" /><V96/><N who="2" m="31008" /><V113/><F35/><T92/><D104/><U41/><E34/><V124/><F69/><T59/><D127/><U78/><E110/><V87/><F124/><T103/><D70/><U131/><E131/><V40/><F116/><T133/><D84/><U37/><E58/><V53/><F134/><T102/><D92/><U108/><E108/><V111/><F111/><T101/><N who="0" m="25600" /><DORA hai="128" /><T68/><D68/><U88/><E105/><V118/><F96/><T52/><D43/><U129/><E129/><V61/><F87/><T91/><D91/><U125/><E125/><V99/><F99/><T56/><D62/><U123/><N who="1" m="31520" /><U65/><E65/><AGARI ba="1,0" hai="51,52,56,59,63,65,112,115,132,133,135" m="25600" machi="65" ten="60,8000,1" yaku="20,1,52,3,54,1" doraHai="72,128" who="0" fromWho="1" sc="468,82,340,-82,242,0,0,0" /><INIT seed="6,0,0,3,3,53" ten="550,258,242,0" oya="2" hai0="93,80,101,43,91,92,68,90,52,81,65,126,111" hai1="95,51,56,39,62,54,82,83,103,69,75,71,0" hai2="108,97,116,44,1,86,59,123,130,127,32,78,96" hai3="" shuffle="mt19937ar,7806CD77,692E8C49,DA6659FB,2FB79305,8EEFFC4F,429B8A25,F614E577,ACA528D8"/><V112/><N who="2" m="31520" /><V117/><F1/><T134/><D111/><U122/><N who="1" m="31264" /><U50/><E0/><V87/><F32/><T63/><D126/><U3/><E3/><V73/><F108/><T76/><D134/><U38/><E75/><V133/><F127/><T72/><D101/><U85/><E82/><V74/><F133/><T99/><D43/><U49/><E39/><V129/><F44/><T120/><N who="0" m="30752" /><T105/><D105/><U36/><E36/><V70/><F70/><T114/><D114/><U34/><E38/><V135/><F135/><T84/><D52/><U104/><E104/><V119/><F59/><T88/><D81/><U55/><E55/><V60/><F60/><T48/><D48/><U118/><E34/><V113/><REACH who="2" step="1"/><F117/><REACH who="2" step="2"/><T37/><D37/><U125/><E118/><V40/><F40/><T57/><D68/><U46/><E125/><V110/><F110/><T64/><D63/><U109/><E109/><V42/><F42/><T41/><D57/><U124/><E124/><V128/><F128/><T33/><D41/><U131/><E131/><V107/><F107/><T102/><D33/><U77/><E46/><V121/><N who="2" m="31008" /><V58/><F58/><T47/><D47/><U132/><E132/><RYUUKYOKU ba="0,1" sc="550,0,258,0,232,0,0,0" hai0="64,65,72,76,80,84,88,90,91,92,93,99,102" hai1="49,50,51,54,56,62,69,71,77,83,85,95,103" hai2="73,74,78,86,87,96,97,112,113,116,119,129,130" /><INIT seed="6,1,1,5,2,68" ten="550,258,232,0" oya="2" hai0="51,47,76,55,129,37,71,101,86,92,77,78,75" hai1="53,46,40,89,80,41,96,104,0,63,44,3,60" hai2="32,1,126,43,106,45,121,61,93,119,105,35,135" hai3="" shuffle="mt19937ar,E1BD3203,3ED218DF,CA45FDE7,835FB1F7,5ABB39DA,3BE3C041,B6A8FF30,519FBEF8"/><V117/><N who="2" m="31008" /><V85/><F1/><T116/><D116/><U84/><E104/><V122/><N who="2" m="31264" /><V57/><F135/><T110/><D110/><U83/><E96/><V64/><F126/><T100/><D129/><U82/><E82/><V94/><F106/><T66/><D75/><U62/><E53/><V115/><F115/><T58/><D37/><U103/><E103/><V42/><F105/><T108/><D71/><U114/><E114/><V33/><F43/><T56/><D108/><U50/><REACH who="1" step="1"/><E83/><REACH who="1" step="2"/><V52/><F64/><T48/><D66/><U2/><E2/><V120/><N who="2" m="30752" /><V123/><N who="2" m="31520" /><V91/><REACH who="2" step="1"/><F94/><REACH who="2" step="2"/><T112/><D112/><U38/><AGARI ba="1,3" hai="0,3,38,40,41,44,46,50,60,62,63,80,84,89" machi="38" ten="30,3000,0" yaku="1,1,0,1,52,1,53,0" doraHai="68" doraHaiUra="65" who="1" fromWho="1" sc="550,-11,248,62,222,-21,0,0" owari="539,49,310,-9,201,-40,0,0" /></mjloggm>