<mjloggm ver="2.3"><GO type="225"/><UN n0="%52%65%64%4D%61%67%69%63" n1="%6E%6F%72%69%73%69%6F" n2="%45%56%41%4E%53%49%55" n3="%E3%82%88%E3%81%A3%E3%81%A1" dan="16,16,16,16" rate="2035,2031,2073,2062" sx="M,M,M,M"/><TAIKYOKU oya="0"/><INIT seed="0,0,0,0,0,14" ten="250,250,250,250" oya="0" hai0="49,27,62,66,29,95,134,131,52,58,42,16,118" hai1="4,103,116,64,11,101,99,45,113,31,36,56,35" hai2="79,120,93,70,92,39,24,130,115,114,50,48,85" hai3="10,28,126,15,117,96,47,74,59,75,83,127,100" shuffle="mt19937ar,A37D32A4,23955290,C9AE7013,7E8B783A,C5D6C2F9,3B82F7A6,B3BEE187,0362586B"/><T132/><D118/><U94/><E116/><V112/><F120/><W69/><G69/><T41/><D131/><U7/><E113/><V68/><F39/><W46/><G28/><T106/><D106/><U111/><E103/><V18/><F130/><W105/><G117/><T122/><D122/><U129/><E129/><V5/><F5/><W89/><G59/><T109/><D109/><U121/><E111/><V108/><F108/><W135/><G135/><N who="0" m="51755" /><D95/><U104/><E104/><V123/><F123/><W86/><G74/><T9/><D29/><U6/><E31/><V102/><F92/><W43/><G75/><T12/><D27/><U98/><E35/><V60/><F70/><AGARI ba="0,0" hai="9,12,16,41,42,49,52,58,62,66,70" m="51755" machi="70" ten="30,11600,0" yaku="20,1,52,1,54,2" doraHai="14" who="0" fromWho="2" sc="250,116,250,0,250,-116,250,0" /><INIT seed="0,1,0,3,2,32" ten="366,250,134,250" oya="0" hai0="13,129,126,77,101,88,55,117,103,40,105,96,37" hai1="118,79,49,115,119,34,29,28,110,36,5,86,111" hai2="15,132,109,127,9,60,59,73,53,54,41,92,121" hai3="22,3,51,35,124,38,4,104,48,62,123,128,114" shuffle="mt19937ar,8F006EBD,9E2444B2,CF99EB2D,056EDF81,D9873354,723A9E60,1A344E8A,58A06F07"/><T93/><D117/><U108/><E36/><V71/><F121/><W94/><G94/><T25/><D126/><U91/><E79/><V7/><F73/><W6/><G48/><T87/><D129/><U47/><E115/><V102/><F127/><W18/><G51/><T10/><D25/><U12/><E12/><V61/><F109/><W69/><G62/><T26/><D26/><N who="1" m="18711" /><E5/><V135/><F41/><W68/><G18/><T106/><D55/><N who="1" m="30143" /><E29/><V90/><F102/><W30/><G22/><T72/><D40/><U66/><E66/><V52/><F71/><W24/><G24/><T131/><D131/><U21/><E21/><V98/><REACH who="2" step="1"/><F60/><REACH who="2" step="2"/><W64/><G30/><T11/><D103/><U33/><E33/><V70/><F70/><W14/><G68/><T17/><D72/><U65/><E65/><AGARI ba="1,1" hai="7,9,15,52,53,54,59,61,65,90,92,98,132,135" machi="65" ten="40,2600,0" yaku="1,1,54,1,53,0" doraHai="32" doraHaiUra="116" who="2" fromWho="1" sc="366,0,250,-29,124,39,250,0" /><INIT seed="1,0,0,2,5,71" ten="366,221,163,250" oya="1" hai0="52,66,109,15,112,62,135,26,91,95,7,92,68" hai1="129,108,110,117,12,14,48,67,40,86,16,45,73" hai2="64,126,121,76,35,56,25,10,115,19,111,72,13" hai3="63,97,36,124,89,100,57,4,116,51,69,70,34" shuffle="mt19937ar,13FF6C25,81BA8A2E,47364B95,33B5D610,FC4D1A37,55A6A0CF,B26060D0,1021765F"/><U81/><E73/><V24/><F121/><W130/><G34/><T3/><D3/><U59/><E117/><V118/><F118/><W9/><G116/><T85/><D112/><U103/><E103/><V11/><F115/><W37/><G89/><T128/><D128/><U107/><E107/><V83/><F111/><N who="1" m="42537" /><E129/><V6/><F126/><W88/><G88/><T119/><D119/><U27/><E67/><V53/><F35/><W49/><G124/><T133/><D109/><U23/><E59/><V44/><F64/><W47/><G69/><T113/><D113/><U42/><E42/><V101/><F101/><W120/><G70/><T22/><D95/><U80/><E80/><V5/><F44/><W43/><G51/><T98/><D98/><U106/><E106/><V114/><F114/><W122/><G130/><T75/><D75/><U50/><E50/><V123/><F123/><N who="3" m="47147" /><G9/><T18/><D68/><U131/><E131/><V46/><F46/><W127/><G4/><T99/><D99/><U31/><E31/><V105/><F105/><N who="3" m="63631" /><G127/><T8/><D66/><U134/><E134/><N who="0" m="51209" /><D62/><U77/><AGARI ba="0,0" hai="12,14,16,23,27,40,45,48,77,81,86" m="42537" machi="77" ten="30,6000,0" yaku="14,1,10,1,54,1" doraHai="71" who="1" fromWho="1" sc="366,-20,221,60,163,-20,250,-20" /><INIT seed="1,1,0,1,4,112" ten="346,281,143,230" oya="1" hai0="4,53,27,44,116,16,3,26,123,37,91,51,81" hai1="6,126,25,50,35,127,118,122,119,19,128,83,73" hai2="103,12,34,17,10,108,52,78,109,11,30,36,70" hai3="33,64,24,47,88,75,110,46,31,134,135,95,97" shuffle="mt19937ar,61213DAB,8752E216,40FFF075,C24C10DE,2B76E7CD,FF794007,0F5B5D5A,82B489A1"/><U65/><E122/><V98/><F36/><W87/><G75/><T57/><D123/><U18/><E65/><V58/><F70/><W56/><G110/><N who="2" m="42601" /><F78/><W38/><G87/><T32/><D116/><N who="1" m="44587" /><E6/><V114/><F114/><W48/><G38/><T113/><D113/><U15/><E50/><N who="2" m="30999" /><F30/><W76/><G76/><T9/><D37/><U55/><E55/><V62/><F62/><W90/><G90/><T41/><D32/><U80/><E73/><V72/><F72/><W20/><G33/><T111/><D111/><U106/><E106/><N who="2" m="63863" /><F34/><W86/><G86/><T69/><D69/><U66/><E66/><V105/><F105/><W132/><REACH who="3" step="1"/><G48/><REACH who="3" step="2"/><T99/><D51/><U101/><E101/><V42/><F42/><W124/><G124/><N who="1" m="47658" /><E128/><V1/><F1/><W77/><G77/><T61/><D3/><U104/><E104/><V7/><F7/><W2/><G2/><T54/><D4/><U0/><E0/><V28/><F28/><W60/><AGARI ba="1,1" hai="20,24,31,46,47,56,60,64,88,95,97,132,134,135" machi="60" ten="40,8000,1" yaku="1,1,0,1,20,1,54,1,53,0" doraHai="112" doraHaiUra="68" who="3" fromWho="3" sc="346,-21,281,-41,143,-21,220,93" /><INIT seed="2,0,0,1,0,1" ten="325,240,122,313" oya="2" hai0="107,13,31,7,66,132,89,102,8,85,106,17,71" hai1="16,131,59,104,42,129,90,41,86,38,72,118,117" hai2="82,51,37,83,36,79,64,125,60,6,34,119,84" hai3="26,70,113,22,23,10,61,121,95,69,20,24,78" shuffle="mt19937ar,3246C963,FF81CDF3,DC890AAC,FBE88496,5F37BDD5,B7F8A92C,D16ADF1A,15D2DF46"/><V67/><F119/><W126/><G78/><T77/><D132/><U12/><E72/><V35/><F125/><W32/><G121/><T43/><D43/><N who="1" m="16395" /><E59/><V48/><F60/><W124/><G113/><T87/><D31/><U54/><E54/><V45/><F45/><W103/><G10/><T120/><D120/><U40/><E38/><V75/><F79/><W9/><G9/><T111/><D111/><U30/><E30/><V128/><F84/><W53/><G32/><T96/><D77/><U76/><E76/><V97/><F97/><N who="3" m="59839" /><G53/><T130/><D130/><N who="1" m="49675" /><E40/><V110/><F128/><W88/><G88/><T19/><D106/><U57/><E57/><V115/><F115/><W4/><G4/><T80/><D71/><U123/><E104/><V11/><F11/><W98/><G98/><T114/><D114/><U46/><E123/><V52/><F52/><W65/><G69/><T2/><D66/><U63/><E46/><V50/><F50/><W25/><G70/><T15/><REACH who="0" step="1"/><D87/><REACH who="0" step="2"/><U33/><E33/><V99/><F110/><W14/><G65/><T134/><D134/><U39/><E117/><V100/><F75/><W3/><G126/><T5/><D5/><U81/><E118/><V135/><F135/><W56/><G124/><T108/><D108/><U58/><E39/><V93/><F6/><W29/><G29/><T74/><D74/><U47/><E86/><V18/><F18/><AGARI ba="0,1" hai="2,7,8,13,15,17,18,19,80,85,89,96,102,107" machi="18" ten="40,2600,0" yaku="1,1,52,1,53,0" doraHai="1" doraHaiUra="55" who="0" fromWho="2" sc="315,36,240,0,122,-26,313,0" /><INIT seed="3,0,0,4,2,116" ten="351,240,96,313" oya="3" hai0="88,111,48,67,91,119,112,128,104,62,135,56,129" hai1="85,6,44,29,101,108,19,93,84,81,77,39,130" hai2="55,87,13,4,51,113,114,100,20,132,90,36,98" hai3="26,22,2,86,78,0,50,79,54,103,106,72,35" shuffle="mt19937ar,094D2E95,24E18B18,5D0F8898,1197BE31,9AC1681C,0A8C4902,4B17AD06,E4C19D6C"/><W64/><G35/><T73/><D119/><U94/><E29/><V95/><F36/><W71/><G72/><T124/><D73/><U82/><E6/><V122/><F132/><W34/><G34/><T30/><D104/><U97/><E39/><V25/><F4/><W75/><G75/><T107/><D107/><N who="1" m="63919" /><E19/><V65/><F65/><W66/><G103/><T123/><D135/><U11/><E11/><V80/><F13/><W92/><G106/><T115/><D111/><U57/><E57/><V53/><F53/><W37/><G37/><T47/><D124/><U61/><E61/><V83/><F83/><W69/><G2/><T27/><D123/><U68/><E68/><V96/><F96/><W23/><G0/><T52/><D27/><U134/><E44/><V10/><F10/><W76/><G92/><N who="1" m="35434" /><E134/><V70/><F70/><W21/><G86/><T41/><D30/><U45/><E45/><V63/><F63/><W102/><G102/><T8/><D8/><U49/><E49/><V109/><F109/><W31/><G69/><T60/><D60/><U126/><E108/><V117/><F122/><W127/><G71/><T121/><D121/><U74/><E126/><V16/><REACH who="2" step="1"/><F117/><REACH who="2" step="2"/><W131/><G127/><T133/><D67/><N who="3" m="25641" /><G131/><N who="0" m="50251" /><D133/><U5/><E130/><V17/><F17/><W24/><G31/><T46/><D47/><AGARI ba="0,1" hai="21,22,23,24,26,47,50,54,76,78,79" m="25641" machi="47" ten="30,1500,0" yaku="8,1" doraHai="116" who="3" fromWho="0" sc="351,-15,240,0,86,0,313,25" owari="336,9,240,-11,86,-31,338,33" /></mjloggm>