<mjloggm ver="2.3"><GO type="225"/><UN n0="%EF%BC%A6%EF%BC%B8%E9%9B%80%E5%A3%AB" n1="%52%65%64%4D%61%67%69%63" n2="%74%EF%BC%9C%6E" n3="%EF%BC%88%27%EF%BC%88%E3%82%A7%EF%BC%89%27%6F%EF%BC%89" dan="16,16,16,16" rate="2052,2033,2076,2076" sx="M,M,F,M"/><TAIKYOKU oya="0"/><INIT seed="0,0,0,1,4,133" ten="250,250,250,250" oya="0" hai0="82,111,110,11,103,58,92,104,102,36,120,114,63" hai1="64,31,93,48,59,135,90,33,130,5,32,72,60" hai2="77,66,132,38,74,37,50,101,17,86,121,71,80" hai3="79,1,126,65,98,89,62,30,112,46,78,67,0" shuffle="mt19937ar,0A357A5E,2A9D588A,2117058F,274135B0,A620CA71,4C6EA323,0B82BEF3,85132989"/><T128/><D36/><U52/><E72/><V97/><F121/><W88/><G112/><T13/><D120/><U69/><E135/><V119/><F132/><W15/><G30/><T115/><D104/><U83/><E130/><V96/><F119/><W12/><G46/><T95/><D128/><U125/><E83/><V21/><F96/><W26/><G98/><T40/><D40/><U61/><E5/><V108/><F108/><N who="0" m="41514" /><D82/><U10/><E10/><V105/><F50/><W51/><G51/><T129/><D129/><U22/><E125/><V19/><F74/><W107/><G107/><T7/><D95/><U35/><E22/><V94/><F105/><W25/><G62/><T43/><D43/><U91/><E61/><V47/><F38/><W124/><AGARI ba="0,0" hai="0,1,12,15,25,26,65,67,78,79,88,89,124,126" machi="124" ten="25,12000,2" yaku="0,1,22,2,52,2,54,1" doraHai="133" who="3" fromWho="3" sc="250,-60,250,-30,250,-30,250,120" /><INIT seed="1,0,0,2,0,60" ten="190,220,220,370" oya="1" hai0="131,7,123,108,120,77,57,135,2,25,96,51,100" hai1="46,122,65,18,112,48,99,53,9,102,70,59,22" hai2="6,109,47,117,73,128,14,54,90,125,56,64,111" hai3="130,75,55,89,29,3,134,86,12,8,0,20,87" shuffle="mt19937ar,726B64F7,F69FF5F4,E65D77E7,2AE6BA17,3B31F227,17BCFC1D,21C8DDCD,63167082"/><U118/><E118/><V121/><F73/><W105/><G75/><T16/><D77/><U5/><E112/><V114/><F117/><W127/><G105/><T124/><D2/><U95/><E122/><N who="0" m="46633" /><D7/><U21/><E70/><V133/><F121/><W30/><G127/><T62/><D124/><U79/><E79/><V84/><F125/><W52/><G130/><T91/><D131/><U92/><E95/><V119/><F119/><W49/><G134/><T27/><D135/><U39/><E18/><V71/><F128/><W37/><G37/><T41/><D91/><U26/><E26/><V82/><F114/><W116/><G55/><T23/><D108/><N who="2" m="41546" /><F47/><W113/><G113/><T67/><D51/><U36/><E36/><V34/><F34/><W81/><G116/><T44/><D44/><U110/><E110/><V13/><F133/><W63/><G63/><T103/><D41/><U11/><E39/><V10/><F14/><W24/><G30/><T35/><D96/><U17/><E17/><V115/><F115/><W32/><G87/><T72/><D72/><U50/><E50/><N who="2" m="30807" /><F71/><W58/><REACH who="3" step="1"/><G32/><REACH who="3" step="2"/><T42/><D42/><U107/><E107/><V94/><F94/><W43/><G43/><T132/><D132/><U85/><E85/><V104/><F104/><W4/><AGARI ba="0,1" hai="0,3,4,8,12,20,24,29,49,52,58,81,86,89" machi="4" ten="20,5200,0" yaku="1,1,0,1,7,1,54,1,53,0" doraHai="60" doraHaiUra="97" who="3" fromWho="3" sc="190,-13,220,-26,220,-13,360,62" /><INIT seed="2,0,0,2,1,100" ten="177,194,207,422" oya="2" hai0="16,84,118,125,75,116,43,132,135,127,92,3,107" hai1="24,30,72,9,78,134,120,71,104,51,80,42,2" hai2="11,130,131,112,96,28,70,6,56,17,63,108,47" hai3="54,44,111,18,106,87,65,22,52,25,35,94,61" shuffle="mt19937ar,8FBEE715,E6ACC88D,1F422116,C4B10558,59358B17,E51F7D35,83C6A26F,1C157E02"/><V58/><F112/><W31/><G106/><T13/><D3/><U26/><E134/><N who="0" m="51241" /><D75/><U64/><E104/><V46/><F28/><W77/><G111/><T62/><D107/><U129/><E129/><N who="2" m="49163" /><F70/><W68/><G44/><T119/><D43/><U37/><E120/><V41/><F108/><W45/><G45/><T128/><D128/><U39/><E51/><V115/><F115/><W8/><G8/><N who="0" m="6183" /><D62/><N who="1" m="40343" /><E42/><V95/><F17/><W15/><G77/><T90/><AGARI ba="0,0" hai="84,90,92,116,118,119,125,127" m="6183,51241" machi="90" ten="40,5200,0" yaku="12,1,20,1,54,1" doraHai="100" who="0" fromWho="0" sc="177,52,194,-13,207,-26,422,-13" /><INIT seed="3,0,0,2,1,58" ten="229,181,181,409" oya="3" hai0="89,57,78,68,20,130,85,59,66,128,71,127,97" hai1="123,40,84,21,17,133,94,122,32,49,96,67,114" hai2="98,90,112,120,81,134,69,27,35,73,50,46,41" hai3="53,117,107,87,135,7,22,5,116,126,6,75,28" shuffle="mt19937ar,2A58A5E2,30DCDA72,CAA825EB,61292F9D,94B32945,36D24614,C6EDC651,2FC0AAB4"/><W0/><G75/><T115/><D115/><U29/><E114/><V82/><F112/><W30/><G107/><T42/><D42/><U119/><E133/><V39/><F69/><W80/><G0/><T86/><D127/><U19/><E119/><V11/><F134/><W99/><G135/><T1/><D1/><U12/><E67/><V113/><F113/><W14/><G126/><T34/><D34/><U36/><E36/><V26/><F39/><W55/><G116/><T24/><D97/><U2/><E2/><V106/><F120/><W15/><G99/><T51/><D68/><U111/><E111/><V25/><F35/><W102/><G102/><T103/><D103/><U88/><E19/><V4/><F73/><W18/><G15/><T110/><D66/><U108/><E108/><V79/><F79/><N who="3" m="46495" /><G117/><T23/><D71/><U118/><E118/><V48/><F106/><W121/><G121/><T129/><D110/><U125/><E96/><V63/><F50/><W44/><G55/><T105/><D105/><U45/><E125/><V131/><F131/><W3/><G3/><T74/><D74/><U124/><E124/><V37/><F37/><W38/><G38/><T83/><D128/><U65/><E65/><V10/><F63/><W100/><G100/><T8/><D129/><U16/><E17/><V76/><F76/><W92/><G92/><T54/><D78/><U77/><E77/><V43/><F43/><W132/><G132/><T62/><D130/><U52/><E40/><V60/><F60/><W91/><G53/><T9/><D54/><U70/><E70/><RYUUKYOKU ba="0,0" sc="229,-10,181,30,181,-10,409,-10" hai1="12,16,21,29,32,45,49,52,84,88,94,122,123" owari="219,-3,211,-14,171,-23,399,40" /></mjloggm>