<mjloggm ver="2.3"><GO type="225"/><UN n0="%52%65%64%4D%61%67%69%63" n1="%E7%8C%AA%E6%9C%A8%E5%A4%A7%E5%AB%8C%E3%81%84%EF%BC%81" n2="%E3%83%80%E3%83%A0%E3%83%9E%E3%83%8B%E3%82%A2" n3="%E6%9C%9D%E6%AF%94%E5%A5%88%E8%8B%B1%E7%90%86%E5%AD%90" dan="16,17,16,16" rate="2028,2095,2131,2066" sx="M,F,M,F"/><TAIKYOKU oya="0"/><INIT seed="0,0,0,3,0,90" ten="250,250,250,250" oya="0" hai0="30,39,63,53,110,135,105,126,129,2,124,65,50" hai1="97,61,80,18,85,119,111,26,69,81,6,42,117" hai2="72,8,133,113,5,10,74,45,19,106,91,48,107" hai3="88,43,76,64,100,122,32,15,37,103,40,98,101" shuffle="mt19937ar,DCE06791,24DD49A7,4A421AC6,0CE2D79D,97AB7228,CB49A596,2B0B2488,398C98B9"/><T99/><D2/><U104/><E6/><V34/><F34/><W83/><G32/><T94/><D105/><U25/><E42/><V22/><F107/><W51/><G37/><T27/><D39/><U131/><E131/><V93/><F106/><W92/><G122/><T102/><D129/><U82/><E85/><V108/><F113/><W127/><G127/><N who="0" m="48683" /><D135/><U114/><E114/><V128/><F128/><W78/><G64/><T115/><D115/><U9/><E111/><V17/><F108/><W57/><G15/><T95/><D110/><U24/><E9/><V38/><F38/><W4/><G4/><T77/><D77/><N who="3" m="29801" /><G83/><T3/><D3/><U33/><E33/><V28/><F133/><W11/><G11/><N who="2" m="4137" /><F5/><W12/><G12/><T96/><D65/><U54/><E104/><V21/><F74/><W14/><G14/><T84/><D84/><U58/><E82/><V125/><F72/><W120/><G120/><T49/><D63/><U86/><E61/><V1/><F1/><W20/><G20/><N who="2" m="7785" /><F28/><W121/><G121/><T112/><D112/><U46/><E81/><V13/><F13/><W55/><AGARI ba="0,0" hai="40,43,51,55,57,88,92,98,100,101,103" m="29801" machi="55" ten="30,4000,0" yaku="8,1,52,1,54,1" doraHai="90" who="3" fromWho="3" sc="250,-20,250,-10,250,-10,250,40" /><INIT seed="1,0,0,3,2,65" ten="230,240,240,290" oya="1" hai0="20,48,85,97,128,26,60,8,133,53,108,17,24" hai1="135,12,59,2,21,134,1,62,126,99,102,118,64" hai2="35,98,131,7,100,16,40,50,107,5,90,47,83" hai3="81,84,110,130,58,120,56,94,28,49,82,42,89" shuffle="mt19937ar,25A96A70,14B3BDDB,65B43870,964AE39A,484411CB,C05F7239,95B6258C,2CE13323"/><U10/><E118/><V86/><F35/><W44/><G120/><T113/><D113/><U122/><E122/><V88/><F131/><W105/><G105/><T31/><D128/><U51/><E126/><V9/><F90/><W74/><G130/><T69/><D133/><N who="1" m="50699" /><E21/><V34/><F34/><W123/><G123/><T76/><D108/><U80/><E80/><N who="3" m="30826" /><G74/><T103/><D85/><U33/><E51/><V124/><F124/><W106/><G106/><T132/><D76/><U27/><E27/><V73/><F73/><W127/><G127/><T18/><D8/><U67/><E67/><V13/><AGARI ba="0,0" hai="5,7,9,13,16,40,47,50,83,86,88,98,100,107" machi="13" ten="30,4000,0" yaku="0,1,54,2" doraHai="65" who="2" fromWho="2" sc="230,-10,240,-20,240,40,290,-10" /><INIT seed="2,0,0,5,4,13" ten="220,220,280,280" oya="2" hai0="39,59,114,15,27,118,92,17,75,42,60,101,123" hai1="28,71,128,23,120,16,78,113,72,104,32,51,74" hai2="70,25,108,77,46,96,84,90,0,30,29,56,47" hai3="14,19,76,103,45,33,129,87,62,35,89,111,63" shuffle="mt19937ar,EE7CD06F,FCCB73CE,E9E8EE36,5E477B05,3B27ECA6,0F3CDECB,CF0556C9,8D2DD632"/><V37/><F70/><W36/><G76/><T65/><D114/><U132/><E113/><V1/><F0/><W31/><G103/><T107/><D123/><U12/><E104/><V79/><F1/><W38/><G111/><T91/><D75/><U9/><E120/><V112/><F112/><W49/><G129/><T98/><D118/><U124/><E128/><V68/><F68/><W109/><G109/><T130/><D130/><U97/><E71/><V18/><F96/><W6/><G6/><T122/><D122/><U127/><E97/><V48/><F37/><W83/><G38/><T110/><D110/><U5/><E132/><V34/><F108/><W57/><G36/><T117/><D117/><U41/><E78/><V106/><F106/><W135/><G135/><T11/><D27/><N who="1" m="18463" /><E51/><V8/><F30/><W99/><G99/><T54/><D39/><U43/><E74/><V69/><F69/><W115/><G115/><T82/><D42/><N who="1" m="15883" /><E72/><V105/><F105/><W81/><G81/><T21/><D82/><U73/><E73/><V61/><F48/><W134/><G134/><T55/><D21/><U3/><AGARI ba="0,0" hai="3,5,9,12,16,23,124,127" m="15883,18463" machi="3" ten="30,4000,0" yaku="24,1,52,1,54,1" doraHai="13" who="1" fromWho="1" sc="220,-10,220,40,280,-20,280,-10" /><INIT seed="3,0,0,0,4,128" ten="210,260,260,270" oya="3" hai0="29,65,102,73,38,8,105,45,42,93,1,14,80" hai1="5,97,134,59,88,116,69,33,30,125,126,115,41" hai2="25,10,75,49,100,62,56,53,9,104,122,131,127" hai3="92,77,79,66,95,44,31,40,91,106,110,57,86" shuffle="mt19937ar,E8C48E30,61FFD34F,75E1F6DE,BB617E69,BF639907,A090288F,C742BD6D,88DE9886"/><W32/><G106/><T72/><D105/><U109/><E115/><V120/><F75/><W11/><G110/><T7/><D65/><U78/><E69/><V51/><F131/><W101/><G32/><T82/><D29/><U22/><E109/><V2/><F104/><W21/><G11/><N who="2" m="4105" /><F2/><W67/><G67/><T19/><D80/><U13/><E116/><V27/><F100/><W36/><G66/><T6/><D82/><U108/><E108/><V84/><F84/><W43/><G57/><T132/><D132/><U117/><E117/><V123/><F127/><W12/><G40/><T124/><D124/><U24/><E134/><V90/><F90/><W98/><REACH who="3" step="1"/><G12/><REACH who="3" step="2"/><T28/><D1/><U18/><E13/><V99/><F99/><W71/><G71/><T112/><D112/><U87/><E97/><V17/><F27/><AGARI ba="0,1" hai="21,27,31,36,43,44,77,79,86,91,92,95,98,101" machi="27" ten="40,2000,0" yaku="1,1,53,0" doraHai="128" doraHaiUra="129" who="3" fromWho="2" sc="210,0,260,0,260,-20,260,30" /><INIT seed="3,1,0,2,5,7" ten="210,260,240,290" oya="3" hai0="112,62,102,99,14,36,65,121,57,127,35,20,80" hai1="76,86,85,108,101,44,32,4,61,98,82,77,90" hai2="95,53,10,28,19,22,43,131,48,100,71,45,92" hai3="116,60,132,114,37,88,124,110,46,69,113,51,0" shuffle="mt19937ar,0F54AD0D,0607525D,0C8B6B5A,4EA88F91,B8253657,89A42F57,8740E614,53E96BF5"/><W13/><G13/><T41/><D35/><U104/><E32/><V67/><F131/><W33/><G116/><T26/><D121/><U125/><E61/><V89/><F71/><W55/><G33/><T6/><D127/><U72/><E44/><V115/><F67/><N who="3" m="41191" /><G88/><T79/><D112/><N who="3" m="43113" /><G0/><T105/><D41/><U120/><E4/><V8/><F115/><W68/><G124/><T83/><D36/><U128/><E108/><V12/><F28/><W1/><G1/><T63/><D62/><U16/><E16/><N who="2" m="10503" /><F43/><N who="3" m="22895" /><G68/><T64/><D14/><U38/><E125/><V18/><F100/><W109/><G132/><T135/><D135/><U78/><E101/><V111/><F111/><W49/><G49/><T11/><D11/><N who="2" m="4138" /><F95/><W58/><AGARI ba="1,0" hai="51,55,58,109,110" m="22895,43113,41191" machi="58" ten="30,6000,0" yaku="24,1,34,2" doraHai="7" who="3" fromWho="3" sc="210,-21,260,-21,240,-21,290,63" owari="189,-21,239,-1,219,-13,353,35" /></mjloggm>