<mjloggm ver="2.3"><GO type="225"/><UN n0="%E3%83%9C%E3%83%84" n1="%E8%B6%85%E3%83%92%E3%83%A2%E3%83%AA%E3%83%AD" n2="%E2%98%85%E3%83%A6%E3%83%94%E3%83%86%E3%83%AB%E2%98%85" n3="%E9%9B%81%E7%BA%8F" dan="16,17,17,16" rate="2034,2065,2086,2062" sx="M,F,M,M"/><TAIKYOKU oya="0"/><INIT seed="0,0,0,5,1,115" ten="250,250,250,250" oya="0" hai0="23,47,49,51,68,75,1,119,55,66,43,85,16" hai1="56,101,117,130,129,18,80,124,93,125,88,94,32" hai2="127,126,122,50,38,81,98,91,118,110,44,46,121" hai3="131,29,28,3,39,100,103,9,61,73,20,99,78" shuffle="mt19937ar,E1F79EAA,0D822903,F4A7995F,A40237DE,9BBEECA4,DF649F97,F98764EF,7248936A"/><T17/><D75/><U90/><E32/><V12/><F12/><W120/><G39/><T135/><D119/><U26/><E26/><V109/><F98/><W62/><G131/><N who="1" m="50186" /><E18/><V4/><F4/><W95/><G120/><N who="2" m="46185" /><F91/><N who="1" m="34857" /><E56/><V74/><F81/><W22/><G78/><T15/><D135/><U96/><E117/><V37/><F74/><W64/><G73/><T24/><D1/><U112/><E112/><V63/><F63/><W123/><G62/><T82/><D66/><U21/><E21/><V65/><F65/><W132/><G123/><T77/><D68/><U42/><E42/><N who="2" m="22607" /><F38/><W113/><G113/><T133/><D133/><U10/><E10/><V6/><F6/><W33/><G132/><T48/><REACH who="0" step="1"/><D43/><REACH who="0" step="2"/><U89/><E80/><V5/><F118/><W69/><G69/><T8/><AGARI ba="0,1" hai="8,15,16,17,23,24,47,48,49,51,55,77,82,85" machi="8" ten="20,18000,2" yaku="1,1,2,1,0,1,7,1,8,1,54,1,53,0" doraHai="115" doraHaiUra="58" who="0" fromWho="0" sc="240,190,250,-60,250,-60,250,-60" /><INIT seed="0,1,0,1,0,72" ten="430,190,190,190" oya="0" hai0="134,115,1,78,82,5,36,94,41,34,126,32,52" hai1="133,88,25,47,93,45,10,64,135,48,128,18,50" hai2="27,114,92,77,37,102,124,63,119,66,40,110,99" hai3="39,19,54,105,74,26,13,130,120,31,46,6,85" shuffle="mt19937ar,CD3F1683,ABC48B69,3D9E848C,D3E17E3D,6149BEFF,8410B4EC,882E397F,8BFA4DE6"/><T14/><D115/><U16/><E64/><V125/><F114/><W113/><G74/><T87/><D134/><N who="1" m="51211" /><E128/><V131/><F131/><W80/><G113/><T132/><D132/><U33/><E10/><V60/><F110/><W86/><G120/><T38/><D126/><N who="2" m="48746" /><F119/><W76/><G105/><T57/><D1/><U24/><E33/><V71/><F63/><W117/><G6/><T121/><D121/><U4/><E4/><V101/><F101/><W62/><G117/><T79/><D36/><U29/><E29/><V61/><F61/><W123/><G123/><T67/><D67/><U90/><E25/><V73/><F27/><W59/><G130/><T112/><D41/><N who="1" m="24623" /><E24/><V15/><F15/><W96/><G39/><T70/><D14/><U103/><E103/><V116/><F116/><W55/><G26/><T51/><D38/><U20/><E20/><V44/><F73/><W0/><G0/><T91/><D32/><U23/><E23/><V100/><F100/><W83/><G31/><T9/><D34/><U12/><E12/><V17/><F17/><N who="1" m="6761" /><E93/><V97/><F97/><W104/><G96/><T7/><D5/><U43/><AGARI ba="1,0" hai="43,47,50,88,90" m="6761,24623,51211" machi="43" ten="30,4000,0" yaku="20,1,54,2" doraHai="72" who="1" fromWho="1" sc="430,-21,190,43,190,-11,190,-11" /><INIT seed="1,0,0,5,3,59" ten="409,233,179,179" oya="1" hai0="74,11,15,75,10,39,132,95,86,117,76,112,54" hai1="92,72,128,130,119,69,14,13,114,1,80,79,71" hai2="55,63,134,31,29,106,100,17,7,43,126,124,67" hai3="104,82,64,125,51,109,78,77,16,40,48,47,52" shuffle="mt19937ar,6BACD704,D557706D,1DED0E06,EC3A2357,B2B5C177,A7D09AE8,44EFBA44,BA7BBA3A"/><U53/><E1/><V33/><F43/><W35/><G104/><T107/><D117/><U110/><E114/><V28/><F33/><W118/><G35/><T26/><D107/><U44/><E119/><V120/><F120/><W93/><G118/><T57/><D39/><U113/><E113/><V20/><F7/><W133/><G133/><T4/><D132/><U102/><E110/><V22/><F55/><W87/><G109/><T68/><D68/><U38/><E71/><V21/><F17/><W56/><G125/><N who="2" m="48233" /><F134/><W0/><G0/><T25/><D74/><U96/><E69/><N who="2" m="42239" /><F100/><W30/><G30/><N who="2" m="7681" /><V122/><DORA hai="18" /><F122/><W85/><G64/><T89/><D54/><U127/><E127/><V9/><F9/><W65/><G65/><T24/><D10/><U58/><E38/><V83/><F83/><W88/><G16/><T19/><D19/><U2/><E44/><V90/><F90/><AGARI ba="0,0" hai="40,47,48,51,52,56,77,78,82,85,87,88,90,93" machi="90" ten="30,7700,0" yaku="7,1,8,1,54,2" doraHai="59,18" who="3" fromWho="2" sc="409,0,233,0,179,-77,179,77" /><INIT seed="2,0,0,4,2,63" ten="409,233,102,256" oya="2" hai0="74,121,67,100,128,26,86,27,34,23,91,28,0" hai1="119,95,75,107,29,47,2,18,124,50,130,127,39" hai2="5,129,82,33,113,111,87,81,134,68,52,8,92" hai3="37,31,70,132,105,32,99,61,57,84,51,40,90" shuffle="mt19937ar,AE09D86A,2A6B6A69,5F0AA5D4,CF2A5D45,D8131637,6EDF5755,68894D14,DD09844D"/><V118/><F68/><W117/><G117/><T64/><D121/><U98/><E107/><V103/><F33/><W30/><G132/><T108/><D0/><U133/><E119/><V46/><F118/><W123/><G123/><T106/><D108/><U60/><E39/><V25/><F113/><W22/><G32/><T94/><D74/><U109/><E133/><V73/><F134/><W76/><G76/><T10/><D128/><U9/><E130/><V131/><F111/><W83/><G37/><T45/><D10/><U112/><E112/><V62/><F73/><W116/><G116/><T54/><D100/><U88/><E75/><V17/><F25/><W77/><G70/><T19/><D106/><U79/><E79/><V42/><F17/><W59/><G105/><T115/><D115/><U135/><E135/><V110/><F110/><W89/><G99/><T66/><D54/><U13/><E109/><V104/><F104/><W85/><G22/><N who="0" m="13663" /><D34/><U78/><E78/><N who="2" m="46519" /><F82/><N who="3" m="49335" /><G77/><T80/><D45/><U3/><E3/><V71/><F71/><W48/><G59/><T7/><D7/><U65/><E2/><V72/><F72/><W15/><G15/><T36/><D36/><U69/><REACH who="1" step="1"/><E29/><REACH who="1" step="2"/><V125/><F131/><W14/><G30/><T101/><D28/><U6/><E6/><V58/><F129/><W120/><G31/><T96/><D23/><U41/><AGARI ba="0,1" hai="9,13,18,41,47,50,60,65,69,88,95,98,124,127" machi="41" ten="30,8000,1" yaku="1,1,0,1,52,1,54,1,53,1" doraHai="63" doraHaiUra="44" who="1" fromWho="1" sc="409,-20,223,90,102,-40,256,-20" /><INIT seed="3,0,0,1,0,78" ten="389,313,62,236" oya="3" hai0="43,46,12,36,24,82,15,11,134,56,123,77,57" hai1="101,104,54,62,111,19,3,67,117,27,84,64,135" hai2="74,114,90,106,53,124,33,118,14,41,115,94,70" hai3="133,75,32,130,48,68,34,129,25,30,80,40,69" shuffle="mt19937ar,8428F8B7,A4C392FD,85577243,C168FF1A,72AACCB5,DD9F7148,ECC81A2A,E31EA6BF"/><W39/><G48/><T31/><D123/><U98/><E3/><V83/><F53/><W52/><G52/><T18/><D15/><U66/><E111/><V107/><F41/><W26/><G133/><T121/><D134/><U88/><E135/><V49/><F14/><W128/><G26/><T95/><D95/><U61/><E117/><V85/><F49/><W60/><G34/><T42/><D121/><U63/><E54/><V108/><F94/><W5/><G5/><T127/><D127/><U103/><E103/><V0/><F90/><W87/><G60/><T91/><D91/><U99/><E99/><V35/><F85/><W29/><G29/><T73/><D43/><U113/><E113/><V1/><F83/><W109/><G109/><T125/><D125/><U116/><E116/><V102/><F102/><W21/><G21/><AGARI ba="0,0" hai="11,12,18,21,24,31,36,42,46,56,57,73,77,82" machi="21" ten="30,2000,0" yaku="7,1,52,1" doraHai="78" who="0" fromWho="3" sc="389,20,313,0,62,0,236,-20" owari="409,41,313,6,62,-34,216,-13" /></mjloggm>