<mjloggm ver="2.3"><GO type="225"/><UN n0="%E3%81%95%E3%81%8F%E3%82%89%E3%81%93" n1="%E4%BA%8C%E4%B8%89%E8%B5%A4%E4%BA%94%EF%BC%94%EF%BC%96%EF%BC%98" n2="%E5%88%BB%E5%AD%90%E5%B8%82%E6%B0%91" n3="%E3%83%81%E3%83%A3%E3%82%AA%E3%83%AA" dan="17,16,17,17" rate="2036,2083,2101,2095" sx="M,M,M,M"/><TAIKYOKU oya="0"/><INIT seed="0,0,0,2,3,86" ten="250,250,250,250" oya="0" hai0="91,108,93,63,60,19,74,88,28,39,51,21,87" hai1="42,85,10,66,114,4,77,112,110,5,17,22,119" hai2="92,113,29,117,34,123,96,8,115,15,25,68,61" hai3="101,109,46,122,118,125,58,37,65,73,11,126,111" shuffle="mt19937ar,812843C4,432C4873,D052255F,C75B9C4D,32D11755,36DB175C,780EE715,EF080FB7"/><T30/><D39/><U84/><E119/><V97/><F117/><W31/><G118/><T6/><D74/><U47/><E66/><V129/><F123/><W40/><G73/><T124/><D124/><N who="3" m="47721" /><G101/><T36/><D36/><U38/><E110/><N who="3" m="41994" /><G31/><N who="0" m="11819" /><D6/><U71/><E71/><V98/><F129/><W59/><G11/><T67/><D51/><U106/><E106/><V20/><F34/><W105/><G105/><T95/><D67/><U49/><E22/><V35/><F35/><W12/><G12/><N who="0" m="9447" /><D108/><U56/><E38/><V45/><F68/><W81/><G81/><T79/><D79/><U103/><E103/><V2/><F2/><W121/><G65/><T23/><D23/><U99/><E10/><V43/><F8/><W116/><G116/><T128/><D128/><U133/><E5/><V104/><F104/><W120/><AGARI ba="0,0" hai="37,40,46,58,59,120,121,122" m="41994,47721" machi="120" ten="40,8000,1" yaku="13,1,18,1,14,1,34,2" doraHai="86" who="3" fromWho="3" sc="250,-40,250,-20,250,-20,250,80" /><INIT seed="1,0,0,0,1,52" ten="210,230,230,330" oya="1" hai0="36,53,121,120,15,69,124,47,65,109,110,57,39" hai1="51,71,90,56,104,61,44,123,79,76,114,134,117" hai2="100,89,129,23,116,68,0,5,27,103,60,22,32" hai3="17,96,83,13,112,10,34,88,94,38,125,21,3" shuffle="mt19937ar,FFF6C99C,950805EB,EA2BB06A,9456310B,61F1B219,33D87BE1,44B9DACD,EAC78C50"/><U98/><E114/><V130/><F116/><W97/><G112/><T132/><D132/><U31/><E117/><V101/><F89/><W11/><G38/><N who="0" m="14379" /><D47/><U48/><E134/><V49/><F49/><W118/><G118/><T25/><D25/><U122/><E71/><V80/><F80/><W62/><G125/><T119/><D15/><U105/><E31/><N who="2" m="19583" /><F5/><W72/><G34/><T64/><D124/><U43/><E51/><V16/><F0/><W12/><G3/><T9/><D9/><U42/><E42/><V102/><F102/><W91/><G62/><N who="0" m="40119" /><D64/><U30/><E30/><V87/><F16/><N who="3" m="10383" /><G72/><T58/><D58/><U67/><E90/><V84/><F22/><N who="3" m="11559" /><G83/><T20/><D20/><U135/><E135/><V7/><F23/><W113/><G113/><T8/><D8/><U18/><E18/><V14/><F7/><W107/><G107/><T4/><D4/><U82/><E104/><V85/><F14/><W24/><G24/><T26/><D26/><U131/><E105/><V93/><F93/><AGARI ba="0,0" hai="10,11,88,91,93,94,96,97" m="11559,10383" machi="93" ten="30,3900,0" yaku="8,1,54,2" doraHai="52" who="3" fromWho="2" sc="210,0,230,0,230,-39,330,39" /><INIT seed="2,0,0,2,5,7" ten="210,230,191,369" oya="2" hai0="78,108,93,105,123,113,47,102,114,122,73,59,70" hai1="104,92,85,91,64,100,14,79,34,65,69,24,83" hai2="95,1,46,58,126,43,57,53,77,48,20,16,116" hai3="10,111,37,38,25,67,41,27,21,87,49,5,40" shuffle="mt19937ar,9E64CC31,A0810C05,72E093DD,FCEAD0E0,2F3580D7,B7BD92D7,5240229A,5576F526"/><V132/><F116/><W106/><G106/><T32/><D70/><U124/><E124/><V121/><F121/><W15/><G111/><T109/><D32/><U120/><E120/><N who="0" m="46121" /><D93/><U90/><E14/><N who="2" m="9239" /><F1/><W42/><G67/><T45/><D59/><N who="2" m="22538" /><F126/><W23/><G87/><T22/><D22/><N who="3" m="8201" /><G38/><T4/><D4/><U55/><E69/><V82/><F132/><W11/><G37/><T17/><D17/><U103/><E104/><V117/><F117/><W18/><G49/><T63/><D63/><U28/><E55/><V56/><F95/><W35/><G35/><T115/><D45/><U62/><E62/><N who="2" m="36111" /><F82/><W36/><G36/><T125/><D125/><U19/><E65/><V129/><F129/><W31/><G31/><T66/><D66/><U134/><E64/><V6/><F6/><W30/><G30/><T81/><D47/><U97/><E134/><V72/><F72/><W8/><G5/><T74/><D74/><U88/><E100/><V112/><F112/><W84/><G84/><T133/><D133/><U118/><E118/><V54/><F77/><W60/><G60/><T128/><D128/><U3/><E3/><V0/><F0/><W119/><G119/><T130/><D130/><U94/><E94/><V12/><F12/><W26/><AGARI ba="0,0" hai="8,10,11,15,18,25,26,27,40,41,42" m="8201" machi="26" ten="40,8000,1" yaku="8,1,52,3" doraHai="7" who="3" fromWho="3" sc="210,-20,230,-20,191,-40,369,80" /><INIT seed="3,0,0,1,2,75" ten="190,210,151,449" oya="3" hai0="30,130,68,70,125,20,106,98,37,113,126,91,14" hai1="31,38,52,22,114,40,42,0,9,100,33,97,53" hai2="59,135,25,67,86,101,47,124,94,87,131,132,66" hai3="71,56,17,110,60,84,43,44,102,76,57,10,12" shuffle="mt19937ar,0500B7ED,25DF0B26,0F5A2ADF,0D708E23,7AD5093E,3B422DF2,636E1B32,923A402F"/><W117/><G117/><T51/><D37/><U79/><E33/><V5/><F5/><W93/><G110/><T116/><D116/><U74/><E114/><V3/><F3/><W1/><G1/><T29/><D113/><U78/><E31/><N who="0" m="11785" /><D130/><U103/><E22/><V4/><F4/><W27/><G27/><T121/><D121/><U50/><E38/><V61/><F131/><W95/><G71/><T19/><D51/><U62/><E74/><V80/><F124/><N who="0" m="47722" /><D91/><U6/><E62/><V48/><F66/><W49/><G102/><AGARI ba="0,0" hai="14,19,20,68,70,98,102,106" m="47722,11785" machi="102" ten="30,1000,0" yaku="18,1" doraHai="75" who="0" fromWho="3" sc="190,10,210,0,151,0,449,-10" owari="200,-15,210,-4,151,-25,439,44" /></mjloggm>