<mjloggm ver="2.3"><GO type="225"/><UN n0="%E3%81%9A%E3%81%86" n1="%6E%6F%72%69%73%69%6F" n2="%73%69%67%65%6E%6F%72%69" n3="%74%EF%BC%9C%6E" dan="16,16,17,16" rate="2012,2031,2128,2071" sx="M,M,M,F"/><TAIKYOKU oya="0"/><INIT seed="0,0,0,0,2,129" ten="250,250,250,250" oya="0" hai0="35,113,24,11,108,106,98,3,84,81,17,13,54" hai1="115,18,130,31,8,56,51,50,135,75,68,94,7" hai2="60,89,41,38,83,34,42,52,59,10,77,26,63" hai3="6,73,116,0,105,124,4,25,117,14,49,127,36" shuffle="mt19937ar,9E93C4F0,CDFF0E95,5862AF45,3511360A,D45B1538,B445B030,1A8FAE46,5D8C2779"/><T123/><D123/><U111/><E68/><V88/><F10/><N who="3" m="2311" /><G36/><T90/><D113/><U110/><E75/><V64/><F34/><W120/><G73/><T133/><D108/><U119/><E119/><N who="3" m="45642" /><G105/><T97/><D3/><U71/><E71/><V21/><F38/><W46/><G49/><T132/><D54/><U96/><E115/><V33/><F33/><W74/><G46/><T112/><D112/><U91/><E130/><V103/><F103/><W93/><G93/><T27/><D35/><U131/><E131/><V126/><F126/><N who="3" m="48171" /><G74/><T78/><D90/><U118/><E118/><V47/><F42/><W57/><G57/><T61/><D61/><U69/><E69/><V107/><F107/><W100/><G100/><N who="0" m="62735" /><D98/><U95/><E96/><V22/><F41/><W55/><G55/><T76/><D76/><U114/><E114/><V72/><F47/><W85/><G85/><T43/><D43/><U2/><E56/><V9/><F63/><W134/><G25/><T128/><D128/><U53/><E53/><V5/><F52/><W15/><G120/><T19/><D27/><U39/><E39/><V45/><F45/><W20/><G6/><N who="0" m="3319" /><D24/><U109/><E109/><V121/><F121/><W30/><G30/><T16/><D84/><U79/><E111/><V99/><F26/><W12/><G20/><N who="2" m="7785" /><F99/><W66/><G66/><T86/><D86/><U70/><E110/><V1/><F89/><W62/><G62/><T102/><D102/><U104/><E91/><V48/><F88/><W37/><G37/><T58/><D58/><U87/><E70/><V82/><F48/><RYUUKYOKU ba="0,0" sc="250,10,250,-30,250,10,250,10" hai0="16,17,19,78,81,132,133" hai2="1,5,9,59,60,64,72,77,82,83" hai3="12,14,15,134" /><INIT seed="0,1,0,5,1,120" ten="260,220,260,260" oya="0" hai0="56,133,34,126,41,30,33,110,116,11,115,42,31" hai1="6,89,112,16,92,64,123,80,25,103,61,46,78" hai2="48,79,96,12,70,127,50,10,24,17,22,122,9" hai3="97,77,135,91,29,106,76,4,71,113,82,45,27" shuffle="mt19937ar,2CA4C6C1,93D1EF3A,8737A3AB,8F1EBAFF,6B215730,3E2945D7,DF9FB743,7FC3D90B"/><T105/><D115/><U23/><E123/><V66/><F122/><W85/><G113/><T132/><D116/><U98/><E112/><V72/><F127/><W7/><G71/><T109/><D105/><U87/><E6/><V2/><F2/><W40/><G135/><N who="0" m="51787" /><D126/><U131/><E131/><V36/><F36/><W62/><G62/><T107/><D107/><U121/><E121/><V117/><F117/><W81/><G106/><T88/><D56/><U134/><E134/><V69/><F96/><W60/><G60/><T95/><D11/><U65/><E46/><V37/><F37/><W93/><G40/><N who="0" m="15467" /><D31/><U51/><E51/><V108/><F9/><W20/><REACH who="3" step="1"/><G45/><REACH who="3" step="2"/><T15/><D15/><U75/><REACH who="1" step="1"/><E61/><REACH who="1" step="2"/><V99/><F69/><W67/><G67/><T102/><D102/><U19/><E19/><V101/><F17/><W84/><AGARI ba="1,2" hai="4,7,20,27,29,76,77,81,82,84,85,91,93,97" machi="84" ten="20,8000,1" yaku="1,1,0,1,7,1,9,1,8,1,53,0" doraHai="120" doraHaiUra="32" who="3" fromWho="3" sc="260,-41,210,-21,260,-21,250,103" /><INIT seed="1,0,0,5,1,93" ten="219,189,239,353" oya="1" hai0="17,35,74,131,62,70,15,38,8,63,36,85,30" hai1="94,9,96,68,123,92,53,135,66,79,32,71,112" hai2="5,10,69,13,67,21,28,106,104,61,127,107,113" hai3="49,91,24,33,110,89,29,37,7,2,100,121,31" shuffle="mt19937ar,C7897340,E9FDB894,7E6B0F71,335A9C43,3F7C5717,BBCED6D4,CA29F031,C2B209F2"/><U41/><E123/><V59/><F127/><W103/><G37/><T111/><D74/><U56/><E112/><V78/><F78/><W25/><G121/><T132/><D111/><U3/><E32/><V75/><F75/><W134/><G110/><T0/><D131/><U27/><E41/><V82/><F82/><W120/><G120/><T54/><D132/><U6/><E79/><V43/><F43/><W4/><G49/><T80/><D0/><U86/><E135/><V50/><F113/><W73/><G73/><T52/><D35/><U1/><E1/><V105/><F105/><W65/><G134/><T126/><D30/><U130/><E130/><V114/><F114/><W55/><G2/><T40/><D126/><U76/><E27/><V133/><F133/><W119/><G65/><T64/><D63/><U99/><E66/><V101/><F50/><W84/><G84/><T39/><REACH who="0" step="1"/><D40/><REACH who="0" step="2"/><U42/><E42/><V45/><F28/><W81/><G33/><T16/><D16/><U87/><E68/><V48/><F61/><W124/><G124/><T95/><D95/><U128/><E71/><V26/><F107/><W20/><G31/><T102/><D102/><N who="1" m="60679" /><E128/><V88/><F106/><W125/><G125/><T60/><D60/><N who="1" m="35855" /><E76/><AGARI ba="0,1" hai="8,15,17,36,38,39,52,54,62,64,70,76,80,85" machi="76" ten="40,5200,0" yaku="1,1,54,1,53,1" doraHai="93" doraHaiUra="14" who="0" fromWho="1" sc="209,62,189,-52,239,0,353,0" /><INIT seed="2,0,0,3,3,115" ten="271,137,239,353" oya="2" hai0="97,104,71,26,54,85,98,58,84,120,130,122,72" hai1="25,119,93,110,132,12,99,22,128,4,35,123,92" hai2="74,46,88,43,83,134,131,114,14,109,89,10,21" hai3="27,38,9,42,36,30,20,121,127,65,129,112,52" shuffle="mt19937ar,BC8161EC,435198D6,ADE12B30,9DE7F454,257BA037,2DB036DC,E0D15E3C,88BD12B7"/><V73/><F114/><W1/><G121/><T40/><D71/><U118/><E123/><V47/><F131/><W7/><G112/><T107/><D40/><U124/><E35/><V81/><F134/><W126/><G65/><T5/><D5/><U16/><E132/><V68/><F68/><W29/><G129/><T91/><D26/><U87/><E128/><V17/><F109/><W61/><G30/><T24/><D24/><U2/><E110/><V8/><F74/><W64/><G52/><T51/><D130/><U102/><E124/><N who="3" m="47658" /><G42/><T113/><D113/><U101/><E2/><V32/><F32/><W100/><G100/><T45/><D58/><AGARI ba="0,0" hai="1,7,9,20,27,29,36,38,58,61,64" m="47658" machi="58" ten="30,1000,0" yaku="18,1" doraHai="115" who="3" fromWho="0" sc="271,-10,137,0,239,0,353,10" /><INIT seed="3,0,0,4,2,121" ten="261,137,239,363" oya="3" hai0="20,124,65,11,64,7,21,125,69,88,89,84,6" hai1="77,19,104,57,14,75,61,83,96,103,59,102,99" hai2="33,54,109,72,52,24,25,5,74,127,17,105,118" hai3="92,85,107,73,2,117,29,111,63,60,81,82,16" shuffle="mt19937ar,FD99B9C8,F0423C5B,4D4EC5EE,0FEFBD2F,29F0F3E3,1916C503,856F9B01,D1DB542A"/><W62/><G107/><T67/><D69/><U13/><E104/><V80/><F105/><W3/><G29/><T36/><D36/><U58/><E61/><V45/><F118/><W87/><G117/><T34/><D34/><U27/><E83/><V9/><F127/><N who="0" m="48714" /><D89/><U131/><E77/><V98/><F109/><W0/><G92/><N who="0" m="54279" /><D7/><U129/><E27/><V40/><F98/><W108/><G73/><T114/><D114/><U35/><E35/><V78/><F74/><W46/><G46/><T50/><D50/><U41/><E75/><V134/><F134/><W100/><G100/><T31/><D31/><U42/><E59/><V37/><F33/><W43/><G43/><T135/><D135/><U112/><REACH who="1" step="1"/><E112/><REACH who="1" step="2"/><V1/><F25/><W10/><G63/><T130/><D67/><U4/><E4/><V116/><F116/><W123/><G62/><T101/><D65/><U8/><E8/><V15/><F24/><W119/><G60/><T47/><D64/><U55/><E55/><V97/><F97/><W48/><G10/><AGARI ba="0,1" hai="1,5,9,10,15,17,37,40,45,52,54,72,78,80" machi="10" ten="30,7700,0" yaku="7,1,25,2,54,1" doraHai="121" who="2" fromWho="3" sc="261,0,127,0,239,87,363,-77" owari="261,-9,127,-27,326,32,286,4" /></mjloggm>