<mjloggm ver="2.3"><GO type="225"/><UN n0="%73%69%64%65" n1="%E3%83%81%E3%83%A3%E3%82%AA%E3%83%AA" n2="%E6%A1%9C%E8%8A%B1%E9%96%83%E3%80%85" n3="%E9%9B%AA%E5%9B%BD%E8%82%B2%E3%81%A1" dan="17,17,16,17" rate="2096,2099,2060,2067" sx="M,M,M,M"/><TAIKYOKU oya="0"/><INIT seed="0,0,0,3,1,110" ten="250,250,250,250" oya="0" hai0="6,46,71,120,116,32,101,74,83,105,17,114,69" hai1="23,13,73,81,50,112,126,19,51,128,78,26,37" hai2="65,56,92,108,31,55,80,41,66,98,52,115,75" hai3="48,61,117,121,64,94,3,35,39,93,2,10,20" shuffle="mt19937ar,9E09E53E,B47C13F4,0F81341D,43511E7C,E7FC438C,CC5EC6A0,C7AE3EE1,5F71B539"/><T16/><D32/><U29/><E37/><V14/><F108/><W97/><G39/><T9/><D120/><U12/><E126/><V72/><F41/><W57/><G35/><T59/><D116/><U8/><E128/><V67/><F115/><W89/><G117/><T99/><D114/><U38/><E38/><V118/><F118/><W63/><G121/><T22/><D59/><U36/><E36/><V30/><F14/><W96/><G48/><T62/><D46/><U103/><E103/><V125/><F125/><W123/><G123/><T54/><D54/><U49/><REACH who="1" step="1"/><E12/><REACH who="1" step="2"/><V53/><F56/><W130/><G130/><T5/><D71/><U85/><E85/><V82/><F75/><W131/><G131/><T58/><D69/><U134/><E134/><V132/><F132/><W60/><G3/><T47/><D58/><U4/><E4/><V77/><REACH who="2" step="1"/><F82/><REACH who="2" step="2"/><W111/><G111/><T79/><D83/><U102/><E102/><AGARI ba="0,2" hai="30,31,52,53,55,65,66,67,72,77,80,92,98,102" machi="102" ten="40,5200,0" yaku="1,1,2,1,54,1,53,0" doraHai="110" doraHaiUra="33" who="2" fromWho="1" sc="250,0,240,-52,240,72,250,0" /><INIT seed="1,0,0,2,2,7" ten="250,188,312,250" oya="1" hai0="102,120,40,110,13,90,130,119,43,122,2,121,123" hai1="55,47,66,75,80,92,48,31,77,133,67,49,111" hai2="27,38,87,115,76,93,20,59,29,30,44,21,134" hai3="103,86,101,18,58,107,83,132,64,72,23,127,65" shuffle="mt19937ar,E9F7F451,3F37A049,B761B4A7,9F4C2755,9A50486A,98265295,2F08C766,47BEF967"/><U10/><E133/><V114/><F134/><W98/><G127/><T8/><D119/><U17/><E31/><V69/><F69/><W45/><G72/><T99/><D2/><U135/><E135/><V94/><F59/><W16/><G132/><T60/><D110/><U53/><E92/><V109/><F109/><W51/><G101/><T1/><D1/><U128/><E111/><V12/><F76/><W96/><G96/><T6/><D130/><U61/><E61/><V82/><F82/><W28/><G28/><T4/><D4/><U113/><E128/><V118/><F118/><W117/><G58/><T125/><D125/><U116/><E116/><V81/><F81/><W50/><G50/><T63/><D90/><U9/><E113/><N who="2" m="43019" /><F87/><W54/><G117/><T68/><N who="0" m="30720" /><DORA hai="97" /><T11/><D11/><U19/><E19/><N who="2" m="10343" /><F30/><W126/><G126/><T100/><D100/><U88/><E88/><V0/><F0/><W35/><G64/><N who="0" m="40967" /><D63/><U74/><E74/><V41/><AGARI ba="0,0" hai="21,27,29,38,41,44,93,94" m="10343,43019" machi="41" ten="30,1100,0" yaku="11,1" doraHai="7,97" who="2" fromWho="2" sc="250,-3,188,-5,312,11,250,-3" /><INIT seed="2,0,0,5,4,14" ten="247,183,323,247" oya="2" hai0="88,18,102,24,2,134,31,96,121,73,50,125,107" hai1="39,127,82,112,51,12,1,64,56,120,54,32,46" hai2="99,30,76,103,126,11,93,38,8,21,57,86,5" hai3="25,92,101,124,74,111,63,77,78,22,69,16,97" shuffle="mt19937ar,17792931,239CB157,BC2F4A03,F5C42CD1,2241A494,8D907171,8C1C20AA,BA29A913"/><V41/><F126/><W130/><G124/><T108/><D125/><U0/><E127/><V109/><F109/><W100/><G111/><T94/><D2/><U3/><E112/><V59/><F38/><W80/><G130/><T85/><D108/><U117/><E32/><V9/><F41/><W7/><G7/><T90/><D121/><U123/><E117/><V131/><F5/><W128/><G128/><T35/><D134/><U55/><E64/><V17/><F30/><W62/><G78/><T115/><D115/><U13/><E82/><N who="2" m="47431" /><F131/><W19/><G69/><T114/><D114/><U129/><E129/><V27/><AGARI ba="0,0" hai="8,9,11,17,21,27,57,59,93,99,103" m="47431" machi="27" ten="30,3000,0" yaku="8,1,52,1" doraHai="14" who="2" fromWho="2" sc="247,-10,183,-10,323,30,247,-10" /><INIT seed="2,1,0,0,4,52" ten="237,173,353,237" oya="2" hai0="101,108,92,79,87,99,100,14,133,103,44,113,127" hai1="19,71,74,25,80,22,50,1,27,4,42,34,24" hai2="45,84,118,60,53,43,62,17,64,38,119,112,105" hai3="3,37,85,12,57,46,126,76,106,102,81,77,89" shuffle="mt19937ar,F980CCA2,C13E5E55,7137F337,1C1D7631,53E2A103,202299CD,6C759BB8,40933735"/><V63/><F105/><W128/><G3/><T83/><D113/><U104/><E104/><V130/><F112/><W16/><G126/><T73/><D127/><U67/><E74/><V15/><F130/><W124/><G124/><T72/><D44/><U56/><E80/><V123/><F123/><W0/><G0/><T97/><D14/><U75/><E75/><N who="0" m="28745" /><D108/><U33/><E71/><V48/><F84/><W35/><G35/><T9/><D9/><U135/><E135/><V78/><F78/><W66/><G128/><T21/><D21/><U98/><E98/><N who="0" m="37385" /><D133/><U94/><E94/><AGARI ba="1,0" hai="79,83,87,92,94,100,101,103" m="37385,28745" machi="94" ten="40,8000,1" yaku="35,5" doraHai="52" who="0" fromWho="1" sc="237,83,173,-83,353,0,237,0" /><INIT seed="3,0,0,0,2,43" ten="320,90,353,237" oya="3" hai0="78,130,39,117,25,44,16,97,27,56,103,42,126" hai1="0,114,33,128,37,75,68,76,110,32,52,26,123" hai2="88,18,57,121,135,119,73,7,74,70,82,5,61" hai3="101,15,127,93,134,81,92,6,72,4,59,84,132" shuffle="mt19937ar,5A503A52,3B980B9A,C57830C2,4F8DC1DD,65C1E36F,E64DE49B,071C9F07,28B3758C"/><W2/><G127/><T83/><D117/><U13/><E76/><V80/><F119/><W124/><G124/><T116/><D116/><U22/><E26/><V64/><F135/><N who="3" m="51755" /><G2/><T3/><D126/><U60/><E60/><V30/><F30/><W100/><G72/><T112/><D3/><U51/><E51/><V106/><F106/><W113/><G113/><T94/><D112/><U34/><E13/><V29/><F29/><W55/><G92/><T96/><D130/><U35/><E22/><V108/><F108/><W63/><G93/><T86/><D56/><U89/><E89/><V46/><F121/><W31/><G31/><T9/><REACH who="0" step="1"/><D97/><REACH who="0" step="2"/><U50/><E0/><V36/><F57/><W129/><G129/><T12/><AGARI ba="0,1" hai="9,12,16,25,27,39,42,44,78,83,86,94,96,103" machi="12" ten="30,12000,2" yaku="1,1,2,1,0,1,52,1,54,1,53,1" doraHai="43" doraHaiUra="91" who="0" fromWho="0" sc="310,130,90,-30,353,-30,237,-60" owari="440,44,60,-34,323,7,177,-17" /></mjloggm>