<mjloggm ver="2.3"><GO type="225"/><UN n0="%EF%BC%88%27%EF%BC%88%E3%82%A7%EF%BC%89%27%6F%EF%BC%89" n1="%E3%83%9C%E3%83%84" n2="%E3%81%B6%E3%81%A3%E3%81%A8%E3%81%B3%E4%BE%8D" n3="%E3%80%93%E3%81%84%E3%81%A1%E3%81%AF%E3%82%89%E3%80%93" dan="16,16,16,16" rate="2060,2046,2088,2042" sx="M,M,M,M"/><TAIKYOKU oya="0"/><INIT seed="0,0,0,0,4,12" ten="250,250,250,250" oya="0" hai0="9,47,80,57,135,43,110,121,15,107,13,20,102" hai1="65,62,116,132,72,81,54,75,106,105,83,27,4" hai2="96,3,128,2,118,68,53,60,56,14,94,122,115" hai3="85,42,112,100,0,134,73,123,63,23,111,101,38" shuffle="mt19937ar,48F36051,F19DE81F,F71974FE,EA2FE364,A34FA0B5,01E3E438,E897226E,165D459B"/><T31/><D121/><U17/><E116/><V84/><F115/><W86/><G0/><T59/><D135/><U61/><E4/><V91/><F122/><W37/><G73/><T33/><D33/><U7/><E7/><V74/><F74/><W21/><G42/><T124/><D124/><U5/><E5/><V52/><F118/><W71/><G71/><T29/><D9/><U95/><E54/><V44/><F128/><W99/><G99/><T82/><D107/><U26/><E65/><V131/><F131/><W16/><G63/><T79/><D102/><U45/><E45/><V133/><F133/><W10/><G10/><T114/><D114/><U11/><E11/><V113/><F113/><W77/><G77/><T49/><D110/><U40/><E132/><V69/><F69/><W50/><G112/><T25/><D29/><U48/><E48/><N who="2" m="28807" /><F3/><W28/><G50/><T39/><D39/><U58/><E95/><N who="2" m="54759" /><F68/><W98/><G134/><T24/><D24/><U104/><E104/><V76/><F76/><W6/><G123/><T89/><D89/><U117/><E117/><V126/><F126/><W67/><G111/><T125/><D125/><U97/><E40/><V64/><F2/><W1/><G1/><T46/><D46/><U92/><E105/><V90/><F14/><N who="0" m="5130" /><D79/><U119/><E106/><V41/><F41/><W103/><G6/><T127/><D127/><U120/><E119/><V93/><F93/><W78/><G38/><T35/><D35/><U130/><E92/><V109/><F109/><W129/><G37/><T88/><D88/><U108/><E120/><RYUUKYOKU ba="0,0" sc="250,15,250,-15,250,15,250,-15" hai0="20,25,31,43,47,49,57,59,80,82" hai2="52,56,60,64,90,94,96" /><INIT seed="0,1,0,1,4,16" ten="265,235,265,235" oya="0" hai0="2,18,120,42,65,101,73,130,132,99,25,36,97" hai1="118,48,109,88,106,44,31,86,4,38,102,21,125" hai2="23,69,122,75,113,67,68,62,14,103,46,123,74" hai3="7,15,95,84,133,111,94,47,3,127,56,30,53" shuffle="mt19937ar,71F0A9B5,295A5A53,2BC8D9B2,2568155C,B6B6573E,53954032,F19E125A,E11116F4"/><T27/><D120/><U33/><E118/><V41/><F113/><W128/><G128/><T10/><D73/><U17/><E109/><V82/><F69/><W6/><G111/><T54/><D65/><U66/><E38/><V34/><F34/><W24/><G3/><T112/><D112/><U135/><E4/><V22/><F122/><W91/><G133/><T105/><D130/><U134/><E66/><V35/><F35/><W59/><G127/><T20/><D132/><N who="1" m="50731" /><E125/><V57/><F68/><W13/><G47/><T87/><D99/><N who="1" m="61791" /><E31/><V108/><F108/><W116/><G59/><T51/><D36/><U55/><E33/><V117/><F117/><W85/><G116/><T98/><D98/><U45/><E45/><V114/><F114/><W115/><G115/><T80/><D42/><U79/><E79/><V49/><F123/><W63/><G6/><T90/><D2/><U104/><E104/><V28/><F28/><W19/><G7/><T107/><D105/><U64/><E64/><V77/><F103/><W60/><G60/><T70/><D70/><U96/><E96/><V71/><F71/><W8/><G15/><T58/><REACH who="0" step="1"/><D10/><REACH who="0" step="2"/><U5/><E86/><V78/><F14/><AGARI ba="1,1" hai="14,18,20,25,27,51,54,58,80,87,90,97,101,107" machi="14" ten="30,11600,0" yaku="1,1,2,1,7,1,52,1,53,0" doraHai="16" doraHaiUra="89" who="0" fromWho="2" sc="255,129,235,0,265,-119,235,0" /><INIT seed="0,2,0,5,4,3" ten="384,235,146,235" oya="0" hai0="50,26,0,71,87,5,58,20,57,79,103,126,83" hai1="30,27,73,98,10,90,33,36,135,34,131,119,11" hai2="67,127,21,62,19,40,55,9,39,93,112,49,32" hai3="120,66,29,121,15,16,111,23,118,105,129,86,85" shuffle="mt19937ar,936646AE,07BA2F2E,3103D1BC,7AE2F45A,8F22B504,54B69458,E447A715,17A20349"/><T2/><D71/><U1/><E119/><V68/><F32/><W78/><G105/><T48/><D126/><U77/><E36/><V110/><F127/><W41/><G118/><T84/><D103/><U70/><E70/><V12/><F112/><W6/><G66/><T38/><D38/><U134/><E131/><V92/><F110/><W123/><G129/><T56/><D87/><U18/><E34/><V113/><F113/><W4/><G111/><T130/><D130/><U117/><E117/><V65/><F65/><W74/><G41/><T76/><D76/><U100/><E90/><V95/><F95/><W42/><G42/><T108/><D108/><U22/><E77/><V14/><F40/><W28/><G74/><T45/><D45/><U52/><E73/><V106/><F106/><W17/><G17/><T82/><D82/><U88/><E52/><V80/><F80/><N who="3" m="47255" /><G86/><T116/><D116/><U24/><E100/><V122/><F122/><W46/><G46/><T31/><REACH who="0" step="1"/><D0/><REACH who="0" step="2"/><U125/><E1/><V107/><F107/><W63/><G63/><T51/><D51/><U81/><E125/><V69/><F69/><W64/><G64/><T44/><D44/><U53/><E81/><V99/><F39/><W109/><G109/><T94/><D94/><N who="1" m="56647" /><E53/><V114/><F114/><W91/><G91/><T132/><D132/><AGARI ba="2,1" hai="10,11,18,22,24,27,30,33,132,134,135" m="56647" machi="132" ten="30,2000,0" yaku="20,1,54,1" doraHai="3" who="1" fromWho="0" sc="374,-26,235,36,146,0,235,0" /><INIT seed="1,0,0,4,5,17" ten="348,271,146,235" oya="1" hai0="125,45,94,0,24,80,111,96,128,23,102,97,99" hai1="32,127,73,86,70,110,26,36,38,107,5,123,92" hai2="132,114,72,90,35,63,6,78,22,1,130,14,129" hai3="51,100,28,83,126,71,56,116,115,118,62,106,65" shuffle="mt19937ar,3DBD1D83,39FF67DC,55845C05,CC09B8F1,700414D3,54EECB0F,F372CDF2,9DA4CF36"/><U112/><RYUUKYOKU type="yao9" ba="0,0" sc="348,0,271,0,146,0,235,0" hai1="5,26,32,36,38,70,73,86,92,107,110,112,123,127" /><INIT seed="1,1,0,0,4,23" ten="348,271,146,235" oya="1" hai0="26,10,55,14,112,126,85,3,25,123,82,64,76" hai1="46,48,7,13,125,63,21,24,52,109,74,130,98" hai2="95,106,135,62,121,28,113,61,116,42,119,56,34" hai3="87,131,4,102,17,75,77,6,43,94,78,15,118" shuffle="mt19937ar,B001C49D,AE44A63B,6879804C,F7AC6B89,D68A87F3,2223762F,54D1C1B9,BC0744DF"/><U30/><E125/><V22/><F106/><W35/><G35/><T91/><D112/><U105/><E74/><V41/><F34/><W114/><G114/><T19/><D126/><U127/><E127/><V49/><F113/><W107/><G118/><T66/><D123/><U117/><E117/><V57/><F121/><W0/><G0/><T71/><D3/><U60/><E130/><V58/><F95/><W40/><G131/><T38/><D38/><U129/><E129/><V73/><F73/><W108/><G107/><T12/><D71/><U65/><E109/><V100/><F100/><W36/><G75/><T16/><D76/><U124/><E124/><V11/><F11/><W47/><G43/><T133/><D133/><U32/><E65/><N who="0" m="25193" /><D55/><U27/><E13/><V90/><F135/><W97/><G108/><T93/><D93/><U103/><REACH who="1" step="1"/><E7/><REACH who="1" step="2"/><V20/><F119/><W84/><G6/><T99/><D99/><U80/><E80/><V115/><F116/><W31/><G4/><T59/><D59/><U120/><E120/><V111/><F111/><W5/><G5/><T132/><D132/><U83/><E83/><V110/><F110/><W69/><G69/><T128/><D128/><U89/><E89/><V68/><F68/><W88/><G87/><T122/><D122/><U9/><E9/><AGARI ba="1,1" hai="9,10,12,14,16,19,25,26,82,85,91" m="25193" machi="9" ten="30,7700,0" yaku="8,1,52,2,54,1" doraHai="23" who="0" fromWho="1" sc="348,90,261,-80,146,0,235,0" /><INIT seed="2,0,0,4,5,121" ten="438,181,146,235" oya="2" hai0="115,117,116,135,102,95,23,47,85,26,11,24,36" hai1="122,63,0,3,92,59,58,74,34,48,61,20,25" hai2="72,78,53,86,42,17,114,97,9,125,98,118,84" hai3="33,127,119,77,79,62,110,29,120,4,132,64,38" shuffle="mt19937ar,C627FA25,B7FA9B71,5096668F,B895CE38,9C52B39E,BC3B5B08,9902E617,CE4D5FBC"/><V10/><F114/><W44/><G120/><T60/><D115/><U66/><E122/><V5/><F118/><N who="0" m="45674" /><D135/><U73/><E34/><V51/><F72/><W22/><G4/><T129/><D129/><U7/><E48/><V54/><F125/><W96/><G33/><T12/><D60/><U126/><E126/><V105/><F17/><W71/><G127/><T83/><D102/><U6/><E92/><V55/><F105/><W30/><G96/><N who="2" m="36969" /><F78/><W107/><G107/><T113/><D95/><U106/><E20/><V2/><F2/><W14/><G22/><T52/><D113/><U89/><E106/><V13/><F10/><W70/><G70/><T109/><D23/><U65/><E25/><V46/><AGARI ba="0,0" hai="5,9,13,42,46,51,53,54,55,84,86" m="36969" machi="46" ten="30,1500,0" yaku="8,1" doraHai="121" who="2" fromWho="2" sc="438,-5,181,-5,146,15,235,-5" /><INIT seed="2,1,0,3,4,82" ten="433,176,161,230" oya="2" hai0="83,90,40,110,45,67,57,62,3,28,74,29,122" hai1="14,26,102,99,33,16,100,108,46,85,38,37,42" hai2="73,131,125,0,41,69,72,2,105,19,76,97,15" hai3="109,59,75,49,17,65,54,77,4,11,32,88,130" shuffle="mt19937ar,20220CD0,E3F2C2B7,FB3357FE,B94BB678,10FC47AF,45F310C7,1B78FAB1,951AFE07"/><V93/><F69/><W44/><G32/><T116/><D122/><U128/><E108/><V39/><F105/><W24/><G109/><T103/><D110/><U66/><E128/><V48/><F39/><W126/><G130/><T129/><D129/><U68/><E38/><V117/><F117/><W60/><G126/><T55/><D3/><U34/><E66/><V114/><F114/><W91/><G77/><T30/><D116/><U36/><E36/><V87/><F131/><W23/><G75/><T61/><D103/><U134/><E68/><V120/><F120/><W18/><G18/><T118/><D118/><U80/><E134/><V27/><F125/><W8/><G8/><T56/><D74/><U71/><E71/><V58/><F2/><AGARI ba="1,0" hai="2,4,11,17,23,24,44,49,54,59,60,65,88,91" machi="2" ten="30,2000,0" yaku="7,1,54,1" doraHai="82" who="3" fromWho="2" sc="433,0,176,0,161,-23,230,23" /><INIT seed="3,0,0,5,4,46" ten="433,176,138,253" oya="3" hai0="83,80,50,94,39,134,89,124,70,109,53,4,21" hai1="86,49,12,29,18,60,82,34,91,100,97,3,15" hai2="27,65,131,28,68,11,128,58,125,123,22,63,75" hai3="14,113,43,31,64,114,79,102,48,19,36,13,55" shuffle="mt19937ar,880A4B55,C3D3A5CB,4E643E34,1975D47D,4530D4F9,64E152FA,C003E819,11BB139D"/><W133/><G133/><T93/><D39/><U96/><E3/><V41/><F75/><W17/><G102/><T56/><D70/><U73/><E73/><V32/><F125/><W69/><G31/><T88/><D124/><U104/><E60/><V67/><F123/><W7/><G7/><T2/><D134/><U106/><E49/><V20/><F11/><W118/><G118/><T110/><D21/><U40/><E40/><V112/><F112/><W127/><G79/><T95/><D4/><U107/><E12/><V111/><F111/><N who="0" m="42506" /><D2/><U77/><E29/><V44/><F67/><W130/><G43/><T10/><D10/><U61/><E61/><V59/><F59/><W126/><G36/><T45/><D56/><U42/><E42/><V90/><F68/><W85/><G85/><N who="0" m="50215" /><D83/><U51/><E34/><V66/><F66/><W72/><G72/><T26/><D26/><U8/><E82/><V129/><REACH who="2" step="1"/><F90/><AGARI ba="0,0" hai="45,50,53,89,90,93,94,95" m="50215,42506" machi="90" ten="30,3900,0" yaku="14,1,52,1,54,1" doraHai="46" who="0" fromWho="2" sc="433,39,176,0,138,-39,253,0" owari="472,47,176,-17,99,-30,253,0" /></mjloggm>