<mjloggm ver="2.3"><GO type="225"/><UN n0="%E3%82%88%E3%81%A3%E3%81%A1" n1="%73%69%64%65" n2="%E3%82%AF%E3%83%AB%E3%83%AB%E2%98%86" n3="%E3%81%B6%E3%81%A3%E3%81%A8%E3%81%B3%E4%BE%8D" dan="16,17,16,16" rate="2064,2078,2053,2070" sx="M,M,F,M"/><TAIKYOKU oya="0"/><INIT seed="0,0,0,5,4,57" ten="250,250,250,250" oya="0" hai0="86,35,132,18,45,124,88,22,44,75,8,49,109" hai1="126,26,102,114,122,28,134,23,96,50,105,73,10" hai2="52,61,107,60,103,104,67,70,69,19,53,79,29" hai3="71,34,33,77,65,62,125,76,38,63,84,131,24" shuffle="mt19937ar,7684C9E0,6F131F62,F6FE2BB0,AE1E2974,51590DFD,1FA4A27B,1F14F3C5,56F7064E"/><T42/><D75/><U2/><E122/><V118/><F29/><W95/><G38/><T40/><D35/><U66/><E73/><V80/><F118/><W106/><G106/><T13/><D124/><U41/><E126/><V27/><F27/><W7/><G125/><T90/><D132/><U99/><E134/><V31/><F31/><W20/><G7/><T74/><D74/><U116/><E116/><V113/><F113/><W58/><G131/><T129/><D129/><U121/><E121/><V56/><F19/><W4/><G4/><T54/><D109/><U39/><E39/><V133/><F133/><W11/><G11/><T1/><D1/><U120/><E120/><V46/><F103/><W30/><G77/><T115/><D115/><U55/><E41/><V16/><F16/><W37/><G37/><T12/><D45/><U5/><E66/><V100/><F100/><W21/><G34/><T123/><D123/><U92/><E114/><V97/><F97/><W48/><G48/><T68/><D68/><U78/><E78/><V9/><F9/><W47/><G47/><T85/><D12/><U119/><E119/><V64/><F46/><W89/><REACH who="3" step="1"/><G76/><REACH who="3" step="2"/><T111/><D111/><U117/><E117/><V87/><F53/><AGARI ba="0,1" hai="20,21,24,30,33,53,58,62,63,65,71,84,89,95" machi="53" ten="30,8000,1" yaku="1,1,2,1,7,1,52,2,53,0" doraHai="57" doraHaiUra="101" who="3" fromWho="2" sc="250,0,250,0,250,-80,240,90" /><INIT seed="1,0,0,3,2,98" ten="250,250,170,330" oya="1" hai0="50,93,101,73,39,33,102,83,21,118,29,128,116" hai1="91,133,78,35,125,40,5,68,65,130,100,20,19" hai2="60,64,11,3,24,51,38,67,14,49,87,9,22" hai3="124,54,36,31,69,23,112,97,58,108,129,117,90" shuffle="mt19937ar,1185A3AD,1BEBE1D0,DA082F3A,492AB49E,07189B96,FE3CDA7D,CD1B177E,0ACB58B2"/><U10/><E35/><V105/><F38/><W27/><G69/><T79/><D39/><U17/><E40/><V110/><F105/><W123/><G36/><T2/><D2/><U89/><E78/><V16/><F110/><W41/><G123/><T114/><D33/><U92/><E133/><V109/><F109/><W25/><G41/><T132/><D114/><U26/><E130/><V82/><F3/><W32/><G108/><T99/><D128/><U131/><E131/><V76/><F9/><W44/><G44/><T18/><D132/><U115/><E115/><V66/><REACH who="2" step="1"/><F60/><REACH who="2" step="2"/><W134/><G129/><T104/><D104/><U7/><E10/><V30/><AGARI ba="0,1" hai="11,14,16,22,24,30,49,51,64,66,67,76,82,87" machi="30" ten="30,8000,1" yaku="1,1,2,1,0,1,8,1,54,1,53,0" doraHai="98" doraHaiUra="119" who="2" fromWho="2" sc="250,-20,250,-40,160,90,330,-20" /><INIT seed="2,0,0,3,2,108" ten="230,210,250,310" oya="2" hai0="98,122,7,72,5,49,2,110,132,27,52,105,53" hai1="133,47,95,65,44,21,20,30,135,115,9,59,56" hai2="79,103,42,1,126,11,86,14,15,66,29,85,100" hai3="58,74,22,99,62,3,125,0,16,34,69,28,78" shuffle="mt19937ar,60DDB216,178EFE0D,E3B2E54D,BC49D8CB,B4E64D2D,9D5995C4,549CDB7B,B96BB223"/><V88/><F1/><W24/><G69/><T102/><D72/><U129/><E9/><V25/><F126/><W51/><G125/><T101/><D122/><U128/><E95/><V36/><F66/><W19/><G19/><T104/><D132/><N who="1" m="50763" /><E30/><V130/><F130/><N who="1" m="50281" /><E115/><V109/><F109/><W4/><G51/><T60/><D110/><U111/><E111/><V124/><F124/><W45/><G45/><N who="1" m="17482" /><E65/><V13/><F11/><N who="3" m="2439" /><G99/><T8/><D5/><U77/><E77/><V43/><F79/><W123/><G78/><T117/><D102/><N who="2" m="38954" /><F85/><W57/><G74/><T61/><D105/><U82/><E82/><N who="2" m="49239" /><F36/><W10/><G10/><T37/><D37/><U116/><E116/><V68/><F68/><W80/><G3/><T6/><D117/><U121/><E121/><V106/><F106/><W94/><G80/><T64/><D6/><U12/><E12/><V81/><F81/><W18/><G94/><T89/><D64/><U35/><E35/><V84/><F84/><W75/><G75/><T91/><D27/><U48/><E48/><V96/><F96/><W67/><G123/><T113/><D49/><U41/><E41/><V118/><F118/><W119/><G119/><T92/><D113/><U31/><E31/><V97/><F97/><W26/><G34/><T107/><D107/><U90/><E90/><N who="0" m="34313" /><D104/><U46/><N who="1" m="17490" /><U71/><DORA hai="54" /><E71/><V38/><F38/><W40/><G40/><T134/><D134/><U73/><E73/><V17/><F29/><W131/><G131/><T63/><D2/><U33/><E33/><V76/><F76/><W120/><G120/><RYUUKYOKU ba="0,0" sc="230,10,210,10,250,10,310,-30" hai0="7,8,52,53,60,61,63,92,98,101" hai1="20,21,56,59" hai2="13,14,15,17,25,42,43" /><INIT seed="2,1,0,4,0,8" ten="240,220,260,280" oya="2" hai0="119,23,73,32,68,4,130,88,79,52,21,36,99" hai1="131,41,67,16,92,85,93,62,111,122,24,100,12" hai2="10,18,104,114,48,17,66,65,74,126,109,53,69" hai3="29,59,91,72,9,46,115,135,101,117,19,56,121" shuffle="mt19937ar,2DAB347D,3C5E70E3,52720F12,3FF1E40D,1F69AB50,EAA1E87B,074A2062,7F0BDFBE"/><V34/><F74/><W133/><G117/><T124/><D32/><U83/><E111/><V40/><F104/><W47/><G121/><T13/><D68/><U127/><E122/><V25/><F114/><W27/><G72/><T30/><D36/><U49/><E131/><V0/><F40/><W120/><G120/><T58/><D119/><U51/><E24/><V39/><F39/><W15/><G91/><T70/><D70/><U35/><E35/><V118/><F118/><W86/><G86/><T76/><D130/><U26/><E26/><V112/><F112/><W105/><G115/><T6/><D73/><U84/><E127/><V78/><F78/><N who="0" m="29738" /><D124/><U61/><E51/><V57/><F126/><W28/><G28/><T123/><D123/><U5/><E5/><N who="0" m="2153" /><D30/><U2/><E2/><V95/><F0/><W43/><G101/><T98/><D13/><U82/><E100/><V54/><F69/><W1/><G105/><T55/><D55/><U106/><E106/><V107/><F107/><W50/><G1/><T60/><D99/><U108/><E108/><V7/><F7/><W128/><G128/><T116/><D116/><U64/><E41/><V81/><F34/><W71/><G71/><T37/><D37/><U125/><E125/><V129/><F129/><W102/><G102/><T45/><D45/><U89/><E89/><V44/><F109/><W75/><G75/><T97/><D97/><U14/><E49/><V134/><F48/><W20/><G47/><T42/><D42/><U132/><E16/><V103/><F18/><N who="3" m="8559" /><G29/><T110/><D110/><U22/><E22/><RYUUKYOKU ba="1,0" sc="240,10,220,10,260,-30,280,10" hai0="21,23,52,58,60,88,98" hai1="12,14,61,62,64,67,82,83,84,85,92,93,132" hai3="19,20,27,43,46,50,56,59,133,135" /><INIT seed="3,2,0,3,2,60" ten="250,230,230,290" oya="3" hai0="99,24,81,53,123,120,131,17,118,125,49,90,86" hai1="62,88,112,77,82,9,16,11,87,58,59,2,111" hai2="127,75,35,6,31,39,55,8,67,4,85,5,28" hai3="7,124,126,50,3,98,65,135,14,110,129,0,61" shuffle="mt19937ar,F345C111,5B275256,A54B1C8F,360EFA4D,AB9A7259,38F2D3B4,0007DA81,E26C777A"/><W42/><G135/><T12/><D118/><U56/><E112/><V117/><F75/><W19/><G129/><T40/><D131/><U34/><E34/><V83/><F117/><W29/><G29/><T73/><D125/><N who="3" m="48233" /><G110/><T80/><D40/><U22/><E111/><V10/><F39/><W45/><G7/><T38/><D38/><U94/><E2/><V72/><F72/><W113/><G98/><T25/><D99/><N who="1" m="57799" /><E62/><V47/><F127/><W78/><G78/><T134/><D134/><U46/><E46/><V69/><F35/><W26/><G26/><AGARI ba="2,0" hai="9,11,16,22,26,56,58,59,77,82,87" m="57799" machi="26" ten="30,3900,0" yaku="8,1,54,2" doraHai="60" who="1" fromWho="3" sc="250,0,230,45,230,0,290,-45" /><INIT seed="4,0,0,2,4,110" ten="250,275,230,245" oya="0" hai0="70,63,40,11,74,62,5,22,6,116,82,49,48" hai1="88,124,20,43,111,21,100,58,17,56,99,121,32" hai2="115,37,30,104,41,67,66,23,15,113,14,64,93" hai3="129,9,109,87,59,71,77,51,7,60,112,72,135" shuffle="mt19937ar,3B916D76,A5B0CE8F,506008E5,A69C0E68,5CC12A67,18E5F4C3,E335AC89,6D6BFD0E"/><T47/><D116/><U34/><E121/><V134/><F104/><W29/><G109/><T125/><D125/><U2/><E111/><V68/><F68/><W120/><G72/><T117/><D117/><U42/><E2/><V118/><F118/><W78/><G120/><T19/><D49/><U54/><E124/><V46/><F134/><W75/><G75/><T114/><D114/><N who="2" m="43530" /><F93/><W8/><G112/><T133/><D133/><U107/><E34/><V85/><F85/><W13/><G87/><T86/><D74/><U130/><E32/><V96/><F96/><W84/><G84/><T25/><D70/><U55/><E130/><V108/><F108/><W0/><G129/><T106/><D106/><U92/><E100/><V127/><F127/><W33/><G135/><T102/><D102/><U94/><E107/><V39/><F37/><W132/><G132/><T28/><D28/><U1/><E99/><V53/><F53/><N who="3" m="32191" /><G29/><T50/><D50/><U95/><E95/><V12/><F30/><W97/><G97/><T38/><D38/><U61/><E94/><V90/><F90/><W103/><G103/><T52/><D40/><U98/><E92/><V16/><AGARI ba="0,0" hai="12,14,15,16,23,39,41,46,64,66,67" m="43530" machi="16" ten="40,8000,1" yaku="15,1,52,3,54,1" doraHai="110" who="2" fromWho="2" sc="250,-40,275,-20,230,80,245,-20" owari="210,-19,255,1,310,30,225,-12" /></mjloggm>