<mjloggm ver="2.3"><GO type="185"/><UN n0="%E4%B8%89%E7%94%B0%E6%9D%91%E8%8C%9C" n1="%E5%8D%81%E5%85%AD%E5%A4%9C%E2%80%A0%E5%92%B2%E5%A4%9C" n2="%E7%B1%B3%E5%85%89%E5%80%B6%E6%A5%BD%E9%83%A8" n3="" dan="17,16,16,0" rate="2171,2198,2182,1500" sx="F,F,F,C"/><TAIKYOKU oya="0"/><INIT seed="0,0,0,1,3,127" ten="350,350,350,0" oya="0" hai0="113,122,81,94,133,67,64,58,85,132,124,89,101" hai1="36,72,95,43,65,87,86,59,82,110,107,44,71" hai2="109,97,68,126,47,3,48,54,0,74,70,62,135" hai3="" shuffle="mt19937ar,0E30D6EC,9DD661CA,1FA3F748,75393971,2370024D,AA66E39D,3423866D,9F894237"/><T73/><N who="0" m="31264" /><T32/><D32/><U111/><E107/><V77/><F126/><T98/><D124/><U57/><E72/><V45/><F135/><N who="0" m="51786" /><D113/><U88/><E71/><V83/><F109/><T35/><D35/><U33/><E33/><V40/><F97/><T129/><D129/><U103/><E103/><V49/><REACH who="2" step="1"/><F62/><REACH who="2" step="2"/><T84/><D73/><U96/><E96/><V42/><F42/><T78/><D58/><U123/><N who="1" m="31520" /><U99/><E99/><V2/><AGARI ba="0,1" hai="0,2,3,40,45,47,48,49,54,68,70,74,77,83" machi="2" ten="30,3000,0" yaku="1,1,0,1,53,1" doraHai="127" doraHaiUra="106" who="2" fromWho="2" sc="350,-20,350,-10,340,40,0,0" /><INIT seed="1,0,0,1,2,103" ten="330,340,380,0" oya="1" hai0="135,113,2,68,60,56,115,40,62,33,126,63,87" hai1="122,93,112,3,75,94,80,82,52,90,104,57,32" hai2="120,58,131,108,73,101,76,117,133,129,37,35,42" hai3="" shuffle="mt19937ar,910CE80F,F3762352,1E0CBDCF,7357F944,6781243B,A88A376D,01C9369C,1AE66118"/><U107/><N who="1" m="31264" /><U34/><E3/><V100/><N who="2" m="30752" /><V65/><F35/><T79/><D2/><U70/><E70/><V96/><F117/><T123/><D33/><U49/><E112/><V45/><F133/><T81/><N who="0" m="31520" /><T47/><D135/><U105/><E34/><V121/><N who="2" m="31008" /><V61/><F108/><T85/><D68/><U114/><E114/><V111/><F111/><T106/><D106/><U64/><E64/><V55/><F65/><T50/><D56/><U128/><E128/><N who="2" m="49227" /><F96/><T78/><D126/><U88/><E32/><V38/><F37/><T69/><D69/><U1/><E1/><V86/><F73/><T99/><D99/><U48/><E48/><V109/><F109/><T89/><REACH who="0" step="1"/><D78/><REACH who="0" step="2"/><U127/><E127/><V51/><F61/><T83/><AGARI ba="0,1" hai="40,47,50,60,62,63,79,81,83,85,87,89,113,115" m="31520" machi="83" ten="30,5900,0" yaku="1,1,2,1,0,1,52,1,53,0" doraHai="103" doraHaiUra="124" who="0" fromWho="0" sc="320,69,340,-39,380,-20,0,0" /><INIT seed="2,0,0,2,4,71" ten="389,301,360,0" oya="2" hai0="93,53,41,111,36,83,59,45,66,84,33,125,77" hai1="130,114,120,68,109,96,117,103,55,62,129,102,38" hai2="122,131,61,119,60,90,88,51,76,86,123,73,34" hai3="" shuffle="mt19937ar,7047538A,BCBA7811,107DBE74,4C751970,7C6B054C,F7B43A1B,FA1AEEE4,F478C006"/><V37/><N who="2" m="31264" /><V67/><N who="2" m="31520" /><V115/><F37/><T124/><D33/><U48/><N who="1" m="30752" /><U126/><E114/><V1/><F34/><T87/><D111/><U72/><E72/><V97/><F1/><T98/><D66/><U63/><E109/><V99/><F119/><T35/><D35/><U79/><E79/><V81/><F115/><T132/><D132/><U80/><E80/><V91/><F131/><T75/><D124/><U105/><E126/><V133/><F133/><T54/><D54/><U113/><E113/><V92/><F51/><T65/><D65/><U121/><N who="1" m="31008" /><U46/><E117/><V128/><F128/><T108/><D108/><U0/><E0/><V134/><F134/><T85/><D125/><U135/><E135/><V49/><F49/><T118/><D118/><U107/><E38/><V42/><F42/><T52/><REACH who="0" step="1"/><D59/><REACH who="0" step="2"/><U94/><E130/><V110/><F110/><T57/><D57/><U47/><E129/><V127/><F127/><T78/><D78/><U3/><E3/><V40/><F67/><T95/><D95/><U82/><E94/><V58/><F58/><T43/><D43/><U101/><E55/><V106/><F40/><T89/><AGARI ba="0,1" hai="36,41,45,52,53,75,77,83,84,85,87,89,93,98" machi="89" ten="30,5900,0" yaku="1,1,0,1,52,1,54,1,53,0" doraHai="71" doraHaiUra="2" who="0" fromWho="0" sc="379,69,301,-20,360,-39,0,0" /><INIT seed="4,0,0,0,5,112" ten="448,281,321,0" oya="0" hai0="106,110,55,0,59,107,86,111,3,113,57,32,70" hai1="87,135,2,109,33,60,82,68,94,1,133,122,42" hai2="124,36,44,129,58,56,88,75,91,128,119,77,54" hai3="" shuffle="mt19937ar,172A97E1,F2C3B24F,AAEE5088,7A693723,26182ACE,D7AAEACC,5B2D637A,C017A94A"/><T116/><D32/><U130/><N who="1" m="31264" /><U108/><E33/><V83/><F124/><T117/><D70/><U78/><E42/><V39/><F119/><T46/><D113/><U131/><E68/><V52/><F44/><T34/><D86/><U126/><E60/><V65/><F65/><T127/><D34/><U66/><E66/><V115/><F115/><T79/><D79/><U40/><E40/><V120/><N who="2" m="30752" /><V96/><F96/><T123/><N who="0" m="31520" /><T61/><D46/><U49/><E49/><V81/><F77/><T95/><D95/><U89/><E2/><N who="0" m="553" /><D127/><U69/><E69/><V92/><F92/><T100/><D100/><U102/><E102/><V97/><F97/><T64/><D59/><U63/><E126/><V90/><F90/><T85/><D85/><U35/><E1/><V74/><AGARI ba="0,0" hai="36,39,52,54,56,58,74,75,81,83,88,91,128,129" m="30752" machi="74" ten="25,9000,2" yaku="0,1,22,2,52,1,54,2" doraHai="112" who="2" fromWho="2" sc="448,-60,281,-30,321,90,0,0" /><INIT seed="5,0,0,2,5,91" ten="388,251,411,0" oya="1" hai0="133,39,116,85,88,95,97,1,107,114,56,71,0" hai1="93,110,57,121,92,99,125,129,69,75,2,67,126" hai2="86,62,79,90,42,54,73,66,117,37,115,98,58" hai3="" shuffle="mt19937ar,3A412A0E,C36A0B44,B1D49BC8,6820EE5D,3D3077E5,049C4E5E,98CED3DE,09AC3630"/><U36/><N who="1" m="31008" /><U40/><E2/><V94/><F117/><T76/><D116/><U101/><E75/><V38/><F115/><T81/><D114/><U120/><N who="1" m="30752" /><U50/><E129/><V33/><F33/><T46/><D71/><U49/><E110/><V124/><F73/><T134/><D107/><U111/><E111/><V113/><F113/><T53/><D46/><U119/><E119/><V45/><F124/><N who="1" m="47721" /><E69/><V102/><F79/><T68/><D39/><U34/><E34/><V83/><F66/><T118/><D68/><U108/><E108/><V127/><F127/><T132/><REACH who="0" step="1"/><D118/><REACH who="0" step="2"/><U80/><E36/><AGARI ba="0,1" hai="36,37,38,42,45,54,58,62,83,86,90,94,98,102" machi="36" ten="30,2000,0" yaku="7,1,52,1" doraHai="91" who="2" fromWho="1" sc="378,0,251,-20,411,30,0,0" /><INIT seed="6,0,0,5,2,67" ten="378,231,441,0" oya="2" hai0="133,61,105,93,65,40,34,32,49,120,71,131,48" hai1="126,118,42,80,92,36,58,129,38,55,74,82,99" hai2="109,59,103,102,83,45,107,85,110,76,37,88,116" hai3="" shuffle="mt19937ar,5596F199,4AC7071B,80E39277,D733D96B,AD4007E0,478E84EC,F0B98784,FEAFEA01"/><V113/><F116/><T56/><N who="0" m="30752" /><T125/><D105/><U101/><E118/><V117/><F117/><T43/><D133/><U70/><E129/><V3/><F3/><T73/><D131/><U114/><E114/><V130/><F130/><T122/><N who="0" m="31264" /><T72/><D125/><U63/><E126/><V39/><F113/><T46/><D93/><U95/><E95/><V124/><F124/><T75/><D56/><U135/><E135/><V100/><F107/><T127/><D127/><U2/><E2/><V96/><F59/><T78/><D78/><U128/><E128/><V52/><F52/><T97/><D97/><U0/><E0/><V79/><F76/><T94/><D94/><U91/><E74/><V41/><F37/><T57/><D57/><U98/><E36/><V66/><F66/><T132/><D132/><U84/><E99/><V104/><F79/><T60/><D60/><U106/><E38/><V121/><N who="2" m="31008" /><V115/><F115/><T90/><D90/><U47/><E42/><V44/><F44/><AGARI ba="0,0" hai="32,34,40,43,44,46,48,49,61,65,71,72,73,75" m="31264,30752" machi="44" ten="40,8000,1" yaku="9,1,52,3" doraHai="67" who="0" fromWho="2" sc="378,80,231,0,441,-80,0,0" owari="458,41,231,-37,361,-4,0,0" /></mjloggm>