<mjloggm ver="2.3"><GO type="185"/><UN n0="%E3%81%B5%E3%81%8F%EF%BC%A3%EF%BD%88%EF%BD%81%EF%BD%8E%E2%99%AA" n1="%EF%BC%BC%28%EF%BC%BE%6F%EF%BC%BE%29%EF%BC%8F%E2%98%85" n2="%E5%8D%81%E5%85%AD%E5%A4%9C%E2%80%A0%E5%92%B2%E5%A4%9C" n3="" dan="16,17,16,0" rate="2189,2157,2177,1500" sx="F,M,F,C"/><TAIKYOKU oya="0"/><INIT seed="0,0,0,0,1,103" ten="350,350,350,0" oya="0" hai0="109,96,104,120,36,87,65,133,76,46,43,128,102" hai1="52,60,45,50,119,114,106,91,100,40,113,62,110" hai2="78,105,39,66,63,42,116,83,80,112,123,108,0" hai3="" shuffle="mt19937ar,A1099885,C2F4E793,70F67CCE,A6B3D278,DBC2F3C1,71570F55,840ADF24,B38F6588"/><T94/><N who="0" m="30752" /><T44/><D133/><U92/><E119/><V107/><N who="2" m="31520" /><V41/><F0/><T121/><N who="0" m="31008" /><T111/><D128/><U88/><E110/><N who="0" m="41993" /><D65/><U93/><E100/><V89/><F108/><T122/><N who="0" m="31264" /><T85/><D76/><U1/><E1/><V97/><F116/><T61/><D61/><U64/><E106/><V32/><F32/><T74/><D74/><U84/><E40/><V38/><F112/><N who="1" m="43113" /><E64/><V51/><F78/><T70/><D70/><U37/><E37/><V126/><F66/><T53/><D94/><U35/><E35/><V130/><F63/><T71/><D71/><U77/><E77/><V135/><F130/><T2/><D2/><U55/><E55/><V115/><F135/><T59/><D46/><U99/><AGARI ba="0,0" hai="45,50,52,60,62,84,88,91,92,93,99" m="43113" machi="99" ten="30,3000,0" yaku="11,1,54,2" doraHai="103" who="1" fromWho="1" sc="350,-20,350,30,350,-10,0,0" /><INIT seed="1,0,0,1,1,120" ten="330,380,340,0" oya="1" hai0="48,66,75,57,130,126,64,92,47,72,38,58,44" hai1="131,102,50,84,125,97,103,111,42,65,39,80,40" hai2="76,49,128,77,54,45,123,68,127,90,107,67,98" hai3="" shuffle="mt19937ar,FC549E58,A3BD3C94,3B2A7C25,D7925F25,5D6B75E0,A39D4F40,7864F9C7,3C7C738F"/><U36/><E131/><V132/><N who="2" m="31520" /><V96/><F132/><T69/><D92/><U108/><E125/><V133/><F133/><T134/><D134/><U78/><E65/><V51/><F128/><T59/><D75/><U46/><E102/><V83/><F127/><T60/><D72/><U114/><E114/><V63/><F107/><T79/><D79/><U41/><E39/><V115/><F115/><T135/><D135/><U112/><E112/><V91/><F77/><T43/><D126/><U95/><REACH who="1" step="1"/><E36/><REACH who="1" step="2"/><V73/><F67/><T122/><N who="0" m="31264" /><T34/><D130/><U104/><E104/><V89/><F68/><T37/><D34/><U1/><E1/><V53/><REACH who="2" step="1"/><F63/><REACH who="2" step="2"/><T2/><D2/><U86/><E86/><V121/><N who="2" m="31008" /><V88/><N who="2" m="22528" /><DORA hai="62" /><V99/><F99/><T110/><D66/><U32/><E32/><V109/><F109/><AGARI ba="0,2" hai="40,41,42,46,50,78,80,84,95,97,103,108,109,111" machi="109" ten="40,18000,2" yaku="1,1,14,1,10,1,52,3,53,0" doraHai="120,62" doraHaiUra="124,33" who="1" fromWho="2" sc="330,0,370,200,330,-180,0,0" /><INIT seed="1,1,0,4,0,107" ten="330,570,150,0" oya="1" hai0="3,35,60,132,113,1,69,61,88,59,67,66,129" hai1="114,49,95,103,122,72,91,85,94,65,128,52,87" hai2="63,117,80,81,118,90,121,41,83,76,73,34,89" hai3="" shuffle="mt19937ar,40B49CCD,923268F6,FA0C4170,EDE4F14D,B0D2D51C,F83E4D27,DAD44C00,E0AF70F9"/><U0/><N who="1" m="31264" /><U96/><E0/><V48/><N who="2" m="31008" /><V44/><F34/><T133/><D35/><U86/><E114/><V45/><F63/><T36/><D113/><U42/><E128/><V98/><F45/><T135/><D129/><U131/><E131/><V57/><F57/><T50/><D36/><U53/><E72/><V134/><F134/><T115/><D115/><U77/><E65/><V123/><N who="2" m="31520" /><V56/><F56/><T75/><D75/><U55/><E77/><V99/><F83/><T108/><D50/><U2/><E2/><V33/><F33/><T101/><D60/><U64/><E64/><V58/><F58/><T110/><D59/><U43/><E43/><V84/><REACH who="2" step="1"/><F90/><REACH who="2" step="2"/><T68/><D88/><U111/><E111/><N who="0" m="42537" /><D1/><U116/><E116/><AGARI ba="1,1" hai="41,44,48,73,76,80,81,84,89,98,99,116,117,118" m="31520,31008" machi="116" ten="40,8000,1" yaku="1,1,52,3,53,0" doraHai="107" doraHaiUra="125" who="2" fromWho="1" sc="330,0,570,-82,140,92,0,0" /><INIT seed="2,0,0,5,5,53" ten="330,488,232,0" oya="2" hai0="97,113,3,43,40,121,33,68,81,94,0,83,106" hai1="62,133,56,119,52,50,116,32,66,70,61,90,45" hai2="105,76,95,123,42,127,88,122,92,125,107,34,130" hai3="" shuffle="mt19937ar,BA1EEE81,159AF92E,965F23AB,18B8C829,D8F7A753,8D08A2F7,71BD3731,FD3A1271"/><V39/><N who="2" m="31264" /><V120/><N who="2" m="30752" /><V60/><N who="2" m="31520" /><V111/><F34/><T79/><N who="0" m="31008" /><T102/><D33/><U51/><E32/><V55/><F76/><T112/><D68/><U93/><E133/><V69/><F130/><T80/><D79/><U117/><E45/><V84/><F111/><T132/><D106/><U72/><E72/><V35/><F35/><T57/><D57/><U98/><AGARI ba="0,0" hai="50,51,52,56,61,62,66,70,90,93,98,116,117,119" machi="98" ten="30,5900,0" yaku="0,1,12,1,52,1,54,1" doraHai="53" who="1" fromWho="1" sc="330,-20,488,59,232,-39,0,0" /><INIT seed="4,0,0,2,5,41" ten="310,547,193,0" oya="0" hai0="67,133,126,2,50,105,111,46,124,125,32,0,74" hai1="40,120,103,89,66,117,65,62,58,77,63,51,37" hai2="75,79,98,69,109,70,135,47,115,81,93,123,52" hai3="" shuffle="mt19937ar,0B260D83,128D6CCC,21E38D6A,8995C05B,1FC8D54D,916BF7CF,36521835,55E5A46F"/><T64/><D32/><U78/><N who="1" m="30752" /><U129/><E117/><V86/><N who="2" m="31520" /><V82/><F115/><T97/><D111/><U44/><E129/><V102/><F109/><T73/><D133/><U53/><E103/><V87/><F135/><T130/><D130/><U132/><E132/><V72/><F75/><N who="0" m="28682" /><D105/><U134/><E134/><V76/><REACH who="2" step="1"/><F72/><REACH who="2" step="2"/><T83/><D97/><U43/><E89/><V106/><F106/><T34/><D34/><U121/><N who="1" m="31008" /><U39/><E78/><V122/><N who="2" m="31264" /><V48/><AGARI ba="0,1" hai="47,48,52,69,70,76,79,81,82,86,87,93,98,102" m="31264,31520" machi="48" ten="30,12000,3" yaku="1,1,4,1,0,1,9,1,52,3,54,1,53,0" doraHai="41" doraHaiUra="100" who="2" fromWho="2" sc="310,-80,547,-40,183,130,0,0" /><INIT seed="5,0,0,0,1,33" ten="230,507,313,0" oya="1" hai0="82,75,37,85,64,120,131,38,130,61,40,126,48" hai1="51,50,103,92,98,107,124,52,87,93,114,42,66" hai2="68,101,105,88,133,59,62,122,110,60,129,70,2" hai3="" shuffle="mt19937ar,92F2A8F5,549D14F4,D21FE9C7,EA57AB12,DFB6B647,CE339144,CDEA4555,7CB7D862"/><U46/><E114/><V115/><N who="2" m="31264" /><V135/><F110/><T91/><N who="0" m="30752" /><T72/><D126/><U104/><E124/><V0/><F115/><T112/><D112/><U65/><E104/><V74/><F74/><T108/><D108/><U113/><E113/><V55/><F129/><T53/><D72/><U100/><E107/><V86/><F101/><T106/><D75/><U1/><E1/><N who="2" m="619" /><F105/><T119/><D106/><U58/><E87/><V84/><F60/><T90/><D91/><U3/><E3/><V109/><F109/><T116/><D90/><U67/><E93/><V76/><F76/><T35/><D82/><U41/><E103/><V96/><F96/><T77/><D85/><N who="2" m="32874" /><F88/><T54/><D77/><U118/><E100/><V44/><F44/><T47/><D35/><U117/><E98/><V111/><F111/><T56/><D53/><U99/><E99/><V121/><N who="2" m="31008" /><V78/><F78/><T49/><D131/><U79/><E92/><V97/><F97/><T57/><REACH who="0" step="1"/><D130/><REACH who="0" step="2"/><U39/><E79/><V83/><F83/><T34/><D34/><U63/><E52/><V45/><F45/><T132/><D132/><AGARI ba="0,1" hai="55,59,62,68,70,132,133,135" m="31008,32874,619,31264" machi="132" ten="30,12000,2" yaku="20,1,52,5" doraHai="33" who="2" fromWho="0" sc="220,-120,507,0,313,130,0,0" /><INIT seed="6,0,0,4,3,103" ten="100,507,443,0" oya="2" hai0="100,131,76,78,92,98,129,109,39,79,53,77,120" hai1="85,68,86,44,117,91,94,80,71,34,84,55,42" hai2="107,66,88,106,74,135,126,51,87,33,58,73,3" hai3="" shuffle="mt19937ar,F7905AA1,9487413B,E5C1F483,EA27F9F7,46D5631F,B9830F13,C29F384C,BD4D91F2"/><V2/><F33/><T95/><N who="0" m="30752" /><T56/><D98/><U40/><E34/><V90/><F135/><T124/><D53/><U96/><E117/><V64/><F126/><T125/><D56/><U63/><E71/><V118/><F118/><T43/><D43/><N who="1" m="16427" /><E68/><V93/><F51/><T54/><D54/><U111/><E111/><V81/><F58/><T0/><D39/><U47/><E80/><V119/><F119/><T49/><D49/><U102/><E102/><V67/><F74/><T133/><D0/><U108/><E108/><V37/><F37/><T127/><D109/><U89/><E89/><V57/><F57/><AGARI ba="0,0" hai="44,47,55,57,63,84,85,86,91,94,96" m="16427" machi="57" ten="30,1000,0" yaku="8,1" doraHai="103" who="1" fromWho="2" sc="100,0,507,10,443,-10,0,0" owari="100,-50,517,47,433,3,0,0" /></mjloggm>