<mjloggm ver="2.3"><GO type="225"/><UN n0="%23%37%34%E5%A4%A7%E6%B2%BB%E9%83%8E" n1="%E3%82%88%E3%81%A3%E3%81%A1" n2="%4E%6F%2E%32" n3="%E3%81%B6%E3%81%A3%E3%81%A8%E3%81%B3%E4%BE%8D" dan="16,16,16,16" rate="2079,2077,2059,2070" sx="M,M,M,M"/><TAIKYOKU oya="0"/><INIT seed="0,0,0,0,4,124" ten="250,250,250,250" oya="0" hai0="75,88,39,95,21,97,133,106,22,112,118,11,32" hai1="78,81,94,13,120,80,127,108,54,79,92,89,122" hai2="63,34,17,58,61,83,77,38,1,28,82,91,8" hai3="135,129,59,73,130,96,105,50,102,57,47,100,109" shuffle="mt19937ar,EDE668D9,D291B879,8274AF35,701E2DF5,BBC8F838,4083F009,39B11E8F,98735A3F"/><T110/><D118/><U23/><E23/><V29/><F38/><W36/><G73/><T43/><D112/><U2/><E2/><V131/><F34/><W35/><G35/><T85/><D32/><U41/><E41/><V31/><F1/><W128/><G109/><T51/><D39/><U104/><E13/><V0/><F0/><W10/><G135/><T84/><D133/><U101/><E54/><V69/><F69/><W52/><G102/><T55/><D43/><U30/><E30/><V26/><F63/><W14/><G36/><T86/><D110/><U87/><E127/><V134/><F134/><W114/><G114/><T126/><D126/><U9/><E9/><V40/><F40/><W132/><G132/><T16/><D75/><U15/><E15/><V49/><F49/><W5/><AGARI ba="0,0" hai="5,10,14,47,50,52,57,59,96,100,105,128,129,130" machi="5" ten="30,12000,2" yaku="0,1,19,1,52,3,54,1" doraHai="124" who="3" fromWho="3" sc="250,-60,250,-30,250,-30,250,120" /><INIT seed="1,0,0,4,1,50" ten="190,220,220,370" oya="1" hai0="51,27,81,3,103,127,54,120,69,98,110,89,4" hai1="44,116,95,118,60,129,12,0,114,5,92,59,101" hai2="77,1,63,88,20,117,49,106,15,107,18,7,53" hai3="105,36,39,100,66,91,85,11,24,35,123,124,40" shuffle="mt19937ar,46768267,376423D0,9772188E,8E193E8C,609E4881,137B3DB9,690169D8,A8989782"/><U14/><E114/><V19/><F117/><W26/><G123/><T13/><D69/><U82/><E129/><V113/><F77/><W65/><G100/><T41/><D120/><U75/><E14/><V32/><F32/><W23/><G105/><T55/><D3/><U87/><E75/><V90/><F113/><W96/><G96/><T28/><D127/><U112/><E112/><V121/><F121/><W84/><G23/><N who="0" m="15487" /><D110/><U134/><E0/><V43/><F1/><W29/><G11/><N who="0" m="4327" /><D103/><U64/><E44/><N who="2" m="25759" /><F106/><W76/><G35/><T10/><D10/><U56/><E56/><N who="2" m="35215" /><F107/><W68/><G68/><T72/><D72/><U16/><E5/><V109/><F109/><W115/><G115/><T37/><D37/><U73/><E134/><V17/><F7/><W131/><G39/><T6/><D6/><U67/><E73/><V31/><F31/><W80/><G29/><T78/><D78/><U122/><E122/><V135/><F135/><W58/><G36/><T22/><D22/><N who="1" m="11527" /><E118/><V38/><F38/><W97/><G76/><T126/><D126/><U125/><E116/><V33/><F33/><W133/><G124/><T57/><D81/><U42/><E101/><V46/><F46/><W93/><G80/><T99/><D89/><AGARI ba="0,0" hai="15,17,18,19,20,88,89,90" m="35215,25759" machi="89" ten="30,3900,0" yaku="8,1,52,1,54,1" doraHai="50" who="2" fromWho="0" sc="190,-39,220,0,220,39,370,0" /><INIT seed="2,0,0,3,1,129" ten="151,220,259,370" oya="2" hai0="60,35,112,53,66,55,85,111,96,10,81,117,75" hai1="7,83,34,18,69,41,119,71,39,56,70,4,102" hai2="40,86,1,21,82,22,93,76,45,127,33,94,8" hai3="122,98,67,51,57,6,30,5,109,130,95,14,36" shuffle="mt19937ar,600BCAD2,EE7155D7,53953DC4,1C78E590,8CC4C609,F0B44911,C8395FE8,698AE852"/><V28/><F127/><W23/><G36/><T80/><D112/><U64/><E34/><V43/><F33/><W12/><G122/><T104/><D117/><U84/><E119/><V124/><F124/><W103/><G109/><T132/><D111/><U97/><E18/><V79/><F79/><W77/><G77/><T27/><D75/><U29/><E29/><V123/><F123/><W24/><G130/><T121/><D121/><U15/><E41/><V52/><F1/><W46/><G6/><T19/><D81/><U113/><E39/><V68/><F68/><W99/><G99/><T13/><D85/><U32/><E32/><V74/><F8/><W105/><G105/><T72/><D72/><U118/><E118/><V26/><F21/><W9/><G14/><T38/><D80/><U116/><E116/><V25/><F25/><W0/><G0/><T134/><D38/><U125/><E125/><V110/><F110/><W107/><G107/><T61/><D35/><U106/><E113/><V47/><F74/><W16/><G5/><T62/><D27/><U42/><E42/><N who="2" m="15915" /><F47/><W108/><G108/><T92/><D104/><U59/><E7/><V2/><F2/><W17/><G30/><T31/><D31/><U37/><E37/><V128/><F128/><W87/><G46/><T49/><D66/><U90/><REACH who="1" step="1"/><E64/><REACH who="1" step="2"/><V131/><F131/><W11/><G67/><T54/><REACH who="0" step="1"/><D49/><AGARI ba="0,1" hai="22,26,28,45,49,52,76,82,86,93,94" m="15915" machi="49" ten="30,2900,0" yaku="8,1,54,1" doraHai="129" who="2" fromWho="0" sc="151,-29,210,0,259,39,370,0" /><INIT seed="2,1,0,1,5,39" ten="122,210,298,370" oya="2" hai0="107,10,114,129,40,58,19,130,125,29,123,103,99" hai1="120,95,119,50,70,1,18,4,74,112,6,37,85" hai2="84,2,59,76,14,105,75,80,46,41,96,30,69" hai3="42,94,117,11,100,86,12,44,68,7,48,118,63" shuffle="mt19937ar,E4F0F82B,342E3C18,62022D85,F7C7D534,DD0A98C7,F03E7374,826FDA96,A91E4C8A"/><V109/><F69/><W5/><G5/><T20/><D123/><U135/><E37/><V66/><F30/><W131/><G131/><T116/><D114/><U54/><E70/><V91/><F2/><W17/><G17/><T60/><D116/><U22/><E74/><V102/><F109/><W56/><G68/><T72/><D72/><U77/><E119/><V32/><F32/><W104/><G104/><T93/><D10/><U31/><E112/><V128/><F14/><W106/><G106/><T81/><D81/><U65/><E65/><V47/><F128/><W16/><G7/><T78/><D78/><U55/><E120/><V89/><F47/><W15/><G15/><T28/><D107/><U45/><E135/><V97/><F97/><W52/><REACH who="3" step="1"/><G86/><REACH who="3" step="2"/><T62/><D125/><U108/><E4/><V79/><F75/><W122/><G122/><T121/><D121/><U113/><E6/><V61/><REACH who="2" step="1"/><F79/><REACH who="2" step="2"/><W38/><G38/><AGARI ba="1,2" hai="38,41,46,59,61,66,76,80,84,89,91,96,102,105" machi="38" ten="30,11600,0" yaku="1,1,2,1,7,1,52,1,53,0" doraHai="39" doraHaiUra="27" who="2" fromWho="3" sc="122,0,210,0,288,139,360,-119" /><INIT seed="2,2,0,1,5,127" ten="122,210,427,241" oya="2" hai0="113,104,29,54,122,118,109,117,77,48,64,125,58" hai1="95,116,43,11,135,50,114,73,90,134,44,25,74" hai2="94,112,87,40,71,99,108,37,110,35,15,101,10" hai3="47,13,83,26,119,79,97,46,32,4,126,22,62" shuffle="mt19937ar,53260693,FCC2BD92,CF9EA01C,FEB4913B,3BB9E2CC,E5EE9496,D601FE34,BF1475EF"/><V86/><F112/><W129/><G126/><T92/><D104/><U41/><E116/><N who="0" m="44649" /><D77/><U68/><E114/><V111/><F71/><W70/><G119/><T131/><D92/><U14/><E68/><V78/><F35/><W84/><G97/><T38/><D113/><U9/><E25/><V19/><F78/><W0/><G0/><T57/><D29/><U61/><E61/><V33/><F33/><W7/><G32/><T51/><D125/><U105/><E105/><V52/><F52/><W55/><G70/><T60/><D122/><U76/><E43/><V96/><F96/><W88/><G79/><T65/><D38/><U98/><E11/><V85/><F40/><W123/><G123/><T132/><D109/><U91/><E91/><V28/><F28/><W130/><G62/><N who="0" m="37975" /><D131/><N who="3" m="50185" /><G55/><T81/><D81/><U31/><E31/><V103/><F37/><W121/><G121/><T27/><D27/><U124/><E124/><V45/><F45/><N who="3" m="16907" /><G13/><T24/><D24/><U120/><E120/><V56/><F103/><W89/><G89/><T49/><D132/><N who="1" m="50731" /><E76/><V53/><F86/><W128/><N who="3" m="50193" /><W3/><DORA hai="6" /><G3/><T30/><D30/><AGARI ba="2,0" hai="4,7,22,26,30,83,84,88" m="16907,50193" machi="30" ten="40,12000,2" yaku="19,1,52,4,54,1" doraHai="127,6" who="3" fromWho="0" sc="122,-126,210,0,427,0,241,126" owari="-4,-40,210,-14,427,42,367,12" /></mjloggm>