<mjloggm ver="2.3"><GO type="225"/><UN n0="%E7%B7%9A%E5%BD%A2%E8%A8%88%E7%94%BB%E6%B3%95" n1="%E9%9B%AA%E5%9B%BD%E8%82%B2%E3%81%A1" n2="%E2%98%85%E3%83%A6%E3%83%94%E3%83%86%E3%83%AB%E2%98%85" n3="%E5%B1%B1%E5%B9%B8%E5%95%86%E5%BA%97" dan="16,17,17,17" rate="2006,2132,2089,2170" sx="M,M,M,M"/><TAIKYOKU oya="0"/><INIT seed="0,0,0,1,2,39" ten="250,250,250,250" oya="0" hai0="104,99,23,85,112,58,72,114,106,82,92,111,127" hai1="77,101,83,68,54,24,16,28,3,53,94,44,90" hai2="73,102,34,13,103,95,75,84,79,62,80,56,6" hai3="88,124,0,57,119,118,46,74,110,51,125,40,19" shuffle="mt19937ar,08EE808F,F3CA2D30,7EF9C7D6,6B1AE503,D7AE401D,536AB0C4,DB2DBE62,119DABCE"/><T98/><D23/><U113/><E3/><V96/><F34/><W45/><G74/><T49/><D49/><U81/><E68/><V135/><F135/><W129/><G0/><T42/><D58/><U18/><E101/><V93/><F6/><W60/><G19/><T17/><D42/><U38/><E113/><V37/><F37/><N who="3" m="21647" /><G88/><N who="0" m="51255" /><D17/><U65/><E65/><V12/><F102/><W130/><G110/><T128/><D111/><U105/><E105/><N who="0" m="40553" /><D128/><N who="3" m="49257" /><G51/><T20/><D20/><U31/><E18/><V36/><F36/><W107/><G107/><T115/><D127/><N who="3" m="48713" /><G46/><T33/><D33/><U2/><E16/><V29/><F29/><W61/><G61/><T71/><D71/><U7/><E28/><V22/><F22/><W14/><G14/><T116/><D72/><U108/><E31/><V120/><F73/><W63/><G63/><T27/><D27/><U97/><E24/><V11/><F13/><W41/><G41/><T4/><D4/><U1/><E7/><V15/><F12/><W91/><G91/><N who="0" m="55583" /><D99/><U132/><E97/><V64/><F15/><W67/><AGARI ba="0,0" hai="57,60,67,118,119" m="48713,49257,21647" machi="67" ten="30,8000,1" yaku="19,1,18,1,34,2,52,1" doraHai="39" who="3" fromWho="3" sc="250,-40,250,-20,250,-20,250,80" /><INIT seed="1,0,0,1,4,129" ten="210,230,230,330" oya="1" hai0="68,80,9,85,61,63,82,89,114,16,14,53,84" hai1="0,125,121,81,50,71,120,59,99,13,23,108,5" hai2="127,15,37,6,73,86,103,54,97,100,94,11,12" hai3="64,2,25,109,87,46,135,88,58,111,116,43,60" shuffle="mt19937ar,0F2152AD,F62BAA43,35955FB2,75A5D80C,0DEBC481,68F01E04,A34AC06C,52067F40"/><U110/><E71/><V52/><F37/><W47/><G2/><T106/><D114/><U91/><E125/><V38/><F38/><W134/><G25/><T27/><D106/><U31/><E0/><V72/><F127/><W96/><G96/><T101/><D101/><U105/><E105/><V102/><F86/><W133/><G116/><T40/><D40/><U18/><E31/><V36/><F36/><N who="3" m="21863" /><G47/><T98/><D98/><U29/><E29/><V115/><F115/><W66/><G66/><T22/><D53/><N who="1" m="32183" /><E5/><V8/><F73/><W41/><G41/><T104/><D68/><U95/><E81/><AGARI ba="0,0" hai="58,60,64,81,87,88,109,111,133,134,135" m="21863" machi="81" ten="30,8000,1" yaku="20,1,52,3,54,1" doraHai="129" who="3" fromWho="1" sc="210,0,230,-80,230,0,330,80" /><INIT seed="2,0,0,1,0,38" ten="210,150,230,410" oya="2" hai0="47,97,72,7,66,121,110,71,93,49,111,45,113" hai1="133,123,43,56,81,84,39,33,92,95,112,64,127" hai2="65,117,60,2,116,104,51,22,40,14,119,9,63" hai3="15,120,31,89,23,79,126,83,34,35,52,96,13" shuffle="mt19937ar,AB181591,6791B4AE,42222ED4,6EC88F33,2175356A,98EEE320,63D1FCE7,E317B094"/><V102/><F2/><W115/><G120/><T90/><D121/><U20/><E123/><V0/><F0/><W30/><G126/><T48/><D113/><U59/><E112/><V100/><F22/><W41/><G115/><T131/><D72/><U99/><E127/><V77/><F77/><W3/><G3/><T50/><D131/><U98/><E133/><V55/><F104/><W103/><G35/><T16/><D7/><U25/><E33/><V91/><F91/><W8/><G34/><T128/><D128/><U86/><E64/><V101/><F40/><W54/><G41/><T19/><D71/><U42/><E39/><V82/><F82/><W78/><G89/><T107/><D66/><U37/><E37/><V67/><F67/><W122/><G122/><T18/><REACH who="0" step="1"/><D107/><REACH who="0" step="2"/><U12/><E81/><V74/><F74/><W73/><G83/><T36/><D36/><U53/><E53/><V109/><F65/><W124/><G73/><T61/><D61/><U44/><E44/><AGARI ba="0,1" hai="16,18,19,44,45,47,48,49,50,90,93,97,110,111" machi="44" ten="50,3200,0" yaku="1,1,54,1,53,0" doraHai="38" doraHaiUra="28" who="0" fromWho="1" sc="200,42,150,-32,230,0,410,0" /><INIT seed="3,0,0,0,4,84" ten="242,118,230,410" oya="3" hai0="128,73,18,106,126,89,5,47,80,70,75,3,0" hai1="105,90,36,113,64,118,8,133,17,101,69,132,78" hai2="85,12,83,37,30,129,117,71,55,93,100,111,112" hai3="130,24,115,79,77,1,42,57,31,121,32,39,15" shuffle="mt19937ar,1D820D20,0BADEAB3,0EC6B443,7CE2CA2B,B082F460,D15C7CFC,27C4322D,465545C5"/><W96/><G79/><T40/><D70/><U82/><E17/><V102/><F71/><W123/><G77/><T72/><D106/><U98/><E8/><V22/><F37/><W66/><G96/><T116/><D116/><U38/><E64/><V119/><F112/><W58/><G42/><T4/><D18/><U60/><E60/><V63/><F111/><W29/><G15/><T6/><D128/><U7/><E69/><V92/><F129/><W74/><G58/><T68/><D126/><U26/><E26/><N who="2" m="16727" /><F119/><W9/><G57/><T25/><D25/><U108/><E7/><V20/><F117/><W134/><G66/><T95/><D80/><U34/><E34/><V131/><F131/><W103/><G103/><N who="2" m="39465" /><F55/><W51/><G24/><T23/><D23/><U76/><E36/><V67/><F63/><W44/><G32/><T16/><D16/><U114/><E38/><V94/><F67/><W27/><G9/><T88/><D95/><U91/><E118/><V50/><F50/><W19/><G27/><T104/><D104/><U13/><E13/><V62/><F62/><W59/><G19/><T65/><D65/><U86/><E108/><V45/><F45/><W10/><G39/><N who="0" m="21919" /><D68/><U120/><E78/><N who="2" m="46327" /><F20/><W135/><G130/><T97/><D97/><U54/><E54/><V41/><F41/><W99/><G115/><N who="1" m="44042" /><E120/><V43/><F43/><W48/><G123/><T127/><D127/><U14/><E14/><V122/><F122/><W2/><G121/><T61/><D61/><U11/><E11/><V110/><F12/><W107/><G10/><N who="0" m="2311" /><D5/><U109/><E109/><RYUUKYOKU ba="0,0" sc="242,10,118,10,230,10,410,-30" hai0="3,6,72,73,75,88,89" hai1="76,82,86,90,91,98,101,105,132,133" hai2="92,93,94,110" owari="252,0,128,-27,240,-11,380,38" /></mjloggm>