<mjloggm ver="2.3"><GO type="225"/><UN n0="%E9%9B%AA%E5%9B%BD%E8%82%B2%E3%81%A1" n1="%E3%83%9A%E3%83%AD%E3%81%A1%E3%82%83%E3%82%93" n2="%E3%81%AB%E3%82%83%E3%82%93%E3%81%93%E5%85%88%E7%94%9F" n3="%E5%BE%85%E3%81%A1%E3%81%A8%E3%82%89%E3%81%9A" dan="17,16,16,16" rate="2129,2035,2063,2050" sx="M,M,F,M"/><TAIKYOKU oya="0"/><INIT seed="0,0,0,1,0,66" ten="250,250,250,250" oya="0" hai0="26,130,23,43,78,111,1,116,33,3,79,71,45" hai1="32,41,127,16,7,67,6,34,60,44,12,128,0" hai2="9,53,31,28,14,117,125,54,89,69,70,132,59" hai3="10,104,123,87,95,20,134,65,99,110,97,42,96" shuffle="mt19937ar,7F466B2E,F15470BE,BC55E174,5A1314F0,8C07DBC1,17B8AC94,CAB62EE9,0FE5E4B8"/><T62/><D116/><U135/><E135/><V13/><F132/><W19/><G110/><T92/><D111/><U108/><E108/><V46/><F117/><W77/><G134/><T112/><D112/><U103/><E128/><V85/><F125/><W22/><G104/><T18/><D33/><U74/><E74/><V55/><F14/><N who="3" m="7639" /><G123/><T102/><D130/><U27/><E127/><V124/><F124/><W115/><G115/><T17/><D78/><U129/><E103/><V82/><F59/><W48/><G65/><T113/><D79/><U35/><E27/><V61/><F61/><W114/><G114/><T39/><D113/><U15/><E0/><V73/><F73/><W49/><G77/><T8/><D62/><U86/><E86/><V51/><F31/><W52/><G42/><T47/><D71/><N who="2" m="27146" /><F28/><W131/><G131/><T30/><D45/><U58/><E15/><V11/><F11/><W4/><G4/><T118/><D8/><U106/><E106/><V24/><F24/><W21/><G87/><T76/><D76/><U121/><E121/><V98/><F98/><W2/><G2/><T133/><D133/><U64/><E67/><V119/><F119/><W122/><G122/><T88/><D118/><U105/><E105/><V29/><F29/><W109/><G109/><T101/><D1/><U91/><E129/><V90/><F90/><N who="3" m="55415" /><G48/><T84/><D3/><U68/><E7/><V80/><F80/><W83/><G83/><T63/><D63/><U37/><E6/><V126/><F126/><W56/><AGARI ba="0,0" hai="20,21,22,49,52,56,97,99" m="55415,7639" machi="56" ten="30,2000,0" yaku="8,1,54,1" doraHai="66" who="3" fromWho="3" sc="250,-10,250,-5,250,-5,250,20" /><INIT seed="1,0,0,0,3,101" ten="240,245,245,270" oya="1" hai0="85,0,106,3,29,87,20,51,41,119,97,69,30" hai1="100,12,66,18,37,132,104,14,67,89,121,72,9" hai2="70,108,124,126,127,22,122,88,47,113,84,4,91" hai3="21,109,64,105,23,90,79,86,76,11,116,56,26" shuffle="mt19937ar,868BE07E,1F7EC5C0,BE977AEE,F218CB97,20F1996D,93BE1816,7DFFD6E2,A78E6554"/><U123/><E37/><V38/><F122/><W10/><G109/><T39/><D39/><U16/><E72/><V8/><F108/><W92/><G116/><T49/><D69/><U57/><E132/><V102/><F113/><W25/><G105/><T68/><D68/><U75/><E75/><V15/><F70/><W44/><G44/><T54/><D119/><U103/><E89/><V24/><F102/><W27/><G64/><T98/><D20/><N who="3" m="7753" /><G56/><T2/><D2/><U82/><E82/><V36/><F47/><W81/><G79/><T118/><D118/><U59/><E9/><V52/><F52/><W80/><G81/><T95/><D54/><U73/><E73/><V61/><F61/><W19/><G19/><T133/><D95/><U7/><E7/><V110/><F91/><W62/><G62/><T13/><D13/><U117/><E117/><V83/><REACH who="2" step="1"/><F110/><REACH who="2" step="2"/><W115/><G115/><T78/><D78/><U107/><AGARI ba="0,1" hai="12,14,16,18,57,59,66,67,100,103,104,107,121,123" machi="107" ten="25,18000,2" yaku="0,1,22,2,52,2,54,1" doraHai="101" who="1" fromWho="1" sc="240,-60,245,190,235,-60,270,-60" /><INIT seed="1,1,0,1,3,74" ten="180,435,175,210" oya="1" hai0="6,81,33,34,87,72,47,73,71,39,105,62,93" hai1="120,27,94,108,48,112,64,45,106,55,16,51,18" hai2="42,59,25,11,89,70,101,49,127,21,40,78,20" hai3="83,36,91,82,92,117,17,121,110,44,133,131,126" shuffle="mt19937ar,B0895D91,EAA7B8F1,0DCFC731,AF884A5A,AB2F023B,80E1FE62,2A9A19DD,6270E9DB"/><U57/><E108/><V125/><F70/><W67/><G121/><T77/><D105/><U24/><E106/><V14/><F101/><W75/><G67/><T123/><D123/><U135/><E120/><V109/><F109/><W84/><G17/><N who="1" m="6762" /><E112/><V2/><F2/><W69/><G44/><T46/><D6/><U95/><E135/><V96/><F96/><W66/><G66/><T107/><D107/><U122/><E122/><V115/><F89/><W111/><G69/><T129/><D129/><U61/><E48/><V31/><F115/><W35/><G36/><T60/><D47/><U85/><E85/><V26/><F14/><W52/><G75/><T119/><D73/><U116/><E116/><V12/><F12/><W32/><G133/><T97/><D72/><U68/><E68/><V50/><F11/><W103/><G35/><T58/><D71/><U3/><E3/><V130/><F31/><W113/><G32/><T1/><D1/><U88/><E88/><V79/><F59/><W37/><G91/><N who="0" m="55487" /><D62/><U98/><E98/><V22/><F22/><W124/><G111/><T8/><D119/><U102/><E102/><V104/><F104/><W4/><G103/><T114/><D8/><U63/><E63/><V53/><F53/><W0/><G52/><N who="0" m="33863" /><D114/><U28/><E28/><V15/><F15/><W90/><G113/><T13/><D13/><U76/><E76/><V100/><F100/><W65/><G0/><T19/><D19/><U86/><E86/><V30/><F30/><W54/><G84/><T38/><D38/><U128/><E128/><AGARI ba="1,0" hai="20,21,25,26,40,42,49,50,78,79,125,127,128,130" machi="128" ten="25,6400,0" yaku="22,2,52,2" doraHai="74" who="2" fromWho="1" sc="180,0,435,-67,175,67,210,0" /><INIT seed="2,0,0,0,3,71" ten="180,368,242,210" oya="2" hai0="29,92,69,115,15,65,18,100,55,11,110,75,95" hai1="5,0,38,111,131,61,82,77,104,14,114,60,120" hai2="102,53,126,106,99,85,23,54,83,17,8,45,76" hai3="132,124,130,121,22,94,10,21,58,46,127,37,80" shuffle="mt19937ar,2199C0B0,D798250C,A99AC1A8,301F744E,AC0E8051,EEBB84D1,5840FDF2,6EE452AA"/><V109/><F126/><N who="3" m="48171" /><G121/><T57/><D115/><U13/><E120/><V48/><F109/><W96/><G132/><T47/><D75/><U105/><E114/><V93/><F8/><W101/><G130/><T27/><D110/><U30/><E131/><V41/><REACH who="2" step="1"/><F106/><REACH who="2" step="2"/><W3/><G10/><T40/><D100/><U90/><E104/><V42/><F42/><N who="3" m="22863" /><G3/><T68/><D11/><U66/><E105/><V129/><F129/><W33/><G33/><T20/><D40/><U19/><E0/><V62/><F62/><W34/><G34/><T64/><D20/><U1/><E61/><V36/><F36/><W88/><G58/><T79/><D57/><U52/><E38/><V119/><F119/><W107/><G80/><T67/><D68/><U118/><E82/><V70/><F70/><W87/><AGARI ba="0,1" hai="21,22,87,88,94,96,101,107" m="22863,48171" machi="87" ten="30,4000,0" yaku="18,1,52,1,54,1" doraHai="71" who="3" fromWho="3" sc="180,-10,368,-10,232,-20,210,50" /><INIT seed="3,0,0,0,2,11" ten="170,358,212,260" oya="3" hai0="85,58,117,44,78,9,53,34,99,123,131,2,130" hai1="17,69,84,46,124,18,129,25,79,93,128,66,56" hai2="22,100,37,81,127,116,15,32,133,16,62,115,21" hai3="111,61,122,101,108,70,6,86,75,72,0,98,96" shuffle="mt19937ar,000D13FC,D5015D29,FB2A7099,C3C91F33,F7D19122,BC14291A,CB5B8C4F,19BE56D9"/><W7/><G122/><T13/><D123/><U90/><E69/><V87/><F115/><W80/><G70/><T52/><D117/><U59/><E124/><V125/><F116/><W103/><G61/><T19/><D34/><U48/><E79/><V112/><F112/><W28/><G28/><T91/><D2/><U121/><E121/><V42/><F32/><W88/><G7/><T50/><D78/><U1/><E1/><V132/><F100/><N who="3" m="38475" /><G6/><T63/><REACH who="0" step="1"/><D99/><REACH who="0" step="2"/><N who="3" m="37929" /><G0/><T71/><D71/><U118/><E118/><V104/><F104/><W3/><G3/><T23/><D23/><U95/><E128/><V4/><F22/><W36/><G36/><T26/><D26/><U5/><E129/><V76/><F4/><W106/><G106/><T74/><D74/><AGARI ba="0,1" hai="72,74,75,80,86,88,108,111" m="37929,38475" machi="74" ten="40,7700,0" yaku="34,2,54,1" doraHai="11" who="3" fromWho="0" sc="160,-77,358,0,212,0,260,87" /><INIT seed="3,1,0,1,3,77" ten="83,358,212,347" oya="3" hai0="94,84,123,95,70,80,129,64,16,93,86,66,97" hai1="133,2,21,53,117,72,104,102,62,63,29,118,38" hai2="27,73,24,106,78,33,20,36,43,22,114,44,9" hai3="17,34,52,113,103,4,18,12,75,81,58,101,108" shuffle="mt19937ar,F75F2C6A,66EAD7C8,C7EA7FFB,89C3DA3B,51922C61,E5F6CAD4,5D27AF9A,83AD7D69"/><W92/><G113/><T3/><D3/><U130/><E72/><V134/><F134/><W51/><G34/><T115/><D123/><U112/><E38/><V41/><F114/><W11/><G108/><T54/><D115/><U39/><E39/><V96/><F43/><W19/><G75/><T0/><D0/><U90/><E112/><V6/><F27/><W28/><G28/><T132/><D132/><U26/><E2/><V89/><F89/><W100/><G81/><T135/><D135/><U105/><E133/><V111/><F111/><W79/><G79/><T46/><D129/><U85/><E130/><V40/><F40/><W74/><G74/><T69/><D97/><AGARI ba="1,0" hai="4,11,12,17,18,19,51,52,58,92,97,100,101,103" machi="97" ten="40,3900,0" yaku="8,1,54,1" doraHai="77" who="3" fromWho="0" sc="83,-42,358,0,212,0,347,42" owari="41,-36,358,11,212,-14,389,39" /></mjloggm>