<mjloggm ver="2.3"><GO type="225"/><UN n0="%E6%9C%80%E9%80%9F%E3%82%AF%E3%83%B3%E2%99%AA" n1="%E3%82%88%E3%81%A3%E3%81%A1" n2="%4E%6F%2E%32" n3="%E3%81%B6%E3%81%A3%E3%81%A8%E3%81%B3%E4%BE%8D" dan="16,16,16,16" rate="2082,2075,2065,2072" sx="M,M,M,M"/><TAIKYOKU oya="0"/><INIT seed="0,0,0,4,5,56" ten="250,250,250,250" oya="0" hai0="34,122,42,100,94,11,51,16,108,116,35,38,86" hai1="40,109,25,58,95,76,26,129,105,73,4,103,33" hai2="97,49,27,22,71,112,32,41,77,52,29,13,37" hai3="1,55,120,21,7,48,123,39,74,12,28,68,19" shuffle="mt19937ar,4483A01F,CE664654,C262F891,F469200A,F3C3C7DC,6D85DE0C,25D1D54B,6A3FDB42"/><T44/><D116/><U63/><E105/><V134/><F112/><W107/><G39/><T59/><D122/><N who="3" m="46633" /><G74/><T113/><D113/><U2/><E33/><V91/><F134/><W126/><G126/><T17/><D108/><U110/><E40/><V50/><F77/><W85/><G107/><T8/><D35/><U69/><E69/><V45/><F71/><W30/><G68/><T99/><D34/><U36/><E36/><V106/><F106/><W111/><G111/><N who="1" m="42506" /><E129/><V114/><F114/><W3/><G85/><T14/><D86/><U67/><E4/><V78/><F78/><W133/><G133/><T61/><D38/><U9/><E9/><N who="0" m="3657" /><D14/><U93/><E2/><N who="3" m="522" /><G7/><T18/><D18/><U92/><E103/><V60/><F32/><W98/><G98/><T83/><D83/><AGARI ba="0,0" hai="25,26,58,63,67,73,76,83,92,93,95" m="42506" machi="83" ten="30,2000,0" yaku="14,1,52,1" doraHai="56" who="1" fromWho="0" sc="250,-20,250,20,250,0,250,0" /><INIT seed="1,0,0,0,0,65" ten="230,270,250,250" oya="1" hai0="29,60,62,93,11,110,75,44,115,73,55,101,36" hai1="61,114,130,83,30,51,85,46,19,10,27,103,87" hai2="35,45,50,124,1,42,134,81,108,58,128,99,117" hai3="122,17,78,71,79,104,68,12,70,21,77,54,72" shuffle="mt19937ar,287957D8,F60AA965,F06E0FF6,D58582D4,80A00448,DD4F4249,747875D6,B8FE4812"/><U69/><E103/><V24/><F117/><W92/><G122/><T76/><D115/><U20/><E114/><V125/><F1/><W18/><G104/><T66/><D29/><U102/><E102/><V39/><F134/><W43/><G43/><T131/><D76/><U63/><E130/><V41/><F128/><W112/><G112/><T26/><D26/><U113/><E113/><V57/><F108/><W109/><G109/><T5/><D131/><U48/><E69/><V33/><F99/><W34/><G34/><N who="2" m="12809" /><F24/><W127/><G127/><N who="2" m="48713" /><F81/><W59/><G92/><T95/><D95/><U25/><E87/><V129/><F129/><W96/><G96/><T37/><D93/><U53/><E48/><V98/><F98/><W94/><G94/><T90/><D110/><U4/><E27/><V111/><F111/><W86/><G86/><T3/><D3/><U49/><E49/><V133/><F133/><W13/><G72/><T64/><D75/><U32/><E32/><V6/><F6/><W31/><G31/><T84/><D5/><U15/><REACH who="1" step="1"/><E4/><REACH who="1" step="2"/><V120/><F120/><W2/><G2/><T106/><D84/><U116/><E116/><V118/><F118/><W7/><G7/><T16/><D73/><U22/><E22/><V105/><F105/><W119/><G119/><T14/><D106/><U91/><AGARI ba="0,1" hai="10,15,19,20,25,30,46,51,53,61,63,83,85,91" machi="91" ten="20,18000,2" yaku="1,1,0,1,7,1,25,2,8,1,53,1" doraHai="65" doraHaiUra="80" who="1" fromWho="1" sc="230,-60,260,190,250,-60,250,-60" /><INIT seed="1,1,0,4,5,9" ten="170,450,190,190" oya="1" hai0="19,80,20,88,32,63,24,17,52,43,90,47,5" hai1="38,107,117,30,13,4,42,61,40,66,122,37,108" hai2="77,44,58,22,39,135,56,98,132,64,131,46,69" hai3="109,121,18,54,112,123,86,76,99,87,101,82,89" shuffle="mt19937ar,356A1590,D2D1DF72,61703A6B,BB1829D8,D2B1707A,1E23F1D5,B44C0F76,D6F891C9"/><U34/><E107/><V0/><F0/><W60/><G112/><T95/><D32/><U91/><E91/><V50/><F77/><W57/><G109/><T85/><D5/><U102/><E102/><V94/><F131/><W129/><G129/><T75/><D75/><U62/><E30/><V73/><F73/><W103/><G103/><T23/><D43/><U100/><E100/><N who="2" m="60503" /><F69/><W127/><G127/><T31/><D23/><U21/><E34/><V28/><F64/><W6/><G6/><T133/><D133/><N who="2" m="51274" /><F39/><W92/><REACH who="3" step="1"/><G18/><REACH who="3" step="2"/><T111/><D111/><U84/><E4/><V115/><F115/><W74/><G74/><T35/><D35/><U10/><E108/><V27/><F46/><W12/><G12/><T48/><REACH who="0" step="1"/><D63/><REACH who="0" step="2"/><U65/><E62/><V126/><F126/><W105/><AGARI ba="1,2" hai="54,57,60,76,82,86,87,89,92,99,101,105,121,123" machi="105" ten="20,5200,0" yaku="1,1,0,1,7,1,53,1" doraHai="9" doraHaiUra="53" who="3" fromWho="3" sc="160,-14,450,-27,190,-14,180,75" /><INIT seed="2,0,0,1,1,128" ten="146,423,176,255" oya="2" hai0="18,90,69,79,42,16,116,97,65,29,129,76,57" hai1="56,10,72,93,112,89,101,17,64,78,126,107,37" hai2="108,115,54,68,52,58,105,86,104,41,3,45,28" hai3="74,44,51,88,48,7,118,134,87,8,30,121,120" shuffle="mt19937ar,9E63C2F0,AA39E78B,6BA6AF27,CC3282C9,871C2FD0,49A4E873,D4AC1C43,799B2D2C"/><V81/><F115/><W11/><G118/><T33/><D69/><U71/><E37/><V117/><F68/><W66/><G74/><T46/><D129/><U59/><E112/><V27/><F117/><W110/><G110/><T9/><D116/><U53/><E126/><V15/><F3/><W47/><G66/><T77/><D33/><U25/><E71/><V92/><F108/><W84/><G30/><T130/><D130/><U0/><E64/><V34/><F92/><W83/><G134/><T43/><D29/><U49/><E25/><V85/><F15/><W14/><G14/><N who="0" m="7247" /><D46/><U40/><E17/><V102/><F102/><W103/><G103/><T55/><D65/><U60/><E10/><V13/><F13/><W22/><G22/><T70/><D18/><U94/><E0/><V12/><F12/><W123/><G123/><T35/><D35/><U38/><E38/><V132/><F132/><W125/><G125/><T119/><D119/><U62/><E101/><V61/><F85/><W82/><REACH who="3" step="1"/><G88/><REACH who="3" step="2"/><T50/><D70/><U26/><E89/><V135/><F135/><W96/><G96/><T75/><D75/><U2/><E72/><V73/><F73/><W114/><G114/><T23/><D23/><U106/><E2/><V6/><F34/><W21/><G21/><T4/><D4/><AGARI ba="0,1" hai="4,7,8,11,44,47,48,51,82,83,84,87,120,121" machi="4" ten="25,3200,0" yaku="1,1,22,2,53,0" doraHai="128" doraHaiUra="20" who="3" fromWho="0" sc="146,-32,423,0,176,0,245,42" /><INIT seed="3,0,0,3,2,46" ten="114,423,176,287" oya="3" hai0="95,19,60,78,83,33,37,56,62,103,130,16,1" hai1="68,41,101,43,18,5,64,50,128,14,76,97,74" hai2="70,81,53,112,57,104,20,6,28,30,7,42,17" hai3="84,4,69,88,100,67,0,94,105,49,79,106,26" shuffle="mt19937ar,E6CF5137,347C5BE6,5D0FF895,58CE32A3,FBA24123,949D3158,60F69C40,D9473E0E"/><W72/><G4/><T23/><D130/><U118/><E5/><N who="2" m="1547" /><F112/><W54/><G0/><T13/><D1/><U96/><E118/><V116/><F70/><W27/><G67/><T65/><D37/><U34/><E34/><V107/><F104/><W61/><G61/><T135/><D135/><U2/><E2/><V45/><F107/><W59/><G69/><T89/><D33/><U102/><E64/><V3/><F3/><W29/><G29/><T35/><D35/><U115/><E76/><V125/><F125/><W129/><G129/><T11/><D103/><U113/><E50/><N who="2" m="26935" /><F81/><N who="3" m="45287" /><G106/><T131/><D131/><U80/><E14/><N who="2" m="9271" /><F116/><W52/><G54/><T82/><D78/><U44/><E18/><V15/><F15/><W121/><G121/><T86/><REACH who="0" step="1"/><D60/><AGARI ba="0,0" hai="28,30,53,57,60" m="9271,26935,1547" machi="60" ten="30,2000,0" yaku="8,1,52,1" doraHai="46" who="2" fromWho="0" sc="114,-20,423,0,176,20,287,0" owari="94,-31,423,42,196,-15,287,4" /></mjloggm>