<mjloggm ver="2.3"><GO type="225"/><UN n0="%23%37%34%E5%A4%A7%E6%B2%BB%E9%83%8E" n1="%E5%88%BB%E5%AD%90%E5%B8%82%E6%B0%91" n2="%E3%81%95%E3%81%8F%E3%82%89%E3%81%93" n3="%E4%BA%8C%E4%B8%89%E8%B5%A4%E4%BA%94%EF%BC%94%EF%BC%96%EF%BC%98" dan="16,17,17,16" rate="2087,2107,2034,2077" sx="M,M,M,M"/><TAIKYOKU oya="0"/><INIT seed="0,0,0,0,3,97" ten="250,250,250,250" oya="0" hai0="104,1,19,107,11,49,117,124,88,80,106,8,131" hai1="27,44,114,18,51,115,102,63,14,50,46,129,9" hai2="120,119,125,127,116,123,25,112,57,40,111,109,130" hai3="34,15,105,92,28,65,113,5,17,83,60,68,73" shuffle="mt19937ar,7A93C571,F4F0E39B,94769A0C,07148D6F,B2304C14,CD48BB0C,0E463B08,CA0EDAAF"/><T36/><D36/><U101/><E129/><V98/><F40/><W47/><G113/><N who="1" m="43018" /><E63/><V24/><F112/><W37/><G105/><T118/><D131/><U58/><E58/><V12/><F57/><W89/><G5/><T121/><D121/><N who="2" m="46666" /><F98/><W103/><G34/><T29/><D124/><N who="2" m="47690" /><F12/><W81/><G60/><T72/><D49/><N who="1" m="18443" /><E27/><N who="2" m="10315" /><F130/><W70/><G70/><T99/><D1/><U55/><E55/><V33/><F33/><W3/><G68/><T16/><D99/><U0/><E0/><V52/><F52/><W78/><G3/><T95/><D107/><U6/><E6/><V132/><F132/><W53/><G53/><T32/><D32/><U48/><E48/><V23/><F23/><W21/><G21/><T7/><D72/><U108/><E46/><V42/><F42/><W31/><G47/><T64/><D106/><U74/><E44/><V61/><F61/><W126/><G126/><T79/><D104/><U91/><E74/><V4/><F4/><W66/><G73/><T41/><D7/><U134/><E134/><V2/><F2/><W85/><G37/><T71/><D41/><U87/><E102/><V76/><F76/><W94/><G103/><T128/><D71/><U84/><E101/><V93/><F93/><W38/><G38/><T110/><D79/><U10/><E84/><V135/><F135/><W96/><G78/><T82/><D128/><U86/><E86/><V133/><F133/><W75/><G75/><T56/><D56/><U67/><E87/><V13/><F13/><W59/><G85/><T20/><D82/><U54/><E54/><RYUUKYOKU ba="0,0" sc="250,-10,250,-10,250,30,250,-10" hai2="109,111,116,119" /><INIT seed="1,1,0,2,3,65" ten="240,240,280,240" oya="1" hai0="0,17,103,75,7,126,54,16,1,133,73,105,110" hai1="112,71,80,40,104,90,111,18,95,28,20,38,44" hai2="5,94,100,43,11,113,91,107,117,19,127,24,49" hai3="102,56,68,85,9,93,87,134,123,116,53,131,57" shuffle="mt19937ar,78EB13F0,89E0D3D5,EF206EC3,CE58C013,3D23B87D,DF937CA3,D640A72A,5688CC38"/><U66/><E104/><V60/><F117/><W26/><G123/><T6/><D103/><U67/><E112/><V37/><F37/><W2/><G116/><T119/><D119/><U118/><E118/><V31/><F19/><W78/><G68/><T42/><D105/><U101/><E101/><V61/><F127/><W128/><G26/><T39/><D42/><U98/><E111/><V34/><F100/><W129/><G134/><T52/><D39/><U135/><E135/><V21/><F34/><W115/><G115/><T45/><D133/><U59/><E71/><V72/><F72/><W12/><G2/><T47/><REACH who="0" step="1"/><D126/><REACH who="0" step="2"/><U22/><E40/><V124/><F107/><W69/><G102/><T92/><D92/><U88/><E38/><V14/><F113/><W74/><G131/><T3/><D3/><U79/><E95/><V130/><F130/><W10/><G93/><T108/><AGARI ba="1,1" hai="0,1,6,7,16,17,45,47,52,54,73,75,108,110" machi="108" ten="25,12000,2" yaku="1,1,0,1,22,2,54,2,53,0" doraHai="65" doraHaiUra="29" who="0" fromWho="0" sc="230,133,240,-61,280,-31,240,-31" /><INIT seed="2,0,0,4,5,4" ten="363,179,249,209" oya="2" hai0="5,61,88,127,122,105,19,15,118,94,67,95,32" hai1="123,65,120,3,25,100,1,48,115,38,134,29,117" hai2="2,14,27,130,51,8,35,21,20,26,34,11,93" hai3="83,53,74,6,107,63,71,13,33,54,62,89,125" shuffle="mt19937ar,3A9C0669,11C4F629,30442B99,8FB28B47,40C655DA,59ABE3A8,1203F9C2,E9571A51"/><V18/><F130/><W132/><G107/><T52/><D122/><N who="1" m="46635" /><E38/><V75/><F75/><W106/><G33/><T39/><D105/><U102/><E65/><V78/><F78/><W16/><G106/><T131/><D39/><U57/><E117/><V49/><F93/><W28/><G132/><T133/><D133/><U129/><E134/><V40/><F40/><W60/><G71/><T12/><D118/><U85/><E129/><V73/><F73/><W98/><G125/><T96/><D127/><U92/><E115/><V46/><F46/><W50/><G74/><T24/><D131/><U113/><E113/><V124/><F124/><W9/><G28/><T114/><D114/><U64/><E85/><V56/><F56/><N who="3" m="32823" /><G6/><T44/><D32/><N who="2" m="12330" /><F51/><W31/><G31/><T87/><D5/><U7/><E7/><N who="2" m="1143" /><F49/><W23/><G54/><T69/><D44/><U42/><E42/><V41/><F41/><W79/><G79/><T72/><D72/><U47/><E47/><V10/><F27/><W86/><G98/><T84/><D84/><U110/><E92/><V112/><F112/><W111/><G111/><T108/><D108/><U45/><E110/><V90/><F90/><W126/><G126/><T68/><D68/><U66/><E45/><V101/><F101/><N who="1" m="39017" /><E48/><V128/><F128/><W135/><G135/><T77/><D95/><U97/><E97/><V121/><F121/><W36/><G36/><T37/><D37/><U22/><E66/><V59/><F59/><W99/><G99/><T116/><D116/><U70/><E70/><V109/><F109/><W103/><G103/><RYUUKYOKU ba="0,0" sc="363,-30,179,10,249,10,209,10" hai1="1,3,22,25,29,57,64" hai2="10,11,14,18,20,21,26" hai3="9,13,16,23,60,62,63,83,86,89" /><INIT seed="2,1,0,4,0,60" ten="333,189,259,219" oya="2" hai0="92,112,86,55,84,2,15,105,97,120,44,19,133" hai1="28,121,67,81,113,26,54,31,134,100,88,11,87" hai2="1,79,33,118,21,107,68,47,80,6,25,115,106" hai3="94,125,66,129,0,128,114,23,126,32,75,20,124" shuffle="mt19937ar,BF530529,EE84A4E6,0BA24591,A1E5C599,20FB57C6,8DA54998,E6245D6F,783B2C7D"/><V10/><F115/><W5/><G75/><T27/><D112/><U40/><E113/><V16/><F118/><W91/><G114/><T9/><D120/><U58/><E121/><V38/><F68/><W78/><G32/><T57/><D133/><U73/><E73/><N who="2" m="43119" /><F33/><W18/><G78/><T110/><D105/><U74/><E74/><V123/><F123/><W99/><G66/><T116/><D116/><U95/><E134/><V37/><F37/><W101/><G101/><T30/><D44/><U135/><E135/><V41/><AGARI ba="1,0" hai="1,6,10,16,21,25,38,41,47,106,107" m="43119" machi="41" ten="30,3000,0" yaku="25,1,54,1" doraHai="60" who="2" fromWho="2" sc="333,-11,189,-11,259,33,219,-11" /><INIT seed="2,2,0,4,1,78" ten="322,178,292,208" oya="2" hai0="92,2,112,11,3,28,73,69,33,44,1,105,100" hai1="63,8,29,53,111,134,117,14,116,102,65,72,36" hai2="55,108,96,88,76,60,133,49,64,131,46,124,74" hai3="20,130,104,121,66,35,58,109,90,127,22,40,84" shuffle="mt19937ar,79199834,A2BD4906,E3462240,C4E1B5F3,36CF034A,466D0C95,B6945F3A,BBD6D449"/><V51/><F133/><W0/><G121/><T129/><D92/><U93/><E134/><V91/><F131/><W62/><G35/><T80/><D129/><U43/><E53/><V97/><F124/><W85/><G130/><T59/><D59/><U31/><E72/><V21/><F108/><W6/><G104/><T18/><D18/><U4/><E111/><V30/><F74/><W119/><G119/><T79/><D44/><U122/><E122/><V41/><F76/><W107/><G107/><T27/><D112/><U125/><E125/><V128/><F128/><W19/><G127/><T126/><D126/><U103/><E43/><V81/><F91/><W101/><G109/><T110/><D110/><U47/><E47/><N who="2" m="25839" /><F60/><W48/><G101/><T10/><REACH who="0" step="1"/><D69/><REACH who="0" step="2"/><U95/><E36/><V77/><F46/><W45/><G45/><T32/><D32/><U37/><E37/><V94/><F94/><N who="1" m="35849" /><E117/><V115/><F115/><W70/><G70/><T34/><D34/><U68/><E116/><V56/><F64/><W114/><G114/><T52/><D52/><U13/><E103/><V89/><F97/><AGARI ba="2,1" hai="1,2,3,10,11,27,28,33,73,79,80,97,100,105" machi="97" ten="40,2600,0" yaku="1,1,52,1,53,0" doraHai="78" doraHaiUra="118" who="0" fromWho="2" sc="312,42,178,0,292,-32,208,0" /><INIT seed="3,0,0,5,1,89" ten="354,178,260,208" oya="3" hai0="77,0,6,72,122,17,60,67,32,124,36,1,45" hai1="58,63,94,108,31,115,120,54,56,102,91,79,93" hai2="113,15,128,103,101,33,125,70,127,52,66,126,5" hai3="99,38,131,18,109,41,129,132,133,82,75,104,68" shuffle="mt19937ar,0F94204D,F8DA34DC,29FF0A68,C557FE6F,0CD5CB14,CA77509E,D6BD08C3,856A44F9"/><W26/><G68/><T9/><D122/><U44/><E120/><V12/><F33/><W98/><G18/><T37/><D124/><U21/><E115/><V46/><F128/><N who="3" m="49227" /><G26/><T65/><D0/><U84/><E108/><V71/><F113/><W78/><G41/><N who="0" m="22695" /><D37/><U43/><E79/><V20/><F12/><W90/><G38/><T29/><D17/><U80/><E102/><N who="2" m="38923" /><F66/><W121/><G121/><T55/><D55/><U25/><E58/><V97/><F97/><N who="3" m="36875" /><G104/><T51/><D51/><AGARI ba="0,0" hai="21,25,31,43,44,51,54,56,63,80,84,91,93,94" machi="51" ten="30,7700,0" yaku="7,1,8,1,52,2" doraHai="89" who="1" fromWho="0" sc="354,-77,178,77,260,0,208,0" /><INIT seed="4,0,0,5,2,104" ten="277,255,260,208" oya="0" hai0="121,129,14,3,73,117,106,114,52,6,53,60,130" hai1="62,26,81,33,63,99,135,17,32,133,56,57,18" hai2="113,51,125,45,134,9,41,80,69,122,84,59,132" hai3="22,24,110,123,13,34,12,49,55,42,0,39,72" shuffle="mt19937ar,B84953BF,DD6EC580,1752AA7F,9C4B4EAB,A09BF30A,0E84F0F0,BF43DDC2,B48EF61E"/><T88/><D121/><U85/><E99/><V98/><F122/><W2/><G123/><T124/><D117/><U31/><E33/><V95/><F69/><W4/><G110/><T50/><D114/><U16/><E57/><V97/><F113/><W70/><G70/><T120/><D120/><U61/><REACH who="1" step="1"/><E56/><REACH who="1" step="2"/><V43/><F59/><W7/><G34/><T92/><D106/><U10/><E10/><V96/><F9/><W1/><G72/><T28/><D73/><U23/><E23/><V87/><F87/><W101/><G101/><T46/><D130/><U119/><E119/><V8/><F8/><W71/><G71/><T11/><D129/><U107/><E107/><V15/><F96/><W82/><G82/><T37/><D3/><U47/><E47/><V93/><F97/><W79/><G79/><AGARI ba="0,1" hai="16,17,18,26,31,32,61,62,63,79,81,85,133,135" machi="79" ten="40,5200,0" yaku="1,1,54,1,53,1" doraHai="104" doraHaiUra="76" who="1" fromWho="3" sc="277,0,245,62,260,0,208,-52" owari="277,3,307,30,260,-9,156,-24" /></mjloggm>