<mjloggm ver="2.3"><GO type="185"/><UN n0="%E3%81%A8%E3%81%8A%E3%82%8B%53%43%31" n1="%E5%8D%81%E5%85%AD%E5%A4%9C%E2%80%A0%E5%92%B2%E5%A4%9C" n2="%E3%81%B5%E3%81%8F%EF%BC%A3%EF%BD%88%EF%BD%81%EF%BD%8E%E2%99%AA" n3="" dan="16,16,16,0" rate="2090,2162,2181,1500" sx="M,F,F,C"/><TAIKYOKU oya="0"/><INIT seed="0,0,0,4,1,109" ten="350,350,350,0" oya="0" hai0="130,56,50,95,132,99,36,125,85,52,32,45,105" hai1="93,112,104,76,127,51,92,54,47,81,128,59,110" hai2="133,98,122,106,33,118,131,44,94,78,62,65,83" hai3="" shuffle="mt19937ar,EE9D11A2,F603DCCA,630454CB,ADD23B8B,37DAB705,E0566EC4,382D7842,EAF20F27"/><T89/><D32/><U70/><E104/><V80/><N who="2" m="31264" /><V34/><F133/><T41/><D132/><U66/><E110/><V57/><F131/><T49/><D130/><U135/><E128/><V0/><F0/><T108/><D108/><U67/><E135/><V129/><F129/><T74/><D74/><U48/><E127/><V1/><F1/><T69/><D125/><U75/><E70/><V39/><F118/><T42/><D69/><U111/><E111/><V123/><N who="2" m="31520" /><V121/><N who="2" m="31008" /><V64/><F106/><T103/><REACH who="0" step="1"/><D42/><REACH who="0" step="2"/><U120/><E75/><V88/><F65/><T63/><AGARI ba="0,1" hai="36,41,45,49,50,52,56,63,85,89,95,99,103,105" machi="63" ten="20,12000,2" yaku="1,1,2,1,0,1,7,1,54,1,53,1" doraHai="109" doraHaiUra="82" who="0" fromWho="0" sc="340,130,350,-60,350,-60,0,0" /><INIT seed="0,1,0,1,4,46" ten="470,290,290,0" oya="0" hai0="47,57,62,37,63,68,55,77,94,54,59,107,135" hai1="88,67,2,3,33,43,73,113,103,123,74,130,117" hai2="87,134,32,65,129,48,39,70,79,99,111,36,109" hai3="" shuffle="mt19937ar,D5B3C26C,CFA73EBC,1503F6EF,B164C541,EC2EB28F,10971112,43CE17EC,F52F7E80"/><T56/><D107/><U76/><N who="1" m="31520" /><U45/><E33/><V98/><F32/><T44/><D135/><U71/><E117/><V0/><F0/><T104/><D104/><U125/><E103/><V131/><F79/><T105/><D105/><U75/><E130/><V110/><F87/><T132/><D132/><U114/><E76/><V133/><F98/><T1/><D1/><U90/><E125/><V84/><F84/><T51/><D94/><U126/><E126/><V101/><F134/><T127/><D127/><U91/><E67/><V41/><F133/><T83/><D68/><U52/><E71/><V86/><F86/><T106/><D106/><U93/><E93/><V116/><F99/><T40/><REACH who="0" step="1"/><D63/><REACH who="0" step="2"/><U121/><N who="1" m="31008" /><U95/><E95/><V120/><N who="2" m="30752" /><V58/><F129/><T61/><D61/><U34/><E34/><V82/><F70/><T60/><D60/><U78/><E2/><V72/><F131/><T97/><D97/><U124/><E3/><V66/><F111/><T108/><D108/><U100/><E114/><V35/><F110/><T115/><D115/><U50/><E124/><V122/><N who="2" m="31264" /><V80/><F109/><T38/><D38/><U49/><E113/><V112/><F112/><RYUUKYOKU ba="1,1" sc="460,20,290,-10,290,-10,0,0" hai0="37,40,44,47,51,54,55,56,57,59,62,77,83" /><INIT seed="0,2,1,3,2,32" ten="480,280,280,0" oya="0" hai0="130,52,95,85,76,103,2,119,37,67,115,83,96" hai1="75,88,55,86,73,124,84,68,87,63,106,79,43" hai2="100,80,135,66,59,36,41,72,116,44,69,122,39" hai3="" shuffle="mt19937ar,93BD50D8,D3D1F409,D2C5F13D,1768059A,3B5631C6,E9748BCA,F1EE1BC6,26597B40"/><T35/><D115/><U127/><E106/><V47/><N who="2" m="31264" /><V128/><F80/><T33/><D119/><U77/><E43/><V112/><F100/><T117/><D117/><U129/><E129/><V134/><F72/><N who="1" m="27721" /><E55/><V89/><F89/><T81/><D67/><U78/><E63/><V109/><F116/><T58/><D37/><U102/><E68/><V91/><F91/><T62/><D2/><U38/><E38/><V48/><F128/><T114/><D114/><U132/><E102/><V65/><F112/><T46/><D46/><U61/><E61/><V99/><F99/><T64/><D64/><U126/><E132/><V121/><N who="2" m="31008" /><V92/><F92/><AGARI ba="2,1" hai="77,78,79,84,86,87,88,92,124,126,127" m="27721" machi="92" ten="40,8000,1" yaku="18,1,34,2,54,1" doraHai="32" who="1" fromWho="2" sc="480,0,280,94,280,-84,0,0" /><INIT seed="1,0,0,0,2,67" ten="480,374,196,0" oya="1" hai0="65,45,58,120,112,99,57,110,68,82,36,50,73" hai1="56,125,37,90,106,74,122,95,64,89,127,1,0" hai2="124,94,107,61,96,66,78,97,39,91,117,98,92" hai3="" shuffle="mt19937ar,89C67ECF,56FBC769,AD803E0A,896C283B,EF51BB15,5E97B1C9,63A745D9,22CD1D67"/><U53/><N who="1" m="31264" /><U109/><E37/><V59/><F124/><T123/><N who="0" m="30752" /><T33/><N who="0" m="31520" /><T118/><D112/><U72/><E106/><V103/><F117/><T38/><D33/><U43/><E43/><V54/><F78/><T129/><D118/><U70/><E109/><V62/><F39/><T80/><D110/><U32/><E32/><V101/><F66/><T84/><D129/><U102/><E102/><V130/><F130/><T93/><D73/><U79/><E79/><V116/><F116/><T51/><D68/><U63/><E72/><V42/><F42/><T46/><D65/><U71/><E74/><V81/><F81/><T86/><D93/><U108/><E108/><V131/><F131/><T133/><D99/><U83/><E83/><V3/><F3/><N who="1" m="1097" /><E64/><V114/><F114/><T104/><D104/><U87/><E90/><V111/><F111/><T105/><D105/><U2/><E2/><V47/><F107/><T119/><D119/><U52/><E53/><V40/><F91/><T134/><AGARI ba="0,0" hai="36,38,45,46,50,51,57,58,80,82,84,86,133,134" m="31520,30752" machi="134" ten="25,6000,1" yaku="0,1,22,2,52,2" doraHai="67" who="0" fromWho="0" sc="480,60,374,-40,196,-20,0,0" /><INIT seed="2,0,0,0,4,44" ten="540,334,176,0" oya="2" hai0="33,127,38,90,98,76,102,111,61,78,101,1,131" hai1="95,34,128,36,92,109,0,82,84,39,122,60,133" hai2="68,103,74,63,125,72,107,47,71,83,123,53,118" hai3="" shuffle="mt19937ar,F7A003EC,08736644,CF04E746,6406EA72,23CC74C8,0CB95D25,33907D05,B28E41EF"/><V49/><N who="2" m="31520" /><V43/><F118/><T115/><D1/><U113/><N who="1" m="31264" /><U89/><E0/><V50/><F125/><T106/><D38/><U56/><E34/><V37/><F83/><T41/><D41/><U94/><E113/><V116/><F116/><T132/><D33/><U119/><E119/><V73/><F63/><T45/><D45/><U51/><E109/><V87/><F87/><T91/><D115/><U108/><E108/><V81/><F81/><T85/><D111/><U75/><E75/><V114/><F114/><T105/><D61/><U3/><E3/><V117/><F117/><T97/><D127/><U2/><E2/><V99/><REACH who="2" step="1"/><F37/><REACH who="2" step="2"/><T69/><D85/><U79/><E36/><V70/><F70/><T121/><D69/><U62/><E39/><V110/><F110/><T93/><D121/><U124/><E62/><V77/><F77/><T134/><D131/><U54/><E60/><V59/><AGARI ba="0,1" hai="43,47,49,50,53,59,68,71,72,73,74,99,103,107" m="31520" machi="59" ten="30,12000,2" yaku="1,1,0,1,52,3,53,1" doraHai="44" doraHaiUra="40" who="2" fromWho="2" sc="540,-60,334,-60,166,130,0,0" /><INIT seed="2,1,0,1,5,41" ten="480,274,296,0" oya="2" hai0="35,38,57,122,93,120,62,77,132,67,90,134,110" hai1="103,65,108,94,33,43,44,88,66,51,87,111,127" hai2="75,101,133,126,83,54,99,105,130,82,72,74,112" hai3="" shuffle="mt19937ar,771AA37A,B59C8150,93E180A2,2E8EBFDB,CF914A41,5C01E97A,06451E89,F2E60474"/><V102/><F54/><T104/><N who="0" m="30752" /><T69/><N who="0" m="31264" /><T116/><D104/><U97/><E33/><V49/><F49/><T81/><D38/><U47/><E127/><V115/><F126/><T61/><D35/><U46/><E111/><V128/><F133/><N who="0" m="51306" /><D110/><U3/><E3/><V123/><N who="2" m="31520" /><V37/><F37/><T52/><D116/><U79/><E79/><V63/><F63/><T125/><D125/><U119/><E119/><V131/><F102/><T113/><D113/><AGARI ba="1,0" hai="72,74,75,82,83,99,101,105,112,113,115,128,130,131" m="31520" machi="113" ten="50,12000,1" yaku="19,1,34,3,52,1" doraHai="41" who="2" fromWho="0" sc="480,-122,274,0,296,122,0,0" /><INIT seed="2,2,0,1,2,46" ten="358,274,418,0" oya="2" hai0="109,116,44,112,134,123,68,41,90,131,81,117,48" hai1="65,114,80,73,43,1,56,125,63,0,115,126,74" hai2="78,105,69,89,92,104,77,57,85,124,130,54,35" hai3="" shuffle="mt19937ar,ECA0A49C,939A75C3,F6C0E192,4573BECC,FAAB4B37,55AE12A3,557E8D80,4FBBAC72"/><V94/><F69/><T84/><D68/><U82/><E43/><V38/><F38/><T88/><N who="0" m="31520" /><T42/><D109/><U113/><E56/><V58/><F35/><T62/><D131/><U101/><E101/><V79/><F130/><T95/><D134/><U66/><E63/><V76/><F124/><N who="1" m="47721" /><E66/><V45/><N who="2" m="19456" /><DORA hai="72" /><V75/><F75/><N who="1" m="28681" /><E65/><V33/><F33/><T129/><D129/><U119/><E119/><V87/><F45/><T55/><D112/><U103/><E103/><V86/><F58/><T50/><D62/><U122/><N who="1" m="31264" /><U111/><E111/><V107/><F89/><T61/><D61/><AGARI ba="2,0" hai="54,57,61,85,86,87,92,94,104,105,107" m="19456" machi="61" ten="60,18000,2" yaku="29,2,52,4" doraHai="46,72" who="2" fromWho="0" sc="358,-184,274,0,418,184,0,0" /><INIT seed="2,3,0,4,3,70" ten="174,274,602,0" oya="2" hai0="56,46,99,35,127,76,85,89,135,34,122,0,72" hai1="90,69,52,81,118,111,49,88,92,41,86,131,64" hai2="134,1,59,126,75,91,73,112,97,58,61,94,67" hai3="" shuffle="mt19937ar,B51AE7EC,5771D6F4,4882AD45,35CDB271,B8E0A9D2,5F4CAA20,2603D669,81A0A229"/><V107/><F126/><T50/><N who="0" m="31264" /><T87/><D0/><U38/><E111/><V106/><F134/><T60/><D127/><U98/><E131/><V55/><F1/><T115/><D135/><U113/><E113/><V117/><F117/><T101/><D115/><U32/><E32/><V128/><F128/><T116/><D116/><U100/><E118/><V2/><F2/><T109/><D109/><U95/><E41/><V42/><F42/><T51/><D72/><U43/><E43/><V78/><F112/><T125/><D76/><U68/><E64/><V48/><REACH who="2" step="1"/><F75/><REACH who="2" step="2"/><T132/><D132/><U82/><E38/><V3/><F3/><T105/><D125/><U66/><E66/><V124/><F124/><T65/><D65/><U130/><E130/><V33/><F33/><T47/><D34/><U44/><REACH who="1" step="1"/><E81/><AGARI ba="3,1" hai="48,55,58,59,61,67,73,78,81,91,94,97,106,107" machi="81" ten="40,2000,0" yaku="1,1,53,0" doraHai="70" doraHaiUra="121" who="2" fromWho="1" sc="174,0,274,-26,592,36,0,0" /><INIT seed="2,4,0,0,5,86" ten="174,248,628,0" oya="2" hai0="53,59,65,125,0,133,74,99,105,76,84,38,70" hai1="107,110,3,50,34,114,118,130,111,83,64,33,128" hai2="58,47,85,75,57,102,96,46,112,129,124,54,119" hai3="" shuffle="mt19937ar,E4AF9AD2,32A9E728,811415A0,05B8C879,9711A258,2629985A,2D62C4BA,31699A09"/><V127/><F75/><T134/><D0/><U79/><E107/><V121/><N who="2" m="31008" /><V71/><F71/><T69/><D38/><U104/><E3/><V67/><F119/><T36/><D36/><U98/><E104/><V1/><F1/><T103/><D74/><U43/><E98/><V108/><F112/><T116/><D116/><U49/><E64/><V66/><F129/><T40/><D40/><U82/><E118/><V97/><F85/><T101/><D101/><U131/><E114/><V42/><F108/><T37/><D37/><U61/><E61/><V60/><F102/><T90/><D76/><U109/><E43/><V94/><F94/><T92/><D125/><U78/><E78/><V81/><F42/><T117/><D117/><U39/><E39/><V35/><F35/><N who="1" m="13321" /><E79/><V68/><F68/><T95/><D105/><U44/><E44/><V87/><F87/><T32/><D32/><U72/><E72/><V106/><F106/><T122/><N who="0" m="31264" /><T56/><D70/><U52/><E52/><V113/><F113/><T88/><D69/><U73/><E73/><V80/><F60/><T45/><D99/><U91/><E91/><V55/><AGARI ba="4,0" hai="46,47,54,55,57,58,66,67,80,81,96,97,124,127" m="31008" machi="55" ten="25,6400,0" yaku="0,1,22,2,52,1" doraHai="86" who="2" fromWho="2" sc="174,-36,248,-36,628,72,0,0" /><INIT seed="2,5,0,5,1,112" ten="138,212,700,0" oya="2" hai0="118,47,50,36,122,101,108,127,128,113,63,97,119" hai1="54,38,64,59,96,33,70,82,48,60,104,98,125" hai2="2,74,89,40,57,72,100,51,76,132,85,93,84" hai3="" shuffle="mt19937ar,9426580B,886CE62D,72D36745,68803181,C0B6D50F,861754B6,62D76EFF,F6985FCB"/><V45/><F2/><T102/><N who="0" m="31264" /><T79/><D36/><U83/><E33/><V77/><F132/><T66/><D113/><U116/><E125/><V53/><F100/><T135/><D127/><U107/><E38/><V37/><F76/><T3/><D3/><U34/><E34/><V67/><F77/><T65/><D135/><U94/><E116/><V99/><F85/><T130/><D79/><U39/><E39/><V131/><F131/><N who="0" m="50218" /><D108/><U69/><E69/><V103/><REACH who="2" step="1"/><F67/><REACH who="2" step="2"/><T75/><D66/><U87/><E64/><V35/><F35/><T68/><D75/><U109/><E98/><V91/><F91/><T43/><D101/><U49/><E96/><V120/><N who="2" m="30752" /><V1/><F1/><T71/><D71/><U58/><E70/><V32/><F32/><T73/><D73/><U106/><E106/><AGARI ba="5,1" hai="37,40,45,51,53,57,72,74,84,89,93,99,103,106" m="30752" machi="106" ten="30,11600,0" yaku="1,1,7,1,52,1,53,1" doraHai="112" doraHaiUra="117" who="2" fromWho="1" sc="138,0,212,-126,690,136,0,0" /><AGARI ba="5,0" hai="43,47,50,63,65,68,97,102,106,118,119" m="50218,31264" machi="106" ten="30,7700,0" yaku="19,1,52,3" doraHai="112" who="0" fromWho="1" sc="138,77,86,-77,826,0,0,0" /><INIT seed="2,6,0,1,4,75" ten="215,9,826,0" oya="2" hai0="95,48,90,98,124,65,118,66,33,56,134,81,115" hai1="73,102,126,85,41,42,133,53,51,55,57,79,83" hai2="72,129,93,94,77,121,44,0,92,52,87,84,46" hai3="" shuffle="mt19937ar,8A5E13CB,7C45BCCF,C0152120,A194E77D,45412498,2342128D,9D1C3FB2,B28CD10C"/><V91/><N who="2" m="31008" /><V132/><F0/><T119/><D33/><U76/><E133/><V82/><F132/><T39/><D39/><U111/><E111/><V40/><F129/><T128/><D134/><U80/><E126/><V36/><F46/><T101/><D124/><U107/><E102/><V68/><F68/><T1/><D1/><U105/><E107/><V47/><F47/><T96/><D128/><U67/><E67/><V64/><F64/><T131/><D131/><U112/><E105/><V116/><F116/><T49/><D115/><U100/><E100/><V113/><F113/><T62/><D119/><U88/><E112/><V86/><REACH who="2" step="1"/><F52/><REACH who="2" step="2"/><T127/><D118/><U125/><E125/><V70/><F70/><T50/><D127/><U97/><E97/><AGARI ba="6,1" hai="36,40,44,72,77,82,84,86,87,91,92,93,94,97" m="31008" machi="97" ten="40,7700,0" yaku="1,1,52,2,53,0" doraHai="75" doraHaiUra="58" who="2" fromWho="1" sc="215,0,9,-89,816,99,0,0" owari="215,-18,-80,-68,915,86,0,0" /></mjloggm>