<mjloggm ver="2.3"><GO type="225"/><UN n0="%E3%81%B6%E3%81%A3%E3%81%A8%E3%81%B3%E4%BE%8D" n1="%E3%81%BE%E3%81%AB%E3%82%83%E3%82%80%E3%82%93" n2="%E3%83%9B%E3%83%AA%E3%83%B1%E3%83%95%E3%83%9F%E3%82%AA" n3="%E9%95%B7%E5%B2%A1%E5%A4%A7%E6%98%8E%E7%A5%9E" dan="16,16,16,16" rate="2085,2012,2061,2011" sx="M,M,M,F"/><TAIKYOKU oya="0"/><INIT seed="0,0,0,3,5,7" ten="250,250,250,250" oya="0" hai0="101,11,8,9,45,72,107,68,53,132,113,82,58" hai1="15,119,99,127,106,32,23,116,123,133,125,60,35" hai2="59,20,54,3,34,103,33,50,56,38,89,62,24" hai3="21,41,84,95,6,85,64,5,74,124,73,39,96" shuffle="mt19937ar,EE0AF0E7,9DDC7FEC,438FC255,592493E1,9DBE7DD4,D4C9B33B,AC3BB031,3249BB77"/><T28/><D113/><U118/><E123/><V52/><F38/><W110/><G64/><T120/><D68/><U80/><E133/><V18/><F3/><W121/><G121/><T108/><D120/><U78/><E60/><V128/><F128/><W36/><G110/><T65/><D132/><U88/><E32/><V61/><F103/><W42/><G21/><T90/><D108/><U114/><E35/><V27/><F27/><W19/><G96/><T97/><D28/><U69/><E69/><V79/><F79/><W117/><G95/><T131/><D131/><U122/><E122/><V92/><F50/><W81/><G19/><T46/><D65/><U29/><E114/><V109/><F109/><W104/><G81/><T91/><D72/><N who="1" m="43079" /><E29/><V16/><F18/><W71/><G124/><N who="1" m="47690" /><E23/><V94/><F94/><W66/><G66/><T44/><REACH who="0" step="1"/><D82/><REACH who="0" step="2"/><U49/><E119/><V0/><REACH who="2" step="1"/><F0/><REACH who="2" step="2"/><W87/><G117/><T22/><D22/><U67/><E118/><V76/><F76/><W14/><G73/><T55/><D55/><U77/><E116/><V2/><F2/><W135/><G74/><T130/><D130/><U129/><E77/><V100/><F100/><W115/><G135/><T112/><D112/><U57/><E129/><V30/><F30/><W37/><G115/><T43/><D43/><U4/><E106/><V111/><F111/><W126/><G104/><T86/><D86/><AGARI ba="0,2" hai="16,20,24,33,34,52,54,56,59,61,62,86,89,92" machi="86" ten="30,8000,1" yaku="1,1,7,1,9,1,54,2,53,0" doraHai="7" doraHaiUra="105" who="2" fromWho="0" sc="240,-80,250,0,240,100,250,0" /><INIT seed="1,0,0,5,2,42" ten="160,250,340,250" oya="1" hai0="133,107,103,62,22,93,33,50,100,127,8,114,19" hai1="28,89,102,87,116,45,123,57,129,6,128,69,108" hai2="79,74,118,90,130,117,82,109,34,3,70,11,67" hai3="40,78,51,9,53,60,86,80,94,5,36,17,54" shuffle="mt19937ar,8F878150,8A26F728,AA476FC6,6FDCB3C4,003BE853,C4C10F9B,00AF2989,17E037B5"/><U48/><E116/><V66/><F34/><W135/><G36/><T95/><D114/><U113/><E113/><V46/><F130/><N who="1" m="50281" /><E69/><V52/><F109/><W76/><G135/><T131/><D133/><U13/><E123/><V0/><F90/><W81/><G17/><T20/><D33/><U15/><E102/><V111/><F111/><W84/><G94/><T121/><D121/><U25/><E57/><V4/><F0/><W119/><G119/><T98/><D131/><U75/><E75/><V24/><F118/><W18/><G18/><T56/><D127/><U47/><E108/><V43/><F70/><W31/><G31/><T41/><D8/><N who="1" m="4247" /><E15/><V65/><F117/><W14/><G60/><T23/><D107/><U72/><E72/><V2/><F24/><W106/><G106/><T12/><D100/><U73/><E48/><V32/><F2/><W105/><G105/><T124/><D124/><U35/><E73/><V64/><F32/><W134/><G134/><T10/><D103/><U21/><E35/><V27/><F27/><W96/><G96/><T97/><D97/><U61/><E61/><V110/><F110/><W91/><G91/><T126/><D126/><U120/><E120/><V16/><F3/><W101/><G101/><T71/><D71/><U59/><E59/><V132/><F132/><W38/><G38/><T63/><D98/><U115/><E115/><V85/><F74/><W1/><G1/><T49/><D56/><U7/><E7/><V88/><F4/><W29/><G29/><T58/><D58/><U39/><E39/><V37/><F37/><RYUUKYOKU ba="0,0" sc="160,-15,250,15,340,-15,250,15" hai1="21,25,28,45,47,87,89" hai3="5,9,14,40,51,53,54,76,78,80,81,84,86" /><INIT seed="1,1,0,3,4,30" ten="145,265,325,265" oya="1" hai0="26,116,57,108,112,49,133,105,2,83,45,128,82" hai1="114,107,41,3,135,99,12,91,21,28,118,18,76" hai2="77,0,65,14,81,10,46,44,55,96,132,74,16" hai3="13,122,111,79,102,25,20,54,37,66,119,58,88" shuffle="mt19937ar,ED921834,79A8A615,A3DAD56E,EF877E4C,6D539FA4,F1A6B41B,14351C83,A2A91213"/><U101/><E114/><V19/><F132/><W69/><G122/><T131/><D105/><U34/><E118/><V95/><F0/><W75/><G37/><T72/><D2/><U51/><E3/><V52/><F65/><W24/><G119/><T73/><D116/><U22/><E135/><V71/><F71/><W61/><G102/><T110/><D133/><U6/><E6/><V94/><F94/><W113/><G113/><T33/><D57/><U120/><E120/><V29/><F29/><W43/><G43/><T92/><D112/><U127/><E76/><V8/><F46/><W56/><G111/><N who="0" m="42539" /><D92/><U93/><E127/><V32/><F32/><W40/><G40/><N who="0" m="24743" /><D83/><U86/><E34/><V17/><F44/><W11/><G69/><T124/><D124/><U62/><E62/><V106/><F106/><W63/><G79/><N who="0" m="44391" /><D73/><U104/><E41/><V64/><F64/><W60/><G75/><T100/><D100/><U35/><E51/><V15/><F19/><W115/><G115/><T98/><D98/><U70/><E70/><V90/><AGARI ba="1,0" hai="8,10,14,15,16,17,52,55,74,77,81,90,95,96" machi="90" ten="20,8000,1" yaku="0,1,7,1,9,1,54,2" doraHai="30" who="2" fromWho="2" sc="145,-21,265,-41,325,83,265,-21" /><INIT seed="2,0,0,3,3,11" ten="124,224,408,244" oya="2" hai0="67,74,50,89,125,19,21,116,66,59,28,25,61" hai1="63,123,113,88,53,56,13,126,96,107,72,26,80" hai2="115,68,64,135,127,30,86,20,76,78,5,3,75" hai3="118,70,34,73,33,15,124,40,90,110,133,57,6" shuffle="mt19937ar,C6AFFB80,B1CABFB6,35CE5D0A,C120503A,899C753A,64A5C795,91A6114F,4EB5849C"/><V106/><F106/><W109/><G70/><T119/><D125/><U29/><E113/><V93/><F115/><W24/><G73/><T120/><D120/><U8/><E126/><V4/><F127/><W122/><G122/><T55/><D74/><U117/><E117/><V1/><F64/><W102/><G124/><T52/><D119/><U79/><E123/><V84/><F68/><W35/><G118/><T101/><D116/><U128/><E128/><V16/><F75/><W95/><G102/><T131/><D131/><U92/><E107/><V81/><F30/><W129/><G129/><T32/><D101/><U9/><REACH who="1" step="1"/><E13/><REACH who="1" step="2"/><V69/><F1/><W41/><G15/><T7/><D7/><U94/><E94/><V48/><F5/><W87/><G6/><T22/><D89/><U18/><E18/><V54/><F93/><W85/><G24/><N who="0" m="16407" /><D32/><AGARI ba="0,1" hai="8,9,26,29,32,53,56,63,72,79,80,88,92,96" machi="32" ten="30,3900,0" yaku="1,1,7,1,54,1,53,0" doraHai="11" doraHaiUra="17" who="1" fromWho="0" sc="124,-39,214,49,408,0,244,0" /><INIT seed="3,0,0,5,0,129" ten="85,263,408,244" oya="3" hai0="61,70,94,50,86,47,121,11,118,105,69,100,65" hai1="38,48,104,19,107,60,3,29,79,106,92,115,57" hai2="6,54,131,109,116,22,108,81,4,117,63,16,13" hai3="88,135,71,44,32,5,67,78,123,53,68,31,64" shuffle="mt19937ar,A33BE26F,7A0E3030,F4171552,A1209D4B,A58543B6,529453FD,E77D90DB,DE3ED51C"/><W89/><G123/><T18/><D86/><U99/><E38/><V56/><F131/><W132/><G5/><N who="2" m="2153" /><F81/><W130/><G78/><T58/><D94/><U41/><E3/><V33/><F33/><W20/><G130/><T25/><D100/><U66/><E79/><V37/><F37/><W17/><G31/><T59/><D105/><U34/><E115/><V93/><F93/><W90/><G32/><T96/><D96/><U8/><E34/><V1/><F1/><W12/><G64/><T26/><D11/><U77/><E77/><V46/><F46/><W62/><G71/><T40/><D18/><U125/><E29/><V74/><F74/><W10/><G10/><T76/><D76/><U120/><E120/><V45/><F45/><W110/><G110/><AGARI ba="0,0" hai="13,16,22,54,56,63,108,109,110,116,117" m="2153" machi="110" ten="30,2000,0" yaku="14,1,54,1" doraHai="129" who="2" fromWho="3" sc="85,0,263,0,408,20,244,-20" owari="85,-31,263,1,428,43,224,-13" /></mjloggm>