<mjloggm ver="2.3"><GO type="225"/><UN n0="%E6%9C%A7%E5%A4%8F%E6%9C%88" n1="%E6%9C%80%E9%80%9F%E3%82%AF%E3%83%B3%E2%99%AA" n2="%E6%A1%9C%E4%BA%95%E3%82%A2%E3%82%BD%E3%82%B3" n3="%EF%BC%88%EF%BC%8A%EF%BC%9E%EF%BC%9C%EF%BC%89" dan="17,16,16,17" rate="2168,2078,2065,2203" sx="M,M,M,F"/><TAIKYOKU oya="0"/><INIT seed="0,0,0,5,2,61" ten="250,250,250,250" oya="0" hai0="48,74,64,110,83,44,98,23,10,122,124,19,27" hai1="65,32,30,60,95,78,55,113,76,100,129,117,9" hai2="99,11,102,118,57,106,111,130,34,8,91,41,53" hai3="88,22,101,133,123,132,21,16,56,125,115,97,114" shuffle="mt19937ar,B8923F56,E50DE94E,FE96FFF4,20E7E4B7,A7A685D9,CF925445,3814E5F2,1662331F"/><T4/><D122/><U82/><E117/><V75/><F34/><W51/><G123/><T77/><D124/><U58/><E129/><V66/><F130/><W24/><G125/><T112/><D112/><U43/><E113/><V37/><F118/><W6/><G6/><T92/><D110/><U73/><E43/><V107/><F107/><W52/><G22/><T35/><D35/><U46/><E78/><V49/><F75/><W2/><G2/><T63/><D48/><U108/><E108/><V39/><F111/><W134/><REACH who="3" step="1"/><G88/><REACH who="3" step="2"/><T45/><D4/><U72/><E32/><V36/><F91/><W40/><G40/><T116/><D116/><U14/><E76/><V18/><F41/><W96/><G96/><T33/><D33/><U42/><E42/><V20/><F11/><W80/><G80/><T62/><D10/><U93/><E82/><V85/><F8/><W69/><G69/><T135/><D135/><U12/><E9/><V47/><F85/><W15/><G15/><T25/><D25/><U3/><E12/><V29/><F20/><W89/><G89/><T70/><REACH who="0" step="1"/><D63/><REACH who="0" step="2"/><U0/><E60/><N who="2" m="38159" /><F39/><W79/><G79/><T128/><D128/><U68/><E0/><V84/><F37/><W119/><G119/><T26/><D26/><U121/><E3/><V90/><F36/><W103/><G103/><AGARI ba="0,2" hai="19,23,27,44,45,62,64,70,74,77,83,92,98,103" machi="103" ten="30,5800,0" yaku="1,1,7,1,52,1,53,0" doraHai="61" doraHaiUra="87" who="0" fromWho="3" sc="240,78,250,0,250,0,240,-58" /><INIT seed="0,1,0,1,3,10" ten="318,250,250,182" oya="0" hai0="108,114,64,126,94,7,61,106,123,59,89,1,60" hai1="57,103,85,31,35,128,5,48,30,88,26,132,70" hai2="17,80,42,78,66,27,13,34,101,119,51,36,54" hai3="74,100,4,25,55,52,12,117,49,125,95,72,63" shuffle="mt19937ar,7610F3DC,E222D733,E77C0BCA,70342015,78179BB1,222B8C18,AF40905D,745B8354"/><T71/><D114/><U56/><E70/><V84/><F119/><W130/><G117/><T24/><D123/><U96/><E132/><V21/><F66/><W86/><G125/><T127/><D106/><U43/><E128/><V20/><F101/><W110/><G130/><T90/><D108/><U97/><E31/><V113/><F113/><W109/><G25/><T14/><D1/><U81/><E5/><V131/><F131/><W134/><G134/><T79/><D79/><U68/><E68/><V47/><F34/><W8/><G63/><T98/><D24/><U39/><E39/><V9/><REACH who="2" step="1"/><F27/><REACH who="2" step="2"/><W121/><G121/><T37/><D64/><U102/><E103/><V92/><F92/><W11/><G100/><T41/><D94/><U91/><E102/><V87/><F87/><W58/><G95/><T22/><D127/><U116/><E116/><V38/><F38/><W129/><G86/><T135/><D37/><U76/><E97/><V133/><F133/><W122/><G122/><T40/><D98/><U118/><E118/><V6/><F6/><W99/><G129/><T69/><D7/><U46/><REACH who="1" step="1"/><E96/><REACH who="1" step="2"/><V2/><F2/><W77/><G99/><T33/><D135/><U15/><E15/><V19/><F19/><W62/><G12/><T16/><D126/><U44/><E44/><AGARI ba="1,2" hai="9,13,17,20,21,36,42,44,47,51,54,78,80,84" machi="44" ten="30,3900,0" yaku="1,1,7,1,52,1,53,0" doraHai="10" doraHaiUra="112" who="2" fromWho="1" sc="318,0,240,-42,240,62,182,0" /><INIT seed="1,0,0,3,4,103" ten="318,198,302,182" oya="1" hai0="51,107,115,16,125,52,118,109,65,14,117,6,73" hai1="96,76,42,126,120,18,20,121,25,81,7,86,26" hai2="24,129,67,31,37,80,44,60,69,56,124,82,21" hai3="88,105,89,66,94,41,99,54,116,34,50,9,134" shuffle="mt19937ar,1B2E16B3,661A2FA1,384D457E,96F093ED,5877D794,F4E3FB3A,BDA02599,43355E96"/><U112/><E112/><V79/><F129/><W8/><G34/><T19/><D73/><U71/><E71/><V101/><F124/><W40/><G116/><T77/><D115/><U102/><E126/><V55/><F101/><W36/><G66/><T46/><D125/><U114/><E114/><V0/><F0/><W110/><G134/><T135/><D77/><U3/><E42/><N who="3" m="16490" /><G105/><T122/><D107/><U113/><E113/><V43/><REACH who="2" step="1"/><F79/><REACH who="2" step="2"/><W97/><G36/><T47/><D118/><U39/><E39/><V28/><F28/><W32/><G110/><T17/><D109/><U11/><REACH who="1" step="1"/><E26/><REACH who="1" step="2"/><V133/><F133/><W83/><G32/><T13/><D135/><U132/><E132/><V92/><F92/><AGARI ba="0,2" hai="3,7,11,18,20,25,76,81,86,92,96,102,120,121" machi="92" ten="30,2900,0" yaku="1,1,7,1,53,0" doraHai="103" doraHaiUra="111" who="1" fromWho="2" sc="318,0,188,49,292,-29,182,0" /><INIT seed="1,1,0,4,1,41" ten="318,237,263,182" oya="1" hai0="113,101,119,42,131,57,59,30,12,11,114,82,43" hai1="55,80,62,13,4,108,135,91,105,100,0,21,2" hai2="96,124,115,87,64,10,35,29,15,88,5,77,85" hai3="24,128,28,79,17,25,44,7,132,37,72,19,60" shuffle="mt19937ar,C43FCF26,5C357078,2AE02F03,1389DCCF,7F2C3782,FAB8D30A,CDC8EDAC,11E8053B"/><U34/><E34/><V94/><F124/><W116/><G116/><T122/><D119/><U117/><E117/><V49/><F115/><W90/><G7/><T123/><D30/><U107/><E135/><V76/><F64/><W8/><G79/><N who="2" m="30281" /><F35/><W33/><G72/><T66/><D101/><U53/><E108/><V95/><F29/><W106/><G106/><T133/><D82/><U93/><E80/><V38/><F38/><W9/><G132/><T14/><D133/><U46/><E105/><V54/><F94/><W127/><G127/><T61/><D131/><U52/><E107/><V99/><F87/><W51/><G128/><T56/><D11/><N who="1" m="4327" /><E0/><V27/><F27/><W125/><G37/><T69/><D12/><U39/><E39/><V16/><F5/><W110/><G125/><T92/><D14/><U65/><E2/><V111/><F111/><W63/><G110/><T118/><D92/><U81/><E81/><V67/><F67/><W22/><G90/><T40/><D118/><U1/><E1/><V121/><F121/><AGARI ba="1,0" hai="40,42,43,56,57,59,61,66,69,113,114,121,122,123" machi="121" ten="50,8000,1" yaku="13,1,34,3" doraHai="41" who="0" fromWho="2" sc="318,83,237,0,263,-83,182,0" /><INIT seed="2,0,0,3,2,60" ten="401,237,180,182" oya="2" hai0="32,109,73,123,1,4,92,42,107,12,118,103,52" hai1="63,79,44,119,89,129,112,71,104,10,41,29,95" hai2="46,24,83,91,67,13,126,11,110,33,128,102,69" hai3="57,50,62,31,87,27,51,65,37,35,114,53,124" shuffle="mt19937ar,155AF148,536A573C,41A616DB,FB250800,424A582D,1DED0ECE,F9C99E15,6BE6656B"/><V113/><F113/><W85/><G124/><T17/><D73/><U59/><E112/><V34/><F126/><W20/><G114/><T58/><D107/><U135/><E119/><V23/><F128/><W40/><G35/><T117/><D32/><U90/><E104/><V93/><F110/><W125/><G125/><T15/><D109/><U68/><E79/><V82/><F82/><W49/><G37/><T45/><D1/><U14/><E29/><V16/><F46/><W108/><G108/><T75/><D75/><U133/><E129/><V120/><F120/><W96/><G40/><T88/><D103/><U101/><E101/><V39/><F39/><W130/><G130/><T99/><D4/><N who="1" m="3399" /><E59/><V30/><F83/><W115/><G115/><T55/><D123/><U72/><E72/><V54/><F54/><N who="0" m="20522" /><D17/><U116/><E116/><N who="0" m="44649" /><D58/><U132/><E133/><V111/><F102/><W28/><G28/><T80/><D80/><U61/><E135/><V134/><F111/><W7/><G7/><T6/><D6/><U122/><E132/><V70/><F134/><W36/><G36/><AGARI ba="0,0" hai="12,15,36,42,45,88,92,99" m="44649,20522" machi="36" ten="30,3900,0" yaku="12,1,54,2" doraHai="60" who="0" fromWho="3" sc="401,39,237,0,180,0,182,-39" /><INIT seed="3,0,0,2,3,17" ten="440,237,180,143" oya="3" hai0="88,58,26,2,83,107,3,31,76,19,34,80,11" hai1="116,98,75,135,99,10,133,16,67,126,32,74,45" hai2="13,101,22,127,77,33,41,60,5,46,79,69,84" hai3="23,35,61,12,55,57,131,20,112,86,134,27,0" shuffle="mt19937ar,E5F54D45,B1027194,2B9654BD,839CA427,D80C7C5D,4D4871F6,5537F63E,2AAE7417"/><W87/><G0/><T71/><D71/><U7/><E32/><V28/><F33/><W124/><G112/><T113/><D107/><U37/><E126/><V51/><F127/><W21/><G124/><T121/><D121/><U38/><E67/><V4/><F101/><W78/><G131/><T66/><D113/><U62/><E62/><V119/><F119/><W85/><G134/><N who="1" m="51210" /><E16/><N who="2" m="10511" /><F69/><W96/><G96/><N who="1" m="36906" /><E116/><V104/><F104/><W81/><REACH who="3" step="1"/><G12/><REACH who="3" step="2"/><T49/><D3/><N who="1" m="383" /><E45/><V29/><F41/><W118/><G118/><T14/><D2/><U132/><E132/><V68/><F51/><W8/><G8/><T25/><D49/><U6/><E6/><V117/><F117/><W90/><G90/><T53/><D88/><U125/><E125/><V115/><F115/><W97/><G97/><T15/><D15/><U100/><E100/><V64/><F5/><W50/><G50/><T122/><D14/><U63/><E63/><V47/><F4/><W65/><G65/><T95/><D66/><U9/><E9/><V120/><F46/><W129/><G129/><T56/><D11/><U91/><E91/><V1/><F47/><W92/><G92/><T70/><D95/><U108/><E108/><V44/><F44/><W114/><G114/><T18/><D122/><U72/><AGARI ba="0,1" hai="37,38,72,74,75" m="383,36906,51210" machi="72" ten="40,1500,0" yaku="20,1" doraHai="17" who="1" fromWho="1" sc="440,-4,237,25,180,-4,133,-7" owari="436,43,262,1,176,-17,126,-27" /></mjloggm>