<mjloggm ver="2.3"><GO type="185"/><UN n0="%E5%8D%81%E5%85%AD%E5%A4%9C%E2%80%A0%E5%92%B2%E5%A4%9C" n1="%E4%B8%89%E7%94%B0%E6%9D%91%E8%8C%9C" n2="%E6%84%9F%E8%AC%9D%E3%81%A7%E3%81%99" n3="" dan="16,17,17,0" rate="2205,2171,2207,1500" sx="F,F,M,C"/><TAIKYOKU oya="0"/><INIT seed="0,0,0,2,1,113" ten="350,350,350,0" oya="0" hai0="82,122,126,40,86,46,42,114,121,134,63,75,37" hai1="73,0,99,109,88,131,43,48,96,92,41,2,101" hai2="108,105,83,51,90,74,85,112,71,77,58,100,111" hai3="" shuffle="mt19937ar,26942F4F,B88D9E53,EB858107,00AE7D3A,5FF823AA,21EFFC01,6D3C719F,83886B5E"/><T54/><N who="0" m="31008" /><T67/><N who="0" m="31264" /><T118/><D75/><U125/><E73/><V91/><F71/><T120/><N who="0" m="30752" /><T116/><D114/><U50/><E131/><V36/><F36/><T38/><D134/><U33/><E33/><V61/><F112/><T53/><D126/><U132/><E125/><V110/><F51/><T102/><D102/><U80/><E132/><V135/><F135/><T57/><D86/><U35/><E35/><V87/><F105/><T106/><D106/><U89/><E109/><V115/><F115/><T130/><D82/><U84/><E50/><V72/><F100/><T44/><D130/><U133/><E133/><V129/><F129/><T64/><D64/><U66/><E66/><V107/><F107/><T119/><AGARI ba="0,0" hai="37,38,40,42,44,46,53,54,57,63,67,116,118,119" m="30752,31264,31008" machi="119" ten="30,24000,4" yaku="0,1,9,1,34,3,52,6" doraHai="113" who="0" fromWho="0" sc="350,240,350,-120,350,-120,0,0" /><INIT seed="0,1,0,5,0,44" ten="590,230,230,0" oya="0" hai0="67,130,82,74,89,118,76,129,112,108,63,123,61" hai1="128,68,91,131,37,58,100,111,116,66,39,92,36" hai2="106,43,42,32,135,38,41,40,103,85,49,97,51" hai3="" shuffle="mt19937ar,062023B3,E1AB4F6E,5A3234BA,A64EE708,76838AF1,142090EC,D9FFCDE4,8F183FBC"/><T71/><N who="0" m="31520" /><T52/><D118/><U69/><E116/><V117/><F32/><T1/><D1/><U133/><E100/><V134/><F117/><T107/><D107/><U110/><E133/><N who="2" m="50699" /><F85/><T101/><D101/><U81/><E81/><V79/><F79/><T55/><D112/><U98/><E58/><V95/><F106/><T80/><D108/><N who="1" m="41515" /><E66/><V83/><F83/><T73/><D61/><U62/><E62/><V109/><F109/><T56/><D56/><U104/><E104/><V65/><F65/><T105/><D105/><U72/><E72/><V54/><F54/><T115/><D115/><U2/><E2/><V45/><AGARI ba="1,0" hai="38,40,41,42,43,45,49,51,95,97,103" m="50699" machi="45" ten="40,3900,0" yaku="20,1,52,2" doraHai="44" who="2" fromWho="2" sc="590,-27,230,-14,230,41,0,0" /><INIT seed="1,0,0,5,5,129" ten="563,216,271,0" oya="1" hai0="75,51,113,107,135,34,97,81,101,3,74,128,1" hai1="42,73,0,82,105,54,77,90,134,39,33,116,118" hai2="78,60,119,93,103,79,2,56,92,84,96,63,127" hai3="" shuffle="mt19937ar,21DAF0B6,6317DF15,2746B670,AC2A5828,21003C9B,79DF8DFC,A23D65B9,69907EE1"/><U115/><E115/><V87/><F2/><T86/><D34/><U108/><E0/><V62/><F119/><T100/><D113/><U76/><E33/><V124/><F56/><T131/><D51/><U112/><E105/><V57/><F57/><T91/><D1/><U49/><E112/><V43/><F43/><T89/><D3/><U126/><E108/><V36/><F36/><T83/><D135/><U52/><E126/><N who="2" m="48171" /><F87/><T72/><D100/><U71/><E71/><V35/><F35/><T46/><D46/><U110/><E134/><V37/><F37/><T133/><D133/><U102/><E110/><V109/><F109/><T80/><REACH who="0" step="1"/><D89/><AGARI ba="0,0" hai="60,62,63,78,79,84,89,92,93,96,103" m="48171" machi="89" ten="30,1000,0" yaku="18,1" doraHai="129" who="2" fromWho="0" sc="563,-10,216,0,271,10,0,0" /><INIT seed="2,0,0,5,4,39" ten="553,216,281,0" oya="2" hai0="85,67,112,56,99,45,90,129,119,81,41,72,2" hai1="110,3,86,52,51,58,113,101,115,65,102,96,61" hai2="35,71,104,106,60,100,47,135,111,126,76,32,122" hai3="" shuffle="mt19937ar,FC7BB286,C2150604,C87B0344,DD3BC15A,241492FE,A2865413,68AD163E,FAE81CA1"/><V82/><N who="2" m="31264" /><V43/><F135/><T77/><D2/><U74/><E3/><V94/><F126/><T53/><D119/><U132/><E132/><V131/><F131/><T93/><D129/><U50/><E74/><V57/><F71/><T114/><D67/><U33/><E33/><V97/><F111/><T38/><REACH who="0" step="1"/><D72/><REACH who="0" step="2"/><U125/><E110/><V103/><F35/><T117/><D117/><U34/><E34/><V59/><F32/><T88/><D88/><U124/><E125/><V36/><F103/><T89/><D89/><U105/><E124/><V44/><F44/><T78/><D78/><U91/><E115/><V127/><F127/><T68/><D68/><U123/><N who="1" m="31520" /><U92/><E113/><V80/><F57/><T118/><D118/><U107/><E102/><V84/><REACH who="2" step="1"/><F82/><REACH who="2" step="2"/><T73/><D73/><U40/><E101/><V63/><F63/><AGARI ba="0,2" hai="38,41,45,53,56,63,77,81,85,90,93,99,112,114" machi="63" ten="40,5200,0" yaku="1,1,52,1,53,1" doraHai="39" doraHaiUra="79" who="0" fromWho="2" sc="543,72,216,0,271,-52,0,0" /><INIT seed="4,0,0,2,5,106" ten="615,216,219,0" oya="0" hai0="71,118,54,3,108,135,100,62,66,44,132,2,74" hai1="109,95,70,124,133,51,46,112,83,121,105,40,101" hai2="79,35,86,48,69,45,94,38,0,91,50,119,129" hai3="" shuffle="mt19937ar,AC3B7434,EBA0FFC5,2F8B255F,66536013,75248CE8,C4E1DB02,FC35E575,5D792069"/><T115/><D118/><U55/><N who="1" m="31008" /><U37/><E112/><V103/><F0/><T60/><D100/><U80/><E109/><V43/><F35/><T73/><D115/><U82/><E133/><N who="0" m="51273" /><D108/><U96/><E124/><V90/><F69/><T113/><D113/><U39/><E70/><V64/><F64/><T104/><D104/><U128/><E128/><V41/><F103/><T97/><D97/><U65/><E65/><V42/><F129/><T59/><D44/><U131/><E131/><V122/><N who="2" m="31264" /><V47/><F119/><T52/><D54/><U49/><REACH who="1" step="1"/><E105/><REACH who="1" step="2"/><V56/><F38/><T114/><D114/><U125/><E125/><V78/><F56/><AGARI ba="0,1" hai="37,39,40,46,49,51,55,56,80,82,83,95,96,101" m="31008" machi="56" ten="40,2600,0" yaku="1,1,52,1,53,0" doraHai="106" doraHaiUra="67" who="1" fromWho="2" sc="615,0,206,36,219,-26,0,0" /><INIT seed="5,0,0,0,3,82" ten="615,242,193,0" oya="1" hai0="3,99,70,53,63,83,91,84,80,100,129,78,76" hai1="105,120,110,93,33,65,47,106,57,128,61,46,32" hai2="68,89,107,104,72,124,42,71,117,115,49,114,59" hai3="" shuffle="mt19937ar,A6C29D94,0EB027ED,5CD3EB88,7D9861E7,6CECA29B,F34EF38E,42863F3F,BF7ADAED"/><U121/><N who="1" m="30752" /><U2/><N who="1" m="31008" /><U38/><E2/><V134/><F72/><T95/><D3/><U67/><E128/><V123/><N who="2" m="31520" /><V73/><F117/><T69/><D129/><U86/><E110/><V55/><F73/><T94/><D53/><U48/><E38/><V58/><F134/><T51/><D51/><U0/><E0/><V101/><F124/><T125/><D125/><U77/><E77/><V113/><F42/><T74/><REACH who="0" step="1"/><D63/><REACH who="0" step="2"/><U79/><E32/><V64/><F64/><T102/><D102/><U43/><E33/><V62/><F101/><T34/><D34/><U40/><E67/><V56/><F62/><T81/><D81/><U41/><E40/><V103/><F103/><T132/><D132/><U118/><E118/><V122/><N who="2" m="31264" /><V50/><F50/><T119/><D119/><U88/><REACH who="1" step="1"/><E79/><REACH who="1" step="2"/><V127/><F127/><T112/><D112/><U44/><E44/><V60/><F115/><T87/><AGARI ba="0,2" hai="69,70,74,76,78,80,83,84,87,91,94,95,99,100" machi="87" ten="20,6000,1" yaku="1,1,0,1,7,1,52,2,53,0" doraHai="82" doraHaiUra="116" who="0" fromWho="0" sc="605,80,232,-40,193,-20,0,0" /><INIT seed="6,0,0,3,3,87" ten="685,192,173,0" oya="2" hai0="92,0,1,42,134,66,122,68,130,55,39,86,101" hai1="135,70,81,2,109,95,128,88,100,72,43,50,96" hai2="71,48,110,121,57,54,49,118,98,125,67,80,115" hai3="" shuffle="mt19937ar,D774E89D,19DAAB4F,F67C4120,0A4C2F42,3D819646,63B073C7,99FBDB4F,BB47260E"/><V78/><N who="2" m="31008" /><V46/><F118/><T105/><N who="0" m="31264" /><T60/><D134/><U64/><E135/><V104/><F110/><T51/><D130/><U120/><N who="1" m="30752" /><U91/><E128/><V129/><F129/><T3/><D105/><U103/><E109/><V58/><F125/><T33/><D33/><U102/><E2/><V83/><F115/><T63/><D63/><U32/><E32/><V77/><F71/><T127/><D127/><U38/><E38/><V44/><F104/><T117/><D117/><U35/><E35/><V112/><F112/><T36/><D101/><U111/><E111/><V79/><F98/><T114/><D114/><U61/><E72/><V85/><F67/><T94/><D66/><U74/><E43/><V133/><F133/><T119/><D42/><U99/><E50/><V59/><REACH who="2" step="1"/><F85/><REACH who="2" step="2"/><T90/><D86/><U75/><E81/><V93/><F93/><AGARI ba="0,1" hai="61,64,70,74,75,88,91,93,95,96,99,100,102,103" m="30752" machi="93" ten="40,8000,1" yaku="9,1,52,3,54,1" doraHai="87" who="1" fromWho="2" sc="685,0,192,90,163,-80,0,0" owari="685,64,282,-12,83,-52,0,0" /></mjloggm>