<mjloggm ver="2.3"><GO type="185"/><UN n0="%E3%81%B5%E3%81%8F%EF%BC%A3%EF%BD%88%EF%BD%81%EF%BD%8E%E2%99%AA" n1="%E3%81%A8%E3%81%84%E3%81%A4%E3%81%BE%E3%81%99%E3%81%9F%E3%81%81%E2%99%AA" n2="%EF%BC%BC%28%EF%BC%BE%6F%EF%BC%BE%29%EF%BC%8F%E2%98%85" n3="" dan="17,16,17,0" rate="2139,2150,2200,1500" sx="F,M,M,C"/><TAIKYOKU oya="0"/><INIT seed="0,0,0,5,5,36" ten="350,350,350,0" oya="0" hai0="51,125,87,57,40,47,130,69,67,80,91,81,133" hai1="0,98,48,128,35,72,121,49,111,82,50,1,127" hai2="122,104,134,113,129,106,56,70,132,55,84,92,38" hai3="" shuffle="mt19937ar,C54978CC,A7CC36B2,CB25F9FE,E41CA4F5,1FA9887B,5F2A08F4,79F66A6E,E9F05F9C"/><T78/><D133/><U95/><N who="1" m="31008" /><U52/><E35/><V42/><N who="2" m="31264" /><V123/><N who="2" m="31520" /><V109/><F70/><T108/><D125/><U88/><E127/><V64/><F64/><T2/><D2/><U39/><E39/><V93/><F113/><T34/><D34/><U126/><E126/><V107/><F129/><T46/><D130/><U115/><E128/><V96/><F109/><T110/><D69/><U102/><E115/><V37/><F84/><T43/><D57/><U112/><E112/><V73/><F73/><T100/><D67/><U41/><E41/><V85/><F85/><T124/><D100/><U119/><E119/><V63/><F93/><T65/><D65/><U62/><E111/><N who="0" m="42537" /><D124/><U71/><E71/><V58/><F58/><T86/><D47/><U120/><N who="1" m="30752" /><U131/><E131/><V77/><F56/><T105/><D105/><U68/><E68/><V79/><F106/><T75/><D75/><U97/><E72/><V74/><F74/><T99/><D99/><U89/><E82/><V76/><F132/><T45/><D45/><U90/><REACH who="1" step="1"/><E98/><REACH who="1" step="2"/><V54/><F96/><T83/><D80/><U103/><E103/><V60/><F134/><T101/><D40/><U116/><E116/><RYUUKYOKU ba="0,1" sc="350,10,340,10,350,-20,0,0" hai0="43,46,51,78,81,83,86,87,91,101" hai1="0,1,48,49,50,52,62,88,89,90,95,97,102" /><INIT seed="0,1,1,0,1,0" ten="360,350,330,0" oya="0" hai0="60,44,110,99,86,39,42,126,77,98,64,94,82" hai1="96,50,33,106,111,52,36,102,116,76,129,69,109" hai2="115,91,56,105,130,95,59,103,72,80,114,62,122" hai3="" shuffle="mt19937ar,B251C03F,7638652D,51B6C359,CA744257,B171EAE7,A34276AF,E3553159,DE2533F6"/><T65/><D126/><U63/><E36/><V35/><N who="2" m="31264" /><V1/><F130/><T132/><D132/><U57/><E33/><V47/><F1/><T135/><D135/><U49/><E116/><V40/><F35/><T100/><D110/><N who="1" m="41995" /><E129/><V93/><F59/><T3/><D3/><U70/><E76/><V32/><F32/><T88/><REACH who="0" step="1"/><D60/><REACH who="0" step="2"/><U46/><E50/><V45/><F62/><T87/><D87/><U124/><E124/><V112/><F115/><T74/><D74/><U97/><E97/><V127/><F114/><T2/><D2/><U51/><E51/><V55/><F127/><T48/><D48/><U66/><AGARI ba="1,2" hai="46,49,52,57,63,66,69,70,96,102,106" m="41995" machi="66" ten="30,1500,0" yaku="14,1,54,1" doraHai="0" who="1" fromWho="1" sc="350,-11,350,37,330,-6,0,0" /><INIT seed="1,0,0,3,3,89" ten="339,387,324,0" oya="1" hai0="124,100,40,88,121,104,78,70,132,52,1,77,49" hai1="48,61,37,115,47,90,66,2,102,94,92,34,33" hai2="128,51,119,53,97,56,109,74,114,65,57,93,0" hai3="" shuffle="mt19937ar,12FC5B53,4D4E3895,6DF8A6E7,BB0311E4,568C4811,91C69014,4F535DBC,B997F291"/><U72/><E72/><V95/><F0/><T85/><N who="0" m="31008" /><T91/><D1/><U43/><E37/><V67/><F119/><T125/><D70/><U55/><E2/><V130/><F114/><T98/><D40/><U86/><E115/><V80/><F109/><T106/><D106/><U111/><E111/><V122/><N who="2" m="31264" /><V118/><F118/><T63/><D91/><U113/><E113/><V50/><F97/><T41/><D63/><U134/><E134/><V82/><F53/><T76/><D41/><U101/><E43/><V116/><F116/><T73/><D73/><AGARI ba="0,0" hai="50,51,56,57,65,67,73,74,80,82,93,95,128,130" m="31264" machi="73" ten="25,8000,1" yaku="22,2,52,3" doraHai="89" who="2" fromWho="0" sc="339,-80,387,0,324,80,0,0" /><INIT seed="2,0,0,5,2,63" ten="259,387,404,0" oya="2" hai0="97,130,129,135,109,36,55,115,127,48,78,69,1" hai1="95,86,60,119,116,77,68,73,103,65,100,49,85" hai2="113,40,34,99,70,91,57,98,80,43,46,61,39" hai3="" shuffle="mt19937ar,A88FFCC0,6B0663A3,80A8CC81,562B37A6,56ADC068,B9A76297,CC13EE9A,83E6F493"/><V45/><F34/><T52/><D1/><U94/><E73/><V118/><F70/><T131/><D36/><U126/><E126/><V42/><F113/><T71/><D115/><U125/><E125/><V50/><F118/><N who="1" m="45097" /><E49/><V38/><F43/><T104/><D127/><U47/><E47/><V92/><F80/><T56/><D135/><U62/><E62/><V72/><F72/><T83/><D109/><U105/><E105/><V59/><F50/><T102/><REACH who="0" step="1"/><D55/><REACH who="0" step="2"/><U93/><E77/><V107/><F61/><T79/><D79/><U122/><N who="1" m="31264" /><U32/><E32/><V123/><N who="2" m="31520" /><V37/><F37/><T84/><AGARI ba="0,1" hai="48,52,56,69,71,78,83,84,97,102,104,129,130,131" machi="84" ten="30,5900,0" yaku="1,1,0,1,19,1,54,1,53,0" doraHai="63" doraHaiUra="108" who="0" fromWho="0" sc="249,69,387,-20,404,-39,0,0" /><INIT seed="4,0,0,0,2,60" ten="318,367,365,0" oya="0" hai0="84,85,82,78,95,124,135,86,119,80,46,53,68" hai1="32,40,110,63,72,97,106,112,99,93,56,57,118" hai2="55,43,89,133,34,87,134,101,88,108,0,126,52" hai3="" shuffle="mt19937ar,2F57DBA7,B0841D5A,3C6FCBBB,69716DD6,D00DF81A,F5E9E57A,AF164A6A,32B8360E"/><T33/><D33/><U45/><E32/><V102/><F34/><T111/><D68/><U92/><E72/><V74/><F74/><T2/><D2/><U125/><E110/><V71/><F108/><T37/><D111/><U38/><E118/><V47/><F0/><T3/><D3/><U114/><E106/><V105/><F71/><T35/><D35/><U49/><E125/><V113/><F126/><T62/><D124/><U65/><E97/><V116/><F116/><T96/><D119/><U67/><E93/><V61/><F113/><T83/><D135/><N who="2" m="51722" /><F105/><T107/><D107/><U100/><E38/><V103/><F61/><AGARI ba="0,0" hai="40,45,49,56,57,61,63,65,67,92,99,100,112,114" machi="61" ten="40,5200,0" yaku="9,1,52,2" doraHai="60" who="1" fromWho="2" sc="318,0,367,52,365,-52,0,0" /><INIT seed="5,0,0,0,3,59" ten="318,419,313,0" oya="1" hai0="32,129,135,128,1,65,107,53,88,57,73,133,80" hai1="106,121,105,48,82,112,33,46,61,114,83,70,113" hai2="117,120,123,127,60,96,104,79,63,52,47,37,119" hai3="" shuffle="mt19937ar,4D2A6637,AFE762E3,DCC6CA15,2E083C5C,CA5E03AC,AFE5265B,82B3EB6F,F5A188D8"/><U111/><N who="1" m="31008" /><U36/><E36/><V90/><N who="2" m="30752" /><V87/><N who="2" m="31520" /><V81/><F127/><T3/><D107/><N who="1" m="40971" /><E33/><V35/><F35/><T45/><D32/><U58/><E70/><V132/><F132/><T131/><D73/><U62/><E111/><V99/><F99/><T103/><D103/><U38/><E38/><V125/><F125/><T0/><D65/><U64/><E62/><V95/><F104/><T41/><D88/><U72/><E72/><V2/><F2/><T86/><D86/><U51/><E51/><V130/><F130/><T84/><D84/><U110/><E110/><V42/><REACH who="2" step="1"/><F52/><AGARI ba="0,0" hai="46,48,52,58,61,64,82,83,112,113,114" m="40971,31008" machi="52" ten="40,12000,1" yaku="15,1,52,2,54,1" doraHai="59" who="1" fromWho="2" sc="318,0,419,120,313,-120,0,0" /><INIT seed="5,1,0,1,1,35" ten="318,539,193,0" oya="1" hai0="131,108,65,128,77,105,82,130,84,134,106,67,75" hai1="41,112,107,117,119,45,55,2,51,53,76,61,89" hai2="57,93,38,40,48,104,73,66,32,120,81,42,44" hai3="" shuffle="mt19937ar,67E591FF,1A162F97,14563228,F15A065A,335994CC,F3FF5819,CEDDF638,D6683BB0"/><U99/><E2/><V129/><N who="2" m="30752" /><V124/><F32/><T54/><D108/><U122/><N who="1" m="31264" /><U109/><E109/><V72/><F104/><T114/><D65/><U111/><E111/><V97/><F129/><T34/><D67/><U118/><E112/><V56/><F124/><T37/><D37/><U79/><E89/><V115/><F115/><T68/><D68/><U121/><N who="1" m="31008" /><U39/><E61/><V135/><F135/><T1/><D1/><U116/><N who="1" m="29696" /><DORA hai="92" /><U83/><E39/><V90/><F42/><T71/><D71/><U74/><REACH who="1" step="1"/><E79/><REACH who="1" step="2"/><V3/><F3/><T47/><D114/><U94/><E94/><V133/><F133/><T69/><D34/><U70/><E70/><V101/><F38/><T49/><D69/><U91/><E91/><V98/><F66/><T96/><D134/><U78/><E78/><V43/><F81/><T80/><D82/><U85/><E85/><V95/><REACH who="2" step="1"/><F43/><REACH who="2" step="2"/><T126/><D106/><U52/><E52/><V123/><N who="2" m="31520" /><V132/><F132/><T59/><D105/><U64/><E64/><V127/><F127/><T103/><D126/><U113/><E113/><V86/><F86/><T36/><D84/><U87/><E87/><V110/><F110/><RYUUKYOKU ba="1,2" sc="318,-20,529,10,183,10,0,0" hai1="41,45,51,53,55,74,76,83,99,107" hai2="40,44,48,56,57,72,73,90,93,95,97,98,101" /><INIT seed="5,2,2,3,5,71" ten="298,539,193,0" oya="1" hai0="107,1,68,55,79,127,119,76,89,75,73,42,37" hai1="74,98,82,39,95,101,60,110,92,51,126,70,52" hai2="111,36,62,65,106,94,135,49,0,108,54,34,99" hai3="" shuffle="mt19937ar,B82E7D31,7420CD99,2057F9B0,00BE6EB1,454FD7B0,75C0B2C4,3B678F4E,396522C2"/><U121/><N who="1" m="31008" /><U35/><E39/><V44/><F34/><T113/><D1/><U61/><E35/><V116/><F0/><T122/><N who="0" m="31264" /><T128/><D107/><U45/><E110/><V59/><F116/><T118/><D68/><U88/><E126/><V43/><F106/><T115/><D55/><U83/><E74/><V64/><F135/><T134/><D42/><U48/><E48/><V53/><F53/><T96/><D37/><U97/><E70/><V47/><REACH who="2" step="1"/><F65/><REACH who="2" step="2"/><T87/><D134/><U91/><E101/><AGARI ba="2,3" hai="36,43,44,47,49,54,59,62,64,94,99,101,108,111" machi="101" ten="30,7700,0" yaku="1,1,2,1,7,1,52,1,53,0" doraHai="71" doraHaiUra="112" who="2" fromWho="1" sc="298,0,539,-81,183,111,0,0" /><INIT seed="6,0,0,1,1,58" ten="298,458,294,0" oya="2" hai0="86,94,43,33,64,39,82,69,0,32,95,46,100" hai1="113,119,134,112,130,1,71,96,114,47,68,63,67" hai2="105,109,41,126,72,80,36,104,124,87,75,40,131" hai3="" shuffle="mt19937ar,BD852A2F,09BB9BC8,A524716F,D193FE23,DDAC785D,7FED0219,E114F32F,EF924B96"/><V102/><F109/><T128/><D0/><U121/><N who="1" m="31008" /><U116/><E1/><V57/><F131/><T91/><D128/><U133/><E130/><V115/><F115/><T62/><REACH who="0" step="1"/><D100/><REACH who="0" step="2"/><U52/><E119/><V37/><F102/><T107/><D107/><N who="2" m="41034" /><F57/><T108/><D108/><U90/><E116/><V132/><F132/><T49/><D49/><U123/><E134/><V110/><F110/><T85/><D85/><U101/><E133/><V122/><N who="2" m="31264" /><V106/><N who="2" m="41042" /><V51/><DORA hai="88" /><F51/><T98/><D98/><U74/><E101/><V76/><F87/><T50/><D50/><U84/><E84/><V60/><F75/><T129/><D129/><U44/><E74/><V55/><F37/><T59/><D59/><U99/><E114/><V53/><F60/><T120/><N who="0" m="30752" /><T61/><D61/><U38/><E63/><V92/><F92/><AGARI ba="0,1" hai="32,33,39,43,46,62,64,69,82,86,91,92,94,95" m="30752" machi="92" ten="40,16000,3" yaku="1,1,52,5,53,2" doraHai="58,88" doraHaiUra="118,83" who="0" fromWho="2" sc="288,170,458,0,294,-160,0,0" owari="458,41,458,6,134,-47,0,0" /></mjloggm>