<mjloggm ver="2.3"><GO type="185"/><UN n0="%E5%8D%81%E5%85%AD%E5%A4%9C%E2%80%A0%E5%92%B2%E5%A4%9C" n1="%E6%84%9F%E8%AC%9D%E3%81%A7%E3%81%99" n2="%E7%A5%9E%E9%80%9F%E2%98%85%2E%63%6F%6D" n3="" dan="16,17,17,0" rate="2193,2195,2181,1500" sx="F,M,M,C"/><TAIKYOKU oya="0"/><INIT seed="0,0,0,2,3,126" ten="350,350,350,0" oya="0" hai0="53,89,68,33,59,113,100,79,112,108,37,94,50" hai1="97,125,56,82,118,90,3,120,75,93,51,87,133" hai2="43,83,134,72,55,121,39,40,76,70,64,65,124" hai3="" shuffle="mt19937ar,08EBC92F,86DA786D,ECA3A534,CDD36984,F1D443F6,6F02F122,EEC59CEE,22EA42DE"/><T135/><D33/><U103/><N who="1" m="30752" /><U32/><E32/><V47/><N who="2" m="31008" /><V46/><F124/><T105/><D68/><U116/><E3/><V78/><F134/><T95/><D37/><U99/><E125/><V96/><F70/><T62/><D135/><U102/><E133/><V45/><F76/><T52/><D79/><U69/><E69/><V123/><N who="2" m="31520" /><V58/><F96/><T129/><D108/><U67/><E75/><V80/><F80/><T91/><D105/><U66/><E66/><V131/><F131/><T49/><D100/><U119/><E51/><V92/><F92/><T110/><D110/><U44/><E44/><V77/><F77/><T1/><D1/><U88/><E56/><V42/><REACH who="2" step="1"/><F39/><REACH who="2" step="2"/><T34/><D34/><U98/><E67/><V36/><F36/><T57/><REACH who="0" step="1"/><D62/><AGARI ba="0,1" hai="40,42,43,45,46,47,55,58,62,64,65,72,78,83" m="31520,31008" machi="62" ten="40,8000,1" yaku="1,1,52,2,53,1" doraHai="126" doraHaiUra="54" who="2" fromWho="0" sc="350,-80,350,0,340,90,0,0" /><INIT seed="1,0,0,0,5,131" ten="270,350,430,0" oya="1" hai0="83,122,73,41,110,94,47,133,78,59,45,44,51" hai1="118,55,52,49,61,128,76,70,130,37,119,101,100" hai2="80,103,42,40,117,113,77,95,91,38,66,64,2" hai3="" shuffle="mt19937ar,218389C8,5D8BF673,FC87FE10,15E4E1A4,BBCD4ED8,8288B7BE,A7BE8426,DA1A40A8"/><U79/><E37/><V123/><F2/><T85/><N who="0" m="31264" /><T57/><D110/><U53/><E49/><V92/><N who="2" m="31520" /><V88/><F117/><N who="1" m="44553" /><E61/><V111/><F113/><T75/><D94/><U3/><E3/><V58/><F111/><T34/><D34/><U89/><E89/><V72/><F103/><N who="1" m="39497" /><E70/><V129/><F129/><AGARI ba="0,0" hai="52,53,55,76,79,128,129,130" m="39497,44553" machi="129" ten="40,12000,1" yaku="28,2,19,1,54,1" doraHai="131" who="1" fromWho="2" sc="270,0,350,120,430,-120,0,0" /><INIT seed="1,1,0,0,5,46" ten="270,470,310,0" oya="1" hai0="103,62,124,111,116,120,86,42,135,84,112,50,130" hai1="66,123,45,1,77,52,41,72,64,53,91,82,107" hai2="101,115,55,93,95,51,94,79,118,134,99,76,105" hai3="" shuffle="mt19937ar,0259BE26,2C918E41,21F5C64A,D1D3D5FC,7E5C8BBF,8B7C2855,0E365FFC,C05E2A74"/><U56/><N who="1" m="31520" /><U67/><E1/><V121/><N who="2" m="31008" /><V128/><F118/><T60/><N who="0" m="30752" /><T88/><D112/><U108/><E107/><V34/><F34/><T80/><D116/><U33/><E33/><V125/><F115/><T71/><D103/><U110/><E91/><V63/><F125/><T73/><D73/><U32/><E32/><V39/><F39/><T70/><D124/><U58/><E58/><V133/><F63/><T2/><D62/><U83/><E83/><V68/><F68/><T102/><D60/><U0/><E0/><V35/><F35/><T44/><D88/><U65/><N who="1" m="16384" /><DORA hai="98" /><U97/><E97/><V104/><F128/><T54/><D80/><U40/><E40/><V106/><F106/><T100/><D42/><U126/><E126/><V113/><F113/><T3/><D130/><U43/><E41/><V36/><F36/><T57/><D70/><U119/><E119/><V127/><F127/><T114/><D71/><U131/><E131/><V129/><F129/><T92/><D114/><U117/><E117/><V109/><F109/><N who="1" m="42089" /><E56/><V69/><F69/><T122/><D111/><U81/><E81/><V75/><F105/><T132/><D2/><U61/><E61/><V90/><F104/><RYUUKYOKU ba="1,0" sc="270,-10,470,20,310,-10,0,0" hai1="43,45,52,53,72,77,82" /><INIT seed="1,2,0,5,0,45" ten="260,490,300,0" oya="1" hai0="50,94,89,73,76,79,86,61,128,54,110,67,121" hai1="32,35,120,52,40,46,34,62,65,111,72,133,124" hai2="69,82,42,68,74,43,93,71,132,81,55,44,115" hai3="" shuffle="mt19937ar,47B14C1A,3EA375A2,7DB0089F,BF39757B,DAB39B30,9611A290,EF95CBED,AC778D5D"/><U112/><N who="1" m="30752" /><U102/><E112/><V92/><F115/><T91/><N who="0" m="31008" /><T103/><D110/><U47/><E72/><V98/><F132/><T113/><D113/><U2/><E2/><V87/><F74/><T125/><D125/><U80/><E133/><V122/><N who="2" m="31264" /><V36/><F43/><T127/><D127/><U70/><E124/><V38/><F38/><T130/><D103/><U88/><E111/><V33/><F33/><T135/><D135/><U126/><E102/><V97/><F87/><T100/><D100/><U3/><E126/><V64/><F64/><T57/><D91/><U134/><E134/><V84/><F55/><T107/><D107/><U114/><E114/><V56/><F56/><T58/><REACH who="0" step="1"/><D73/><REACH who="0" step="2"/><U60/><E3/><V99/><REACH who="2" step="1"/><F84/><REACH who="2" step="2"/><T49/><D49/><U66/><E34/><V106/><F106/><T77/><AGARI ba="2,2" hai="50,54,57,58,61,67,76,77,79,86,89,94,128,130" m="31008" machi="77" ten="30,5900,0" yaku="1,1,0,1,52,2,53,0" doraHai="45" doraHaiUra="39" who="0" fromWho="0" sc="250,83,490,-41,290,-22,0,0" /><INIT seed="2,0,0,2,0,82" ten="333,449,268,0" oya="2" hai0="111,32,92,114,83,1,107,60,37,50,67,96,34" hai1="74,101,93,66,45,121,119,95,33,133,55,65,59" hai2="47,91,75,63,97,3,68,38,80,126,44,112,85" hai3="" shuffle="mt19937ar,B311F5EB,32E41F4E,FECDBE77,576CD9C2,695C6617,340A7443,1B6F89D8,6522B652"/><V42/><F3/><T71/><D107/><U46/><N who="1" m="31008" /><U128/><E33/><V57/><F112/><T49/><D1/><U99/><E74/><V86/><F75/><T104/><D37/><U43/><E133/><V117/><F117/><T84/><D104/><U94/><E128/><V70/><F126/><T69/><D114/><U118/><E65/><V122/><N who="2" m="31264" /><V100/><F47/><T106/><D106/><U39/><E66/><V72/><F72/><T132/><D71/><U116/><REACH who="1" step="1"/><E46/><REACH who="1" step="2"/><V62/><F70/><T123/><D132/><U120/><N who="1" m="30752" /><U88/><E88/><V105/><F68/><T0/><D32/><U127/><E127/><V51/><F38/><T40/><D34/><U64/><E64/><V54/><F42/><T110/><D40/><U52/><E52/><V73/><F73/><T81/><D69/><U41/><E41/><V129/><F129/><T77/><D67/><U58/><E58/><V61/><F57/><T134/><D123/><U76/><E76/><V102/><F102/><T87/><D77/><U89/><E89/><V53/><F53/><T113/><D134/><U115/><E115/><V36/><F36/><T2/><D113/><U90/><E90/><V103/><F103/><RYUUKYOKU ba="0,1" sc="333,-20,439,10,268,10,0,0" hai1="39,43,45,55,59,93,94,95,99,101,116,118,119" hai2="44,51,54,61,62,63,80,85,86,91,97,100,105" /><INIT seed="2,1,1,1,4,104" ten="313,449,278,0" oya="2" hai0="107,128,58,90,55,61,92,39,46,97,117,77,103" hai1="110,135,80,87,72,81,47,115,78,69,53,66,1" hai2="59,88,63,112,43,51,44,37,131,38,119,122,67" hai3="" shuffle="mt19937ar,72C31E28,F57B3B04,83788497,30A7B219,556A1A7D,CB6E99DC,9DF32012,CAD175D5"/><V99/><N who="2" m="31264" /><V73/><F73/><T86/><D117/><U133/><E1/><V85/><F119/><T3/><D3/><U36/><E115/><V79/><F112/><T40/><D128/><U120/><N who="1" m="30752" /><U89/><E110/><V74/><F131/><T50/><REACH who="0" step="1"/><D77/><REACH who="0" step="2"/><U100/><E135/><V101/><F79/><T130/><D130/><U54/><E133/><V56/><F74/><T105/><D105/><U98/><E69/><V34/><F34/><T108/><D108/><U70/><E70/><V83/><F59/><T71/><D71/><U126/><E126/><V41/><F41/><T109/><D109/><U123/><N who="1" m="31520" /><U114/><E114/><V134/><F134/><T113/><D113/><U32/><E32/><V82/><F82/><T0/><D0/><U125/><E125/><V124/><F124/><T95/><D95/><AGARI ba="1,2" hai="37,38,43,44,51,56,63,67,83,85,88,95,99,101" m="31264" machi="95" ten="30,5800,0" yaku="7,1,52,1,54,1" doraHai="104" who="2" fromWho="0" sc="303,-60,449,0,278,80,0,0" /><INIT seed="2,2,0,2,4,70" ten="243,449,358,0" oya="2" hai0="50,63,89,73,105,79,109,84,37,134,40,102,90" hai1="104,32,114,82,78,97,33,80,53,36,64,76,39" hai2="120,126,75,56,48,69,41,119,122,72,113,83,81" hai3="" shuffle="mt19937ar,1312FAA1,5146C67C,22B53B7B,52403C0A,A3D47AE4,12AE88BE,9471000B,84A87D0E"/><V66/><N who="2" m="30752" /><V88/><N who="2" m="31264" /><V0/><F0/><T129/><D50/><U60/><E114/><V77/><F113/><T61/><D109/><U98/><E53/><V65/><F119/><T54/><D134/><U55/><E55/><V2/><F2/><T47/><D129/><U71/><E104/><V1/><F1/><T95/><D90/><U111/><E111/><V38/><F69/><T131/><D54/><U132/><E132/><V3/><F3/><T133/><D133/><U112/><E112/><V130/><F130/><T43/><D43/><U110/><E110/><V116/><F116/><T106/><D131/><U74/><E33/><V59/><F126/><T123/><N who="0" m="31520" /><T94/><D94/><U93/><E32/><V49/><F38/><T115/><D115/><U44/><E44/><V128/><F128/><T103/><D103/><U108/><E108/><V99/><F72/><T34/><D34/><U125/><E125/><V42/><F75/><T118/><D118/><U35/><E35/><V52/><F77/><T68/><D68/><U67/><E67/><V85/><F65/><T45/><D79/><U124/><E124/><V121/><N who="2" m="31008" /><V58/><F66/><T51/><D73/><U57/><E71/><RYUUKYOKU ba="2,0" sc="243,0,449,0,358,0,0,0" /><INIT seed="4,3,0,4,1,88" ten="243,449,358,0" oya="0" hai0="120,34,132,118,44,115,69,112,93,124,98,122,66" hai1="76,79,134,62,116,75,113,71,39,128,52,70,104" hai2="111,38,95,0,1,110,41,131,130,91,105,63,85" hai3="" shuffle="mt19937ar,FF17ADCF,221EF685,F1CAC5EE,BA971CB6,95A4FA49,0862621A,5AB14886,BB32AFE4"/><T51/><N who="0" m="30752" /><T37/><N who="0" m="31264" /><T82/><D34/><U67/><E79/><V84/><F105/><T33/><D33/><U42/><E76/><V35/><F35/><T109/><D37/><U72/><E72/><V127/><F127/><T56/><D118/><U53/><E75/><V50/><F38/><T96/><D69/><U126/><E104/><V2/><F63/><T80/><D124/><U58/><E116/><V103/><F103/><T90/><D132/><U106/><E106/><V121/><N who="2" m="31008" /><V65/><F65/><T107/><D109/><U87/><E87/><V46/><REACH who="2" step="1"/><F85/><REACH who="2" step="2"/><T49/><D107/><U45/><E126/><V133/><F133/><T123/><N who="0" m="31520" /><T60/><D98/><U89/><E134/><V114/><F114/><N who="0" m="43562" /><D51/><U99/><E113/><V108/><AGARI ba="3,1" hai="0,1,2,41,46,50,84,91,95,108,110,111,130,131" m="31008" machi="108" ten="40,6000,1" yaku="1,1,0,1,52,2,53,1" doraHai="88" doraHaiUra="47" who="2" fromWho="2" sc="243,-43,449,-23,348,76,0,0" /><INIT seed="5,0,0,5,0,67" ten="200,426,424,0" oya="1" hai0="113,88,34,79,120,51,130,58,115,85,103,121,69" hai1="56,126,42,118,32,119,108,124,46,101,102,36,70" hai2="77,54,39,68,33,44,59,82,62,106,47,0,125" hai3="" shuffle="mt19937ar,6C60805F,0BCFD8A9,4ACA9140,FE07960C,0078C1CA,B36A68D6,F6D115F1,EB5A8C0C"/><U96/><E32/><V50/><F33/><T37/><N who="0" m="30752" /><T97/><N who="0" m="31008" /><T133/><D34/><U57/><E108/><V89/><F0/><T73/><D37/><U71/><E96/><V112/><F106/><T86/><D133/><U117/><E57/><V100/><F100/><N who="1" m="38505" /><E56/><V128/><F128/><T104/><D130/><U110/><E110/><V2/><F2/><T53/><D69/><U75/><E75/><V43/><F68/><N who="1" m="26153" /><E118/><V80/><F59/><T95/><REACH who="0" step="1"/><D86/><REACH who="0" step="2"/><U127/><AGARI ba="0,1" hai="36,42,46,117,119,124,126,127" m="26153,38505" machi="127" ten="40,8000,1" yaku="18,1,52,3" doraHai="67" who="1" fromWho="1" sc="190,-40,426,90,424,-40,0,0" /><INIT seed="5,1,0,2,2,2" ten="150,516,384,0" oya="1" hai0="116,66,132,63,84,114,125,41,85,47,52,101,57" hai1="123,3,65,46,83,71,40,89,119,81,32,59,91" hai2="121,67,48,108,76,86,49,93,107,51,133,118,72" hai3="" shuffle="mt19937ar,5B129B01,44DD9A66,37A8A154,7930CEA8,6BE4241D,716E6EA3,2BB13D88,562ECC15"/><U43/><N who="1" m="31520" /><U55/><E3/><V109/><N who="2" m="31008" /><V58/><F107/><T95/><D114/><U37/><E119/><V78/><F118/><T87/><D116/><U50/><E40/><V88/><F133/><T75/><D132/><U134/><E134/><V61/><REACH who="2" step="1"/><F72/><REACH who="2" step="2"/><T100/><D75/><U42/><E42/><V102/><F102/><T103/><D125/><U33/><E91/><V128/><F128/><T127/><D127/><U126/><E126/><V99/><F99/><T56/><D41/><U64/><E89/><V44/><F44/><T106/><D106/><U62/><E64/><V35/><F35/><AGARI ba="1,1" hai="32,33,35,37,43,46,50,55,59,62,65,71,81,83" m="31520" machi="35" ten="40,18000,2" yaku="24,2,52,4" doraHai="2" who="1" fromWho="2" sc="150,0,516,192,374,-182,0,0" /><INIT seed="5,2,0,1,3,121" ten="150,708,192,0" oya="1" hai0="92,73,39,78,105,93,1,91,103,45,122,110,34" hai1="128,90,101,135,120,98,82,49,133,130,111,46,97" hai2="117,95,123,41,72,88,109,55,127,113,76,71,33" hai3="" shuffle="mt19937ar,C9AD489D,67B15CD3,867FB2EA,1C64DA84,70131DC1,AC385480,E799900F,00F2790D"/><U75/><N who="1" m="30752" /><U85/><E46/><V126/><N who="2" m="31520" /><V52/><F33/><T134/><N who="0" m="31264" /><T40/><D34/><U0/><E49/><V56/><F117/><T83/><D1/><U64/><E64/><V94/><F71/><T115/><D115/><U132/><E0/><V107/><F107/><T61/><D61/><U3/><E3/><V47/><F109/><T69/><D69/><U96/><E75/><V63/><F113/><T74/><D74/><U86/><E111/><V100/><F100/><T62/><D110/><U37/><E37/><V58/><F95/><T70/><D93/><U125/><E125/><V106/><F106/><T53/><D105/><U108/><E108/><V57/><F76/><T67/><D103/><U65/><E65/><V36/><F72/><T60/><D60/><U68/><E68/><V32/><F32/><T102/><D102/><U79/><E101/><V119/><F119/><T81/><D70/><U35/><E35/><V112/><F112/><T48/><D73/><U116/><E116/><V99/><F63/><T42/><D62/><U43/><E43/><V80/><F80/><AGARI ba="2,0" hai="79,80,82,85,86,90,96,97,98,128,130,132,133,135" m="30752" machi="80" ten="50,12000,1" yaku="20,1,34,3,52,1" doraHai="121" who="1" fromWho="2" sc="150,0,708,124,192,-124,0,0" /><INIT seed="5,3,0,2,4,118" ten="150,832,68,0" oya="1" hai0="71,33,62,52,103,113,133,34,131,61,32,119,111" hai1="122,130,74,35,91,60,1,102,115,110,123,109,127" hai2="116,124,41,73,87,106,45,85,56,68,70,82,92" hai3="" shuffle="mt19937ar,2340EF05,7C9DBA54,81756752,ECFBE8C6,B05DB45D,010A062B,B0299C4D,0ED7F15A"/><U67/><N who="1" m="31264" /><U83/><N who="1" m="31520" /><U72/><E1/><V88/><F116/><T46/><D119/><U36/><E35/><V37/><F106/><T54/><D111/><N who="1" m="42507" /><E36/><V126/><F73/><N who="1" m="28265" /><E130/><V48/><F37/><T125/><D131/><U40/><E40/><V97/><F87/><T2/><D2/><U96/><E127/><N who="2" m="48683" /><F56/><T0/><D125/><U44/><E44/><V134/><F134/><T90/><D133/><U55/><E55/><V120/><N who="2" m="30752" /><V101/><AGARI ba="3,0" hai="41,45,48,68,70,82,85,88,92,97,101" m="30752,48683" machi="101" ten="30,6000,1" yaku="4,1,18,1,52,2,54,1" doraHai="118" who="2" fromWho="2" sc="150,-23,832,-43,68,66,0,0" /><INIT seed="6,0,0,1,2,111" ten="127,789,134,0" oya="2" hai0="131,100,49,56,71,52,1,81,64,126,57,86,84" hai1="32,95,101,128,87,125,123,51,93,135,119,63,114" hai2="117,89,124,55,41,77,130,54,112,35,99,65,98" hai3="" shuffle="mt19937ar,0F0412D0,506E311E,1B436FC0,56C64FFE,766371D3,D7C9D3B1,80D7B3B2,049F569C"/><V134/><F35/><T78/><D1/><U46/><N who="1" m="31520" /><U50/><E32/><V0/><F0/><T94/><D131/><U107/><E128/><V61/><F130/><T127/><D71/><U43/><E135/><V69/><F134/><T121/><N who="0" m="31008" /><T66/><D57/><U129/><E129/><V74/><F117/><T85/><D100/><U3/><E3/><V62/><F124/><N who="0" m="47658" /><D94/><U76/><E125/><V73/><F112/><T70/><D70/><U113/><E114/><V118/><F118/><T80/><D80/><U38/><E113/><V92/><F99/><T60/><D60/><U68/><E63/><V33/><F33/><T116/><D116/><U37/><E37/><V133/><F133/><T109/><D109/><U42/><E42/><V82/><F41/><T103/><D103/><U2/><E119/><V83/><F62/><T105/><D105/><U115/><E43/><V48/><F48/><T97/><D97/><U104/><E51/><V36/><F36/><T122/><N who="0" m="31264" /><T53/><D53/><U102/><E50/><V34/><F34/><T108/><D108/><U67/><E38/><V110/><F110/><T72/><AGARI ba="0,0" hai="49,52,56,64,66,72,78,81,84,85,86" m="31264,47658,31008" machi="72" ten="30,5900,0" yaku="18,1,52,2,54,1" doraHai="111" who="0" fromWho="0" sc="127,59,789,-20,134,-39,0,0" owari="186,-21,769,71,95,-50,0,0" /></mjloggm>