<mjloggm ver="2.3"><GO type="225"/><UN n0="%E9%9B%81%E7%BA%8F" n1="%E3%82%AF%E3%83%AB%E3%83%AB%E2%98%86" n2="%23%37%34%E5%A4%A7%E6%B2%BB%E9%83%8E" n3="%E3%83%9C%E3%83%84" dan="16,16,16,16" rate="2063,2103,2089,2037" sx="M,F,M,M"/><TAIKYOKU oya="0"/><INIT seed="0,0,0,5,2,109" ten="250,250,250,250" oya="0" hai0="54,70,84,134,115,44,38,108,86,61,32,12,3" hai1="97,126,17,51,50,103,68,31,27,59,1,7,2" hai2="117,111,83,60,128,15,46,30,106,43,4,37,90" hai3="130,94,112,101,42,116,119,85,75,6,74,11,47" shuffle="mt19937ar,39CCA424,B9577003,3381F199,071CF3D5,8EE003FE,681D3487,8C70BB37,59D52EC1"/><T65/><D3/><U63/><E68/><V62/><F111/><W49/><G130/><T25/><D108/><U77/><E77/><V98/><F128/><W41/><G101/><T20/><D32/><U76/><E76/><V71/><F117/><W133/><G133/><T120/><D120/><U53/><E126/><V104/><F30/><W93/><G85/><T14/><D134/><U118/><E118/><V45/><F4/><W131/><G131/><T28/><D115/><U18/><E1/><V88/><F15/><W123/><G49/><T40/><D14/><U26/><E7/><V99/><F83/><W34/><G6/><T127/><D127/><U67/><E2/><V19/><F43/><W36/><G47/><T78/><D78/><U82/><E82/><V89/><F89/><W91/><G91/><T56/><REACH who="0" step="1"/><D12/><REACH who="0" step="2"/><U80/><E27/><V110/><F110/><W39/><G123/><T13/><D13/><U24/><E26/><V92/><F37/><W9/><G34/><T72/><D72/><U95/><E24/><V81/><F106/><W107/><G107/><T16/><D16/><U69/><E17/><V113/><F104/><W121/><G121/><T105/><D105/><U21/><E18/><V122/><F19/><W23/><G23/><T55/><D55/><U64/><E21/><V33/><F33/><W132/><G132/><T102/><D102/><U58/><E53/><V29/><F122/><W66/><G66/><T5/><D5/><U87/><E67/><V96/><F90/><W10/><G10/><T57/><D57/><U124/><E59/><RYUUKYOKU ba="0,1" sc="240,15,250,-15,250,-15,250,15" hai0="20,25,28,38,40,44,54,56,61,65,70,84,86" hai3="9,11,36,39,41,42,74,75,93,94,112,116,119" /><INIT seed="0,1,1,0,4,1" ten="255,235,235,265" oya="0" hai0="120,105,119,47,127,51,6,24,42,114,79,104,110" hai1="25,53,86,55,77,19,129,48,99,132,134,21,112" hai2="125,62,57,90,73,16,45,14,71,31,12,107,135" hai3="109,80,32,72,74,66,96,15,89,128,92,122,133" shuffle="mt19937ar,E9D03E47,1DC960BB,DACBC8D6,E4B4611C,B65B92BE,443C2A3B,653919E1,C2E300E2"/><T41/><D119/><U40/><E40/><V58/><F73/><W34/><G109/><T33/><D114/><U67/><E112/><V91/><F107/><W97/><G133/><N who="1" m="51306" /><E67/><V123/><F123/><W30/><G128/><T36/><D120/><U121/><E121/><V10/><F71/><W93/><G122/><T37/><D127/><U56/><E129/><V118/><F118/><W9/><G66/><T101/><D101/><U131/><E131/><V81/><F125/><W29/><G80/><T65/><D65/><U76/><E99/><V113/><F113/><W88/><G15/><T46/><D51/><N who="1" m="30783" /><E86/><V49/><F135/><W11/><AGARI ba="1,1" hai="9,11,29,30,32,34,72,74,88,89,92,93,96,97" machi="11" ten="25,6400,0" yaku="0,1,22,2,54,1" doraHai="1" who="3" fromWho="3" sc="255,-33,235,-17,235,-17,265,77" /><INIT seed="1,0,0,3,1,113" ten="222,218,218,342" oya="1" hai0="45,122,2,42,106,33,60,28,18,12,75,99,133" hai1="121,66,131,27,98,59,72,14,46,93,90,52,78" hai2="89,11,1,128,50,24,47,101,115,20,87,111,112" hai3="125,94,61,116,22,38,81,102,48,82,85,64,91" shuffle="mt19937ar,B45B9B09,53019AD5,B8F117D4,95F0126F,614606D0,E3389D90,B24D0DD3,29E4E20C"/><U63/><E121/><V9/><F111/><W130/><G38/><T23/><D122/><U97/><E131/><V108/><F108/><W95/><G130/><T35/><D75/><U65/><E97/><V76/><F76/><W39/><G39/><T57/><D2/><U105/><E105/><V3/><F101/><W54/><G125/><T25/><D133/><U13/><E72/><V84/><F128/><W37/><G37/><T32/><D106/><U73/><E73/><V129/><F129/><W8/><G8/><N who="2" m="3145" /><F3/><W68/><G22/><T83/><D83/><U117/><E78/><V5/><F5/><W26/><G26/><T119/><D99/><U109/><E109/><V62/><F62/><W16/><G16/><T34/><D34/><U31/><E117/><V51/><F1/><W114/><G116/><T15/><D119/><U80/><E80/><N who="2" m="49287" /><F87/><W70/><G70/><T124/><D124/><U96/><E96/><V30/><F47/><W74/><G114/><AGARI ba="0,0" hai="20,24,30,50,51,112,114,115" m="49287,3145" machi="114" ten="30,1000,0" yaku="11,1" doraHai="113" who="2" fromWho="3" sc="222,0,218,0,218,10,342,-10" /><INIT seed="2,0,0,0,2,28" ten="222,218,228,332" oya="2" hai0="16,103,24,61,64,124,112,135,49,125,81,98,10" hai1="83,99,43,38,33,31,41,132,40,21,105,111,47" hai2="108,5,134,115,87,95,20,78,18,114,127,48,63" hai3="113,117,101,69,22,110,84,131,86,94,44,123,67" shuffle="mt19937ar,25A34406,F766B9AE,FDBB4E2E,D6D77D6C,E53EF94F,FF9C5226,401AF6C3,ADA814A6"/><V92/><F134/><W128/><G123/><T71/><D112/><U29/><E132/><V2/><F127/><W58/><G69/><T107/><D135/><U109/><E83/><V122/><F122/><W50/><G113/><T70/><D70/><U100/><E21/><V53/><F63/><N who="3" m="38391" /><G110/><N who="1" m="41994" /><E29/><V74/><F74/><W66/><G66/><T106/><D106/><U120/><E120/><V35/><F108/><W96/><G22/><T102/><D102/><U133/><E133/><V80/><F35/><W34/><G34/><T93/><D93/><U129/><E129/><N who="3" m="49738" /><G117/><T8/><D49/><U3/><E3/><V36/><F2/><W118/><G118/><T14/><D8/><U75/><E75/><V65/><F115/><W60/><G60/><T79/><REACH who="0" step="1"/><D24/><AGARI ba="0,0" hai="24,31,33,38,40,41,43,47,99,100,105" m="41994" machi="24" ten="30,2000,0" yaku="14,1,52,1" doraHai="28" who="1" fromWho="0" sc="222,-20,218,20,228,0,332,0" /><INIT seed="3,0,0,5,0,110" ten="202,238,228,332" oya="3" hai0="37,20,24,22,95,75,2,131,59,100,42,35,14" hai1="1,121,50,116,4,109,80,128,60,76,39,120,23" hai2="122,117,132,111,133,40,92,11,3,65,134,46,61" hai3="9,84,36,34,27,57,88,12,112,67,53,130,74" shuffle="mt19937ar,4D05CDBF,885B8F73,E308D2FD,051BFC81,F2EA72E2,B4E3E726,55AE3C10,EEC342E3"/><W89/><G74/><T30/><D75/><U125/><E39/><V66/><F111/><W38/><G112/><T119/><D119/><U32/><E32/><V45/><F117/><W101/><G67/><T26/><D2/><U106/><E106/><V43/><F92/><W19/><G101/><T83/><D131/><U105/><E105/><V47/><F3/><W6/><G89/><T41/><D83/><U52/><E109/><V44/><F11/><W104/><G104/><T94/><D37/><U87/><E116/><V5/><F5/><W77/><G77/><T54/><D35/><U85/><E60/><V82/><F82/><W31/><G19/><T98/><D14/><U78/><E128/><V127/><F127/><W114/><G114/><T0/><D0/><U70/><E70/><N who="2" m="42287" /><F66/><W102/><G102/><T13/><D13/><U63/><E1/><V99/><F99/><W72/><G72/><T91/><D95/><U8/><E80/><V79/><F79/><W71/><G71/><T48/><REACH who="0" step="1"/><D100/><REACH who="0" step="2"/><U68/><E121/><V17/><F122/><W51/><G130/><T64/><D64/><U129/><E120/><V124/><F124/><W113/><G113/><T135/><D135/><U86/><E125/><V28/><F28/><AGARI ba="0,1" hai="20,22,24,26,28,30,41,42,48,54,59,91,94,98" machi="28" ten="30,7700,0" yaku="1,1,7,1,9,1,8,1,53,0" doraHai="110" doraHaiUra="108" who="0" fromWho="2" sc="192,87,238,0,228,-77,332,0" owari="279,3,238,-11,151,-25,332,33" /></mjloggm>