<mjloggm ver="2.3"><GO type="225"/><UN n0="%EF%BC%88%EF%BC%8A%EF%BC%9E%EF%BC%9C%EF%BC%89" n1="%E3%83%9A%E3%83%AD%E3%81%A1%E3%82%83%E3%82%93" n2="%E3%81%91%E3%82%93%E3%81%9F%E3%82%8D%E3%81%86" n3="%E5%88%BB%E5%AD%90%E5%B8%82%E6%B0%91" dan="17,16,16,17" rate="2201,2051,2085,2122" sx="F,M,M,M"/><TAIKYOKU oya="0"/><INIT seed="0,0,0,0,3,100" ten="250,250,250,250" oya="0" hai0="8,60,132,15,37,125,77,120,43,112,72,9,85" hai1="93,135,49,108,42,53,71,12,26,134,65,91,44" hai2="1,24,101,118,20,88,55,74,87,27,18,47,130" hai3="35,31,61,54,99,83,123,46,11,75,89,70,3" shuffle="mt19937ar,AB2F6B0C,8570BC83,4C7BABC2,60522816,0733FD8E,DBE525C5,239D3F7B,764A797F"/><T19/><D72/><U68/><E26/><V105/><F74/><W133/><G75/><T114/><D120/><U48/><E12/><V86/><F1/><W129/><G31/><T98/><D125/><U69/><E93/><V10/><F130/><W52/><G70/><T17/><D43/><U110/><E91/><V79/><F118/><W111/><G61/><T92/><D37/><U109/><E65/><V13/><F79/><W51/><G35/><T5/><D132/><U94/><E94/><V131/><F131/><W4/><G129/><T32/><D32/><U22/><E22/><V45/><F86/><W76/><G76/><T21/><D60/><U41/><E41/><V102/><F27/><W121/><G133/><T16/><D9/><U59/><AGARI ba="0,0" hai="42,44,48,49,53,59,68,69,71,108,109,110,134,135" machi="59" ten="40,8000,1" yaku="0,1,14,1,34,3" doraHai="100" who="1" fromWho="1" sc="250,-40,250,80,250,-20,250,-20" /><INIT seed="1,0,0,4,2,82" ten="210,330,230,230" oya="1" hai0="132,65,34,25,79,100,107,105,41,54,31,135,81" hai1="8,71,103,78,7,128,92,62,36,126,94,68,50" hai2="35,95,48,47,28,114,57,15,0,115,53,119,80" hai3="14,121,61,116,24,125,18,46,129,112,10,88,64" shuffle="mt19937ar,F3BD12F0,16E4F030,08507E6B,BCF8823E,603A191A,8BA5EE4A,ABD97DF1,27C78CBF"/><U29/><E126/><V44/><F119/><W72/><G72/><T123/><D123/><U33/><E36/><V6/><F0/><W69/><G121/><T55/><D41/><U77/><E128/><V52/><F80/><W56/><G112/><N who="2" m="43049" /><F95/><W13/><G129/><T19/><D19/><U5/><E50/><N who="2" m="30871" /><F35/><W87/><G69/><T4/><D4/><U9/><E62/><V30/><F47/><W26/><G125/><T58/><D105/><U21/><E33/><V97/><F97/><W67/><G116/><T91/><D107/><U85/><E29/><V70/><F70/><W23/><G46/><T110/><D100/><U93/><E21/><V37/><F37/><W117/><G67/><T59/><D65/><U96/><E71/><V74/><F74/><W40/><G40/><T39/><D39/><U118/><E68/><V104/><F104/><W2/><G2/><T83/><D83/><U38/><E38/><V27/><F27/><W84/><G117/><T60/><D79/><U108/><E118/><V51/><F51/><W90/><G26/><T98/><D98/><U66/><E96/><V109/><F109/><W45/><G45/><T12/><D110/><U32/><E108/><V3/><F3/><W20/><G20/><T130/><D130/><U102/><E32/><V42/><F42/><W122/><G122/><T89/><D12/><N who="3" m="4713" /><G10/><AGARI ba="0,0" hai="6,10,15,28,30,44,48,53" m="30871,43049" machi="10" ten="30,2000,0" yaku="11,1,54,1" doraHai="82" who="2" fromWho="3" sc="210,0,330,0,230,20,230,-20" /><INIT seed="2,0,0,5,5,44" ten="210,330,250,210" oya="2" hai0="15,125,36,40,75,67,130,18,65,56,80,68,71" hai1="33,12,112,72,17,93,131,23,11,9,5,76,100" hai2="22,88,108,43,83,57,119,66,70,113,91,3,52" hai3="58,101,25,79,10,28,37,6,126,49,59,127,73" shuffle="mt19937ar,196BA244,33859003,5DEFB2B5,914A4CAE,4C0B3074,61C97E05,86773938,417F1B06"/><V116/><F113/><W64/><G37/><T134/><D134/><U31/><E112/><V77/><F3/><W110/><G110/><T87/><D75/><U62/><E131/><V111/><F43/><W99/><G79/><T89/><D125/><U115/><E115/><V32/><F32/><W53/><G73/><T104/><D104/><U117/><E117/><N who="2" m="45131" /><F66/><W96/><G64/><T69/><D130/><U50/><E62/><N who="2" m="36135" /><F22/><W132/><G132/><T27/><D40/><U82/><E33/><V95/><F70/><W47/><G126/><T38/><D27/><U24/><E100/><V103/><F103/><W129/><G127/><T2/><D2/><U41/><E93/><V133/><F95/><W90/><G90/><T135/><D135/><U106/><E106/><V30/><F30/><W20/><G129/><T84/><D67/><U124/><E124/><V74/><F133/><W109/><G109/><AGARI ba="0,0" hai="74,77,83,88,91,108,109,111" m="36135,45131" machi="109" ten="30,11600,0" yaku="14,1,10,1,54,2" doraHai="44" who="2" fromWho="3" sc="210,0,330,0,250,116,210,-116" /><INIT seed="2,1,0,2,3,44" ten="210,330,366,94" oya="2" hai0="11,66,72,84,98,32,91,27,7,129,110,34,121" hai1="28,89,0,30,18,135,99,83,71,113,29,119,77" hai2="8,16,93,63,26,33,90,50,59,23,116,13,80" hai3="38,42,123,67,127,107,85,73,48,55,64,4,132" shuffle="mt19937ar,A3002356,D12CC921,4503676E,BD67D723,A7A9986E,924D8101,BE1F9380,67273269"/><V131/><F116/><W6/><G73/><T49/><D72/><U81/><E119/><V70/><F131/><W65/><G107/><T20/><D121/><U130/><E71/><V86/><F33/><W120/><G123/><T109/><D66/><U52/><E130/><V128/><F128/><W87/><G120/><T105/><D129/><U75/><E113/><V115/><F70/><W58/><G127/><T133/><D133/><U111/><E0/><V122/><F122/><W88/><G132/><T104/><D98/><U95/><E135/><V82/><F115/><W12/><G38/><T69/><D69/><U126/><E126/><V24/><F50/><N who="3" m="31095" /><G12/><T40/><D104/><U1/><E1/><V79/><F79/><W43/><G87/><T47/><D105/><U3/><E3/><V118/><F118/><W124/><G124/><T78/><D78/><U57/><E111/><N who="0" m="42505" /><D11/><U15/><E83/><N who="2" m="31787" /><F8/><W92/><G42/><T60/><D60/><U10/><REACH who="1" step="1"/><E30/><REACH who="1" step="2"/><V76/><F76/><W125/><G125/><T117/><D117/><U62/><AGARI ba="1,1" hai="10,15,18,28,29,52,57,62,75,77,81,89,95,99" machi="62" ten="20,8000,1" yaku="1,1,2,1,0,1,7,1,54,1,53,0" doraHai="44" doraHaiUra="108" who="1" fromWho="1" sc="210,-21,320,93,366,-41,94,-21" /><INIT seed="3,0,0,4,4,119" ten="189,413,325,73" oya="3" hai0="135,128,125,85,92,98,101,37,20,10,72,124,49" hai1="80,63,95,100,54,32,130,67,47,117,34,76,40" hai2="109,42,38,17,88,83,23,22,5,86,115,123,131" hai3="111,113,81,8,71,62,75,99,121,55,12,116,53" shuffle="mt19937ar,0521A8CE,DF04CB84,FFD1986C,C534D907,5C0D5863,64F045D9,BB444D0A,2E08F9F0"/><W69/><G116/><T84/><D37/><U51/><E117/><V120/><F115/><W27/><G113/><T44/><D72/><U64/><E130/><V132/><F131/><W24/><G99/><T4/><D128/><U61/><E34/><V122/><F109/><W112/><G112/><T74/><D74/><U107/><E107/><V126/><F126/><N who="0" m="48746" /><D20/><N who="2" m="7722" /><F5/><W60/><G111/><T106/><D106/><U96/><E32/><V26/><F132/><W46/><G75/><T35/><D35/><U66/><E40/><V118/><F118/><W14/><G81/><T43/><D135/><U70/><E63/><V36/><F42/><W82/><G82/><T73/><D73/><AGARI ba="0,0" hai="47,51,54,61,64,66,67,70,73,76,80,95,96,100" machi="73" ten="30,1000,0" yaku="7,1" doraHai="119" who="1" fromWho="0" sc="189,-10,413,10,325,0,73,0" owari="179,-17,423,42,325,8,73,-33" /></mjloggm>