<mjloggm ver="2.3"><GO type="225"/><UN n0="%E3%83%A0%E3%82%AF%E3%83%81%E3%83%A5%E3%83%B3" n1="%6B%6F%67%65%70%61%6E" n2="%E7%90%86%E6%83%B3%E9%9B%80%E5%A3%AB" n3="%E2%98%85%E3%83%A6%E3%83%94%E3%83%86%E3%83%AB%E2%98%85" dan="16,16,16,17" rate="2040,2055,2017,2080" sx="M,M,M,M"/><TAIKYOKU oya="0"/><INIT seed="0,0,0,2,4,7" ten="250,250,250,250" oya="0" hai0="39,86,85,107,106,2,26,130,112,21,37,100,43" hai1="50,93,38,94,135,8,123,97,128,126,82,115,41" hai2="120,3,78,89,88,131,77,113,70,4,17,95,23" hai3="67,28,1,132,13,101,134,33,102,18,52,87,51" shuffle="mt19937ar,503DA4ED,812D5768,0C594DCE,3E9D4AE9,D9741025,9313633B,FB0D96D5,2F94A0DD"/><T92/><D2/><U0/><E123/><V14/><F120/><W114/><G1/><T129/><D112/><U32/><E32/><V15/><F113/><W58/><G114/><T55/><D55/><U66/><E115/><V19/><F70/><W47/><G33/><T99/><D85/><U36/><E66/><V90/><F131/><N who="0" m="50186" /><D43/><U57/><E82/><V72/><F72/><W40/><G28/><T73/><D73/><U110/><E110/><V27/><F3/><W68/><G87/><T6/><D6/><U29/><E29/><V16/><F4/><W24/><G24/><T31/><D86/><U35/><E35/><V118/><F118/><W98/><G67/><T54/><D54/><U74/><E74/><V103/><F103/><W125/><G125/><T83/><D83/><U104/><E126/><V80/><F95/><W46/><G68/><T44/><D44/><U111/><E94/><V127/><F127/><W119/><G46/><T25/><D25/><U96/><E93/><V9/><F80/><W64/><G64/><T117/><D117/><U10/><E0/><V65/><F65/><W53/><G53/><T75/><D75/><U133/><E128/><V11/><AGARI ba="0,0" hai="9,11,14,15,16,17,19,23,27,77,78,88,89,90" machi="11" ten="30,12000,2" yaku="0,1,9,1,8,1,52,2,54,2" doraHai="7" who="2" fromWho="2" sc="250,-60,250,-30,250,120,250,-30" /><INIT seed="1,0,0,5,5,88" ten="190,220,370,220" oya="1" hai0="19,22,71,59,128,106,99,115,31,79,13,111,67" hai1="58,54,47,7,10,80,0,123,132,112,81,75,109" hai2="70,82,34,121,39,14,113,63,11,61,38,98,50" hai3="24,18,46,134,100,119,4,2,26,89,125,62,97" shuffle="mt19937ar,FFC6800D,5310BFB5,07EEC039,07FA181E,9C7B8520,6F6242DD,B51E7089,CBC67A41"/><U76/><E112/><V45/><F121/><W93/><G119/><T83/><D115/><U53/><E123/><V104/><F113/><W129/><G125/><T15/><D71/><U105/><E105/><V40/><F34/><W103/><G129/><T126/><D128/><U86/><E132/><V84/><F98/><W43/><G134/><T57/><D31/><U9/><E109/><V49/><F104/><W5/><G62/><T66/><D126/><U27/><E27/><V44/><F38/><W33/><G33/><T94/><D106/><U77/><E9/><V130/><F70/><W101/><G2/><T135/><D111/><U131/><E131/><V124/><F39/><W78/><G78/><T3/><D3/><U55/><REACH who="1" step="1"/><E47/><REACH who="1" step="2"/><V23/><F11/><W42/><G46/><T64/><D135/><U116/><E116/><V17/><F124/><W52/><G24/><T1/><D1/><U110/><E110/><V95/><F130/><W37/><G37/><T107/><D107/><U102/><E102/><V12/><F45/><W51/><G26/><T56/><D13/><U28/><E28/><V92/><F14/><W118/><G118/><T65/><N who="0" m="16384" /><DORA hai="35" /><T85/><REACH who="0" step="1"/><D56/><AGARI ba="0,1" hai="0,7,10,53,54,55,56,58,75,76,77,80,81,86" machi="56" ten="40,3900,0" yaku="1,1,52,1,53,0" doraHai="88,35" doraHaiUra="127,117" who="1" fromWho="0" sc="190,-39,210,49,370,0,220,0" /><INIT seed="1,1,0,0,2,42" ten="151,259,370,220" oya="1" hai0="67,30,12,21,18,87,119,104,72,22,107,66,89" hai1="26,118,122,133,124,37,45,47,86,70,106,85,95" hai2="103,131,117,76,94,60,61,79,23,88,29,71,108" hai3="52,135,6,65,127,63,92,54,20,120,24,112,13" shuffle="mt19937ar,43CFC623,57AD00FD,96ACE256,DD78449C,DDBADAA7,8B70D823,7D85DF3D,0664C38E"/><U56/><E118/><V110/><F117/><W17/><G120/><T84/><D72/><U69/><E122/><V35/><F35/><W91/><G112/><T11/><D119/><U73/><E106/><V33/><F33/><W43/><G127/><T68/><D104/><U132/><E73/><V46/><F103/><W113/><G135/><N who="1" m="51786" /><E124/><V41/><F131/><W1/><G113/><T9/><D107/><U102/><E37/><V105/><F105/><W93/><G1/><T78/><D68/><N who="1" m="26219" /><E56/><V4/><F4/><W28/><G43/><T130/><D130/><U80/><E26/><N who="2" m="16607" /><F79/><W129/><G6/><T98/><D78/><N who="1" m="46231" /><E86/><N who="2" m="52503" /><F76/><W81/><G129/><T14/><D98/><AGARI ba="1,0" hai="45,47,95,98,102" m="46231,26219,51786" machi="98" ten="30,5800,0" yaku="20,1,52,2" doraHai="42" who="1" fromWho="0" sc="151,-61,259,61,370,0,220,0" /><INIT seed="1,2,0,4,5,120" ten="90,320,370,220" oya="1" hai0="95,121,55,39,118,81,24,29,125,41,96,25,106" hai1="52,43,42,30,50,23,67,58,28,123,36,35,113" hai2="98,71,89,34,107,76,20,46,87,109,94,73,38" hai3="6,126,135,10,74,122,56,133,44,49,61,92,68" shuffle="mt19937ar,7BD92D0B,2C77BB46,EBA52EAA,DA902888,DA5277FE,4D345E5E,34DE665E,97B61AC9"/><U97/><E123/><V12/><F34/><W85/><G74/><T108/><D106/><U93/><E113/><V105/><F71/><W3/><G122/><T117/><D121/><U63/><E35/><V116/><F116/><W131/><G68/><T33/><D125/><U0/><E0/><V27/><F12/><W99/><G126/><T130/><D130/><U1/><E1/><V124/><F124/><W72/><G72/><T37/><D81/><U15/><E36/><V65/><F65/><W88/><G131/><T115/><D115/><U51/><E51/><V80/><F107/><W70/><G70/><T21/><D55/><U5/><E5/><V103/><F46/><W54/><REACH who="3" step="1"/><G99/><REACH who="3" step="2"/><T86/><D117/><U9/><E9/><V59/><F98/><W60/><G60/><T16/><D118/><U128/><E128/><V22/><F73/><W2/><G2/><T8/><D96/><U100/><E30/><V14/><F105/><W119/><G119/><T17/><D29/><U69/><REACH who="1" step="1"/><E28/><REACH who="1" step="2"/><N who="2" m="17511" /><F38/><W40/><AGARI ba="2,2" hai="3,6,10,40,44,49,54,56,61,85,88,92,133,135" machi="40" ten="30,4000,0" yaku="1,1,0,1,54,1,53,0" doraHai="120" doraHaiUra="104" who="3" fromWho="3" sc="90,-12,310,-22,370,-12,210,66" /><INIT seed="2,0,0,2,4,98" ten="78,288,358,276" oya="2" hai0="84,114,79,97,87,41,70,134,92,55,90,101,2" hai1="86,20,85,15,46,105,96,126,30,116,66,58,71" hai2="3,133,59,91,78,72,34,117,77,47,125,43,48" hai3="76,63,94,33,54,104,29,10,65,129,23,57,124" shuffle="mt19937ar,A8F86239,A3C12EB4,0AFC8DF9,35114941,5F7E3B76,740E9604,8EDD010E,3E5922B5"/><V9/><F117/><W49/><G104/><N who="0" m="63535" /><D70/><U32/><E116/><V14/><F34/><W130/><G124/><T45/><D55/><U80/><E71/><V18/><F125/><W19/><G76/><T25/><D25/><U24/><E126/><V52/><F133/><W135/><G135/><T8/><D45/><U38/><E66/><V89/><F3/><W11/><G33/><T31/><D8/><U4/><E58/><V39/><REACH who="2" step="1"/><F77/><REACH who="2" step="2"/><W95/><G130/><T127/><D2/><U16/><E32/><V12/><F12/><W64/><G129/><T83/><D127/><U56/><E15/><V132/><F132/><W61/><G29/><T53/><D31/><U73/><E30/><V102/><F102/><W5/><G5/><T81/><D134/><U128/><E4/><V6/><F6/><W110/><G110/><T112/><D112/><U68/><E128/><V107/><F107/><W119/><G119/><T50/><D114/><U21/><E105/><V93/><F93/><W13/><G95/><T37/><D92/><U69/><E80/><AGARI ba="0,1" hai="9,14,18,39,43,47,48,52,59,72,78,80,89,91" machi="80" ten="40,3900,0" yaku="1,1,54,1,53,0" doraHai="98" doraHaiUra="35" who="2" fromWho="1" sc="78,0,288,-39,348,49,276,0" /><INIT seed="2,1,0,1,3,52" ten="78,249,397,276" oya="2" hai0="3,129,31,87,61,105,73,104,121,111,17,128,8" hai1="40,28,81,6,23,64,133,82,90,103,38,54,88" hai2="114,44,13,26,123,63,11,127,2,94,110,86,84" hai3="33,35,49,117,57,109,45,119,79,95,36,37,131" shuffle="mt19937ar,5999AB0F,0A9BD8C7,B420AC28,31D03371,7F7B2187,104AF37B,58F1C32F,FC3C4008"/><V113/><F123/><W41/><G109/><T100/><D73/><U55/><E133/><V16/><F2/><W50/><G79/><T29/><D121/><U53/><E103/><V10/><F127/><W9/><G9/><T70/><D111/><U125/><E125/><V58/><F110/><W30/><G95/><T76/><D87/><U1/><E1/><V12/><F26/><W4/><G4/><T0/><D76/><U39/><E6/><V59/><F44/><W27/><G33/><T21/><D100/><U46/><E64/><V71/><F71/><W18/><G18/><T85/><D85/><U75/><E39/><V7/><F113/><W19/><G19/><T25/><D61/><U32/><E32/><V47/><F114/><W60/><G131/><T74/><D74/><U42/><E75/><V15/><F47/><W77/><G77/><T43/><D43/><N who="1" m="16427" /><E46/><V135/><F135/><W20/><G35/><T97/><D70/><U130/><E38/><V83/><F63/><W106/><G106/><T67/><D104/><U89/><E130/><V48/><F48/><W24/><G24/><AGARI ba="1,0" hai="23,24,28,53,54,55,81,82,88,89,90" m="16427" machi="24" ten="40,2600,0" yaku="8,1,54,1" doraHai="52" who="1" fromWho="3" sc="78,0,249,29,397,0,276,-29" /><INIT seed="3,0,0,4,1,50" ten="78,278,397,247" oya="3" hai0="47,32,111,73,102,33,105,76,100,77,9,106,83" hai1="85,112,65,110,45,8,101,70,42,109,62,3,71" hai2="41,59,72,44,107,86,103,124,91,69,4,38,53" hai3="80,57,128,6,21,122,134,66,54,43,27,24,12" shuffle="mt19937ar,42473C6C,FF770788,8E42B07D,478A49F9,13A82B8B,35BDDF7F,C6D22BD6,9819B29E"/><W5/><G122/><T23/><D23/><U121/><E121/><V60/><F72/><W7/><G128/><T55/><D9/><U39/><E112/><V20/><F4/><W52/><G134/><T14/><D14/><U95/><E71/><V89/><F124/><W63/><G43/><T75/><D47/><U74/><E74/><V129/><F129/><W28/><G24/><T40/><D40/><U132/><E132/><V10/><F10/><W78/><REACH who="3" step="1"/><G12/><REACH who="3" step="2"/><T116/><D116/><U61/><E3/><V135/><F41/><W79/><G79/><T51/><D111/><U99/><E8/><V48/><F135/><W87/><AGARI ba="0,1" hai="5,6,7,21,27,28,52,54,57,63,66,78,80,87" machi="87" ten="30,18000,2" yaku="1,1,0,1,8,1,52,2,54,1,53,1" doraHai="50" doraHaiUra="82" who="3" fromWho="3" sc="78,-60,278,-60,397,-60,237,190" owari="18,-38,218,-13,337,9,427,42" /></mjloggm>