<mjloggm ver="2.3"><GO type="225"/><UN n0="%E9%95%B7%E5%B2%A1%E5%A4%A7%E6%98%8E%E7%A5%9E" n1="%E5%B1%B1%E5%B9%B8%E5%95%86%E5%BA%97" n2="%E3%81%B5%E3%82%8B%E3%81%AD%E3%81%93%40%E4%BD%95%E5%88%87%E3%82%8B" n3="%E5%88%BB%E5%AD%90%E5%B8%82%E6%B0%91" dan="16,17,16,17" rate="2061,2154,2054,2126" sx="F,M,M,M"/><TAIKYOKU oya="0"/><INIT seed="0,0,0,1,3,99" ten="250,250,250,250" oya="0" hai0="57,64,93,19,124,17,36,91,88,108,75,43,128" hai1="90,67,120,102,116,106,135,113,49,3,1,51,34" hai2="56,32,112,77,28,12,23,107,81,46,52,95,111" hai3="47,94,123,48,125,60,86,82,18,76,41,10,83" shuffle="mt19937ar,B5847F51,CBB70742,6DC014DC,9914B114,451ED2AE,2128C730,7B02F989,81DBF009"/><T79/><D128/><U53/><E116/><V13/><F107/><W40/><G125/><T37/><D124/><U68/><E120/><V14/><F32/><W71/><G123/><T29/><D29/><U33/><E113/><V133/><F112/><W101/><G71/><T130/><D130/><U69/><E90/><V9/><F133/><W39/><G60/><T85/><D108/><U61/><E135/><V24/><F46/><W80/><G41/><T15/><D19/><U42/><E69/><V38/><F38/><W114/><G39/><T72/><D72/><U92/><E92/><V65/><F65/><W127/><G127/><T104/><D104/><U89/><E89/><V20/><F20/><W78/><G114/><T27/><D27/><U117/><E117/><V11/><F95/><W50/><G50/><T109/><D109/><U26/><E34/><V121/><F121/><W129/><G129/><T66/><D43/><U22/><E22/><V103/><F103/><W54/><G40/><T30/><D30/><N who="1" m="19671" /><E42/><V44/><F44/><W97/><REACH who="3" step="1"/><G86/><REACH who="3" step="2"/><T31/><D37/><U16/><E51/><N who="2" m="30751" /><F111/><W96/><G96/><T122/><D36/><U45/><E49/><V98/><F98/><W21/><G21/><T119/><D122/><U70/><E68/><V132/><F132/><W118/><G118/><T62/><D119/><U63/><E61/><V74/><F74/><W5/><G5/><T126/><D62/><U73/><E73/><V58/><F58/><W35/><G35/><T100/><D126/><U84/><E63/><V25/><F25/><W105/><G105/><RYUUKYOKU ba="0,1" sc="250,-15,250,-15,250,15,240,15" hai2="9,11,12,13,14,23,24,28,77,81" hai3="10,18,47,48,54,76,78,80,82,83,94,97,101" /><INIT seed="1,1,1,0,4,29" ten="235,235,265,255" oya="1" hai0="0,44,34,43,30,52,68,18,134,22,26,113,71" hai1="96,72,103,81,132,86,8,120,6,122,55,129,78" hai2="36,23,79,101,57,61,67,73,112,123,16,20,110" hai3="60,64,7,47,10,46,94,91,108,115,127,33,118" shuffle="mt19937ar,5FC0EE24,77350289,4C10CE75,03B3DE69,EF22188D,EE14C20C,4F5F52F3,423E0748"/><U45/><E132/><V76/><F36/><W69/><G115/><T90/><D113/><U89/><E129/><V93/><F123/><W51/><G118/><T37/><D134/><U15/><E55/><V121/><F121/><W3/><G108/><T116/><D116/><U14/><E14/><V31/><F112/><W24/><G127/><T92/><D0/><U80/><REACH who="1" step="1"/><E45/><REACH who="1" step="2"/><V25/><F110/><W19/><G47/><T88/><D52/><U50/><E50/><V65/><F65/><W54/><G54/><T1/><D1/><U58/><E58/><V119/><F119/><W21/><G51/><T9/><D71/><U111/><E111/><V32/><F73/><W48/><G48/><T11/><D68/><U63/><E63/><V62/><F61/><W39/><G46/><T128/><D128/><U124/><E124/><V135/><F135/><W5/><G39/><T95/><D95/><AGARI ba="1,2" hai="6,8,15,72,78,80,81,86,89,95,96,103,120,122" machi="95" ten="30,2900,0" yaku="1,1,7,1,53,0" doraHai="29" doraHaiUra="49" who="1" fromWho="0" sc="235,-32,225,52,265,0,255,0" /><INIT seed="1,2,0,5,2,35" ten="203,277,265,255" oya="1" hai0="32,64,3,27,96,37,101,31,113,98,65,57,73" hai1="116,53,119,128,86,47,80,43,44,21,9,60,12" hai2="68,46,104,83,10,103,22,15,16,61,14,89,48" hai3="50,115,69,30,2,33,75,55,5,106,82,127,38" shuffle="mt19937ar,3B924161,483EEA40,E5107466,2F1D2FA8,3848C367,BF79C6C6,66EA87DB,725BBFDB"/><U121/><E121/><V58/><F68/><W77/><G55/><T79/><D37/><U108/><E128/><V97/><F83/><W109/><G50/><T107/><D113/><U99/><E99/><V51/><F89/><W63/><G115/><T133/><D133/><U70/><E21/><V18/><REACH who="2" step="1"/><F46/><REACH who="2" step="2"/><W25/><G109/><T6/><D96/><U67/><E108/><V87/><F87/><W36/><G127/><T120/><D120/><U17/><E47/><V19/><F19/><W45/><G45/><T90/><D90/><U23/><E9/><V29/><F29/><W92/><G92/><T134/><D134/><U132/><E132/><V117/><F117/><W74/><G106/><T81/><REACH who="0" step="1"/><D57/><REACH who="0" step="2"/><U24/><E119/><V129/><F129/><W4/><G69/><T131/><D131/><U40/><E116/><V34/><F34/><W110/><G33/><T8/><AGARI ba="2,2" hai="3,6,8,27,31,32,64,65,73,79,81,98,101,107" machi="8" ten="30,4000,0" yaku="1,1,0,1,52,1,53,0" doraHai="35" doraHaiUra="126" who="0" fromWho="0" sc="193,66,277,-22,255,-12,255,-12" /><INIT seed="2,0,0,2,2,95" ten="259,255,243,243" oya="2" hai0="135,40,38,107,100,76,29,121,50,112,126,70,103" hai1="122,81,34,93,30,86,133,71,27,21,36,48,83" hai2="120,109,60,45,64,102,12,56,125,106,85,57,42" hai3="87,113,0,73,116,9,89,88,79,130,75,25,35" shuffle="mt19937ar,DFE8E67C,88BAB3A3,649BA12D,4B928344,5FBBBCEB,66DBD8BF,F7F4AEAF,B858C127"/><V123/><F125/><W69/><G69/><T128/><D50/><U10/><E36/><V84/><F109/><W127/><G116/><T13/><D29/><U59/><E71/><V51/><F57/><W11/><G127/><T92/><D92/><U43/><E122/><V44/><F120/><W37/><G37/><T14/><D14/><U49/><E133/><V54/><F123/><W26/><G113/><T41/><D13/><U18/><E10/><V111/><F111/><W65/><G65/><T1/><D76/><U78/><E93/><V105/><F12/><W7/><G130/><T32/><D103/><U33/><E33/><V62/><F62/><W23/><G79/><T90/><D100/><U28/><E83/><V101/><F101/><W108/><G108/><T4/><D90/><U3/><E3/><V82/><F102/><W6/><G35/><T68/><D4/><U5/><E5/><V129/><F129/><W80/><G89/><T124/><D40/><U91/><E78/><V134/><F134/><W115/><G115/><T96/><D41/><U72/><E72/><V17/><F17/><W74/><REACH who="3" step="1"/><G23/><REACH who="3" step="2"/><T117/><D126/><U77/><E77/><V15/><F15/><AGARI ba="0,1" hai="0,6,7,9,11,15,25,26,73,74,75,80,87,88" machi="15" ten="40,5200,0" yaku="1,1,2,1,54,1,53,0" doraHai="95" doraHaiUra="47" who="3" fromWho="2" sc="259,0,255,0,243,-52,233,62" /><INIT seed="3,0,0,3,2,19" ten="259,255,191,295" oya="3" hai0="118,2,21,117,131,103,39,61,50,129,57,102,33" hai1="34,46,67,97,88,6,80,26,123,32,74,104,22" hai2="108,105,24,41,84,35,101,47,55,114,86,66,85" hai3="71,120,27,98,44,91,112,17,9,53,93,107,11" shuffle="mt19937ar,5B6C2999,83349FA5,0DD88E7D,759E10F1,8F8A564E,C27F96E7,B921ABE9,8CB6A37D"/><W75/><G120/><T56/><D33/><U77/><E123/><V109/><F114/><W23/><G71/><T69/><D2/><U134/><E6/><V43/><F66/><W20/><G75/><T135/><D39/><U60/><E46/><V58/><F101/><W28/><G107/><T36/><D36/><U79/><E79/><V99/><F99/><W30/><G112/><T48/><D69/><U124/><E124/><V40/><F105/><W87/><G98/><T4/><D4/><U125/><E125/><V31/><REACH who="2" step="1"/><F47/><REACH who="2" step="2"/><W81/><G93/><T106/><D106/><U51/><E104/><V13/><F13/><N who="3" m="9263" /><G30/><T63/><D135/><U133/><E134/><V62/><AGARI ba="0,1" hai="24,31,35,40,41,43,55,58,62,84,85,86,108,109" machi="62" ten="40,8000,1" yaku="1,1,0,1,53,3" doraHai="19" doraHaiUra="37" who="2" fromWho="2" sc="259,-20,255,-20,181,90,295,-40" /><INIT seed="4,0,0,3,5,29" ten="239,235,271,255" oya="0" hai0="87,80,88,14,70,77,92,107,31,79,60,89,4" hai1="20,32,8,71,98,125,46,6,44,57,102,25,97" hai2="63,105,23,65,82,36,56,43,59,86,131,75,124" hai3="10,109,120,122,53,15,47,106,73,67,27,76,117" shuffle="mt19937ar,6D87D69B,00CD2F9B,8B20C21C,9A10E218,40D8C442,58DB2CDB,676B078B,F2C8127F"/><T5/><D107/><U101/><E71/><V66/><F105/><W99/><G109/><T12/><D31/><N who="1" m="17831" /><E32/><V81/><F124/><W91/><G67/><T103/><D103/><N who="1" m="39435" /><E125/><V115/><F131/><W134/><G117/><T126/><D126/><U83/><E83/><V110/><F115/><W0/><G0/><T108/><D108/><U13/><E57/><V112/><F112/><W48/><G106/><T51/><D70/><U49/><E46/><V119/><F110/><W40/><G134/><T114/><D114/><U18/><E6/><N who="0" m="2665" /><D60/><U16/><E18/><V17/><F119/><W61/><G61/><T38/><D38/><U19/><E19/><V1/><F1/><W64/><G73/><T130/><D130/><U121/><E121/><V11/><F75/><W123/><G27/><T35/><D35/><U118/><E118/><V100/><F17/><W133/><G133/><T55/><D12/><U50/><E50/><V104/><F63/><W21/><G15/><T128/><D14/><U54/><AGARI ba="0,0" hai="8,13,16,44,49,54,97,98" m="39435,17831" machi="54" ten="30,2000,0" yaku="8,1,54,1" doraHai="29" who="1" fromWho="1" sc="239,-10,235,20,271,-5,255,-5" /><INIT seed="5,0,0,4,4,6" ten="229,255,266,250" oya="1" hai0="95,14,73,36,129,26,46,49,65,28,127,74,24" hai1="54,134,53,34,111,15,86,33,116,57,132,39,9" hai2="56,104,21,4,88,128,43,69,10,120,97,20,52" hai3="91,37,7,98,35,109,133,40,76,50,59,90,125" shuffle="mt19937ar,580A4748,08F71CDD,7BAB4265,D183F53D,EBDEDF84,CDC23412,AB072321,D3B88779"/><U66/><E39/><V114/><F69/><W63/><G35/><T119/><D36/><U83/><E116/><V8/><F120/><W105/><G109/><T107/><D119/><U13/><E13/><N who="2" m="5255" /><F104/><W94/><G105/><T122/><D107/><U42/><E42/><V89/><F128/><W84/><G37/><T92/><D129/><U121/><E121/><V87/><F43/><W80/><G125/><T61/><D122/><U126/><E126/><V99/><F10/><W113/><G133/><N who="1" m="51306" /><E66/><V60/><F114/><W103/><G113/><T106/><D106/><U2/><E2/><V115/><F115/><W3/><G7/><T72/><D127/><U51/><E54/><V101/><F101/><W16/><G3/><T5/><D5/><N who="1" m="3503" /><E111/><V25/><F89/><AGARI ba="0,0" hai="33,34,51,53,57,83,86,89" m="3503,51306" machi="89" ten="30,2900,0" yaku="20,1,52,1" doraHai="6" who="1" fromWho="2" sc="229,0,255,29,266,-29,250,0" /><INIT seed="5,1,0,3,1,120" ten="229,284,237,250" oya="1" hai0="21,61,12,60,98,53,16,31,74,83,47,97,45" hai1="127,2,106,87,113,102,59,114,82,99,3,130,25" hai2="54,6,92,79,41,15,135,119,44,118,62,52,29" hai3="131,67,22,100,78,77,117,103,66,122,9,73,109" shuffle="mt19937ar,D2839444,D959C032,33AA045B,54F15FC3,47CA2E58,B839DE36,9A30AFB0,3A85AA59"/><U76/><E130/><V14/><F135/><W58/><G122/><T20/><D74/><U104/><E114/><V37/><F29/><W34/><G34/><T48/><D83/><U39/><E39/><V13/><F6/><W111/><G131/><T85/><D85/><U95/><E113/><V56/><F79/><W132/><G132/><T1/><D1/><U96/><E127/><V134/><F134/><W46/><G46/><T125/><D125/><U11/><E11/><V86/><REACH who="2" step="1"/><F54/><REACH who="2" step="2"/><W69/><G78/><T63/><REACH who="0" step="1"/><D47/><REACH who="0" step="2"/><U36/><E3/><V17/><F17/><W30/><G73/><T8/><D8/><U133/><E2/><V23/><F23/><W4/><G22/><T42/><D42/><U32/><E133/><V107/><F107/><W81/><G9/><T124/><D124/><U91/><E106/><V57/><F57/><W93/><G58/><T0/><D0/><U68/><E59/><V19/><F19/><W51/><G4/><T108/><D108/><U123/><E68/><V89/><AGARI ba="1,2" hai="13,14,15,37,41,44,52,56,62,86,89,92,118,119" machi="89" ten="30,4000,0" yaku="1,1,0,1,54,1,53,0" doraHai="120" doraHaiUra="5" who="2" fromWho="2" sc="219,-11,284,-21,227,63,250,-11" /><INIT seed="6,0,0,0,5,13" ten="208,263,290,239" oya="2" hai0="71,76,49,110,4,68,11,30,122,33,116,77,64" hai1="121,94,78,83,91,18,126,42,80,36,102,130,43" hai2="21,86,60,99,133,119,6,124,50,2,56,20,96" hai3="100,89,70,111,113,40,32,106,87,5,115,127,67" shuffle="mt19937ar,4B542284,E094928E,FD893B50,876EEA7A,122F2C8D,5159FEC5,D02D6EFE,69F4FA5B"/><V34/><F34/><W46/><G111/><T57/><D110/><U29/><E36/><V27/><F119/><W92/><G32/><T103/><D122/><U104/><E29/><V72/><F72/><W25/><G127/><T28/><D116/><U101/><E121/><V65/><F124/><W8/><G25/><T37/><D37/><U117/><E117/><V10/><F133/><W82/><G106/><T45/><D103/><N who="1" m="39435" /><E104/><V38/><F38/><W19/><G67/><T98/><D98/><N who="1" m="57695" /><E126/><V12/><F2/><W52/><G70/><T47/><D68/><U129/><E78/><N who="0" m="30313" /><D71/><U81/><E130/><V135/><F135/><W35/><G35/><T74/><D74/><U107/><E107/><V15/><F86/><W63/><G100/><T112/><D112/><U132/><E132/><V54/><F15/><N who="3" m="7655" /><G5/><T85/><D33/><U53/><E53/><V3/><F3/><W55/><G63/><N who="0" m="37999" /><D45/><U17/><E129/><V66/><F66/><W108/><G108/><T62/><D62/><U123/><E123/><V39/><F39/><N who="3" m="21791" /><G82/><T22/><D85/><U134/><E134/><V51/><F51/><W88/><G89/><T14/><D22/><N who="2" m="8810" /><F27/><W41/><G41/><AGARI ba="0,0" hai="4,11,14,28,30,41,47,49" m="37999,30313" machi="41" ten="30,1000,0" yaku="8,1" doraHai="13" who="0" fromWho="3" sc="208,10,263,0,290,0,239,-10" /><AGARI ba="0,0" hai="17,18,41,42,43,80,81,83" m="57695,39435" machi="41" ten="30,3900,0" yaku="8,1,52,2" doraHai="13" who="1" fromWho="3" sc="218,0,263,39,290,0,229,-39" owari="218,-13,302,30,290,4,190,-21" /></mjloggm>