<mjloggm ver="2.3"><GO type="185"/><UN n0="%EF%BC%BC%28%EF%BC%BE%6F%EF%BC%BE%29%EF%BC%8F%E2%98%85" n1="%E8%9C%9C%E6%9F%91%E3%81%AE%E7%9A%AE" n2="%E5%8D%81%E5%85%AD%E5%A4%9C%E2%80%A0%E5%92%B2%E5%A4%9C" n3="" dan="17,16,16,0" rate="2158,2106,2190,1500" sx="M,M,F,C"/><TAIKYOKU oya="0"/><INIT seed="0,0,0,0,5,85" ten="350,350,350,0" oya="0" hai0="48,45,41,67,124,44,75,33,134,70,99,0,42" hai1="73,39,100,76,98,106,59,109,65,1,43,63,78" hai2="58,61,49,37,81,102,101,97,103,114,91,53,54" hai3="" shuffle="mt19937ar,4A719621,35AFE5DA,95D6234D,207F18B9,9B72E3A1,243FADBD,6EDE0E7E,5D612542"/><T119/><D33/><U68/><E1/><V121/><N who="2" m="31008" /><V62/><F37/><T35/><D0/><U117/><E117/><V107/><F114/><T60/><D35/><U83/><E109/><V88/><F107/><T64/><D75/><U74/><E39/><V80/><F97/><T105/><D119/><U93/><E43/><V77/><F62/><T32/><D32/><U87/><E68/><V95/><F95/><T46/><D134/><U82/><E87/><V79/><F79/><T89/><D124/><U34/><REACH who="1" step="1"/><E34/><REACH who="1" step="2"/><V94/><F94/><AGARI ba="0,1" hai="59,63,65,73,74,76,78,82,83,93,94,98,100,106" machi="94" ten="40,5200,0" yaku="1,1,2,1,9,1,53,0" doraHai="85" doraHaiUra="50" who="1" fromWho="2" sc="350,0,340,62,350,-52,0,0" /><INIT seed="1,0,0,3,2,118" ten="350,402,298,0" oya="1" hai0="3,104,47,80,88,119,39,134,130,41,121,33,132" hai1="106,52,99,135,71,49,54,34,48,58,61,84,64" hai2="128,126,102,50,94,112,103,123,100,72,2,1,78" hai3="" shuffle="mt19937ar,AA445B3F,642389A8,DF9A1971,D7A83976,B3854F7C,250CC25A,5347DC4A,92B0784A"/><U77/><E34/><V0/><N who="2" m="31520" /><V37/><F112/><T111/><N who="0" m="31008" /><T63/><D33/><U75/><E75/><V35/><F35/><T85/><D3/><U43/><E43/><V81/><F126/><T95/><D119/><U69/><E135/><N who="0" m="51753" /><D104/><U38/><E38/><V46/><F37/><T45/><D130/><U133/><E133/><V125/><F125/><T105/><D105/><U114/><E114/><V87/><F128/><T59/><D111/><U60/><E99/><V116/><F116/><T91/><D47/><U65/><E106/><V62/><F62/><T109/><D109/><U79/><E84/><V51/><REACH who="2" step="1"/><F46/><AGARI ba="0,0" hai="46,48,49,52,54,58,60,61,64,65,69,71,77,79" machi="46" ten="30,5800,0" yaku="7,1,9,1,54,1" doraHai="118" who="1" fromWho="2" sc="350,0,402,58,298,-58,0,0" /><INIT seed="1,1,0,2,2,134" ten="350,460,240,0" oya="1" hai0="76,45,71,113,56,74,36,90,130,98,50,34,131" hai1="104,33,38,49,84,51,135,47,52,57,69,87,120" hai2="48,70,0,100,44,79,62,60,80,81,105,42,89" hai3="" shuffle="mt19937ar,E1621BBE,166B87DF,9BF8E4F2,EAD55CB0,29D02AEB,0C29B706,C3110D0E,51B02238"/><U77/><N who="1" m="30752" /><U129/><E33/><V86/><F0/><T117/><D34/><U78/><E104/><V94/><F70/><T114/><D71/><U72/><E135/><V97/><REACH who="2" step="1"/><F81/><REACH who="2" step="2"/><T54/><D114/><U125/><E69/><V103/><F103/><T41/><D113/><U92/><E125/><V115/><F115/><T124/><D124/><U55/><E129/><V85/><AGARI ba="1,1" hai="42,44,48,60,62,79,80,85,86,89,94,97,100,105" machi="85" ten="20,3900,0" yaku="1,1,0,1,7,1,53,1" doraHai="134" doraHaiUra="40" who="2" fromWho="2" sc="350,-14,460,-27,230,51,0,0" /><INIT seed="2,0,0,3,3,133" ten="336,433,281,0" oya="2" hai0="128,93,95,123,97,38,79,126,109,87,118,102,39" hai1="85,103,56,106,66,129,94,125,131,113,88,114,1" hai2="116,59,132,77,42,54,48,47,68,80,82,112,52" hai3="" shuffle="mt19937ar,BD6922C1,0858AB5B,72CE9E53,74DC1C63,BCD8F8CB,15E4CC69,639CABC7,1FB89772"/><V108/><F116/><T92/><N who="0" m="31520" /><T110/><D118/><U76/><E1/><V2/><F2/><T0/><D0/><U96/><E66/><V69/><F132/><T122/><N who="0" m="31264" /><T34/><D34/><U134/><E134/><V81/><F112/><N who="1" m="43113" /><E56/><V55/><F108/><N who="0" m="41578" /><D128/><N who="1" m="49227" /><E76/><V64/><REACH who="2" step="1"/><F77/><REACH who="2" step="2"/><T58/><D79/><U44/><E44/><V60/><AGARI ba="0,1" hai="42,47,48,52,54,55,59,60,64,68,69,80,81,82" machi="60" ten="40,8000,1" yaku="1,1,2,1,0,1,54,1,53,1" doraHai="133" doraHaiUra="57" who="2" fromWho="2" sc="336,-40,433,-40,271,90,0,0" /><INIT seed="2,1,0,3,3,33" ten="296,393,361,0" oya="2" hai0="81,85,123,78,106,82,103,45,46,122,114,84,105" hai1="97,83,44,80,71,126,74,107,98,56,52,118,96" hai2="64,66,77,135,111,102,38,73,115,58,0,104,54" hai3="" shuffle="mt19937ar,5349E5E0,20F38993,85F8EA9D,D23D6BF2,4ACD8A2C,F1407F16,0F1AFF97,73061CE2"/><V72/><F115/><T67/><N who="0" m="31264" /><T125/><N who="0" m="31520" /><T47/><D114/><U109/><E71/><V124/><F124/><T61/><D125/><U51/><E126/><V88/><F38/><T93/><D93/><U43/><E118/><V101/><F135/><T34/><D34/><U121/><N who="1" m="31008" /><U62/><E107/><V108/><F77/><T48/><D48/><U134/><E134/><V92/><F104/><T129/><D129/><U50/><E109/><V63/><F92/><T36/><D36/><U120/><N who="1" m="30752" /><U41/><E74/><V70/><F70/><T116/><D116/><U113/><E113/><V117/><F117/><T95/><D95/><U94/><E94/><V99/><F99/><T89/><REACH who="0" step="1"/><D103/><REACH who="0" step="2"/><U49/><E49/><V53/><F102/><T59/><AGARI ba="1,1" hai="45,46,47,59,61,67,78,81,82,84,85,89,105,106" m="31520,31264" machi="59" ten="30,12000,3" yaku="1,1,2,1,0,1,52,2,53,3" doraHai="33" doraHaiUra="42" who="0" fromWho="0" sc="286,132,393,-41,361,-81,0,0" /><INIT seed="4,0,0,1,1,111" ten="418,352,280,0" oya="0" hai0="113,88,90,96,124,131,44,58,83,101,108,89,132" hai1="117,95,127,55,123,34,102,79,115,48,37,126,129" hai2="60,75,85,52,64,106,68,109,50,130,91,81,114" hai3="" shuffle="mt19937ar,E64C1617,6037BBE9,30941235,EB615FD4,C633159B,1A8B1FAF,42AB8C6C,10E898F5"/><T47/><D108/><U86/><N who="1" m="31520" /><U122/><N who="1" m="31264" /><U107/><E37/><V66/><F106/><T84/><D132/><U93/><E117/><V128/><F109/><T100/><D131/><U38/><E38/><V134/><F134/><T42/><D124/><N who="1" m="47659" /><E34/><V97/><F97/><T59/><D113/><U56/><E129/><V133/><F133/><T125/><D125/><U116/><E116/><V135/><F135/><T53/><D59/><U32/><E32/><V57/><F75/><T46/><D42/><U105/><E115/><V87/><F114/><T3/><D3/><U72/><E72/><V61/><REACH who="2" step="1"/><F87/><REACH who="2" step="2"/><T65/><D65/><U112/><E112/><V98/><F98/><T51/><REACH who="0" step="1"/><D96/><REACH who="0" step="2"/><U76/><E86/><V33/><F33/><T63/><D63/><U70/><E105/><V73/><F73/><T1/><D1/><U99/><E107/><V94/><F94/><T104/><D104/><U62/><E95/><V71/><AGARI ba="0,2" hai="50,52,57,60,61,64,66,68,71,81,85,91,128,130" machi="71" ten="30,5900,0" yaku="1,1,0,1,9,1,54,1,53,0" doraHai="111" doraHaiUra="0" who="2" fromWho="2" sc="408,-39,352,-20,270,79,0,0" /><INIT seed="5,0,0,3,3,42" ten="369,332,349,0" oya="1" hai0="87,108,119,40,71,35,61,96,55,113,118,58,100" hai1="69,2,91,64,66,97,51,98,86,115,46,78,68" hai2="70,32,54,105,99,65,128,117,131,59,39,53,94" hai3="" shuffle="mt19937ar,EF1AF4AF,B6F2FC57,A251B34C,73C063DB,449F1513,C4AD9BC1,9742CCE2,371C1C77"/><U75/><E2/><V85/><F105/><T67/><D35/><U49/><E115/><V103/><F32/><T37/><D108/><U52/><E78/><V47/><F70/><T132/><D113/><U80/><E75/><V48/><F117/><T107/><D132/><U120/><N who="1" m="30752" /><U102/><E51/><V76/><F65/><T122/><N who="0" m="31264" /><T89/><D40/><U111/><E111/><V82/><REACH who="2" step="1"/><F39/><REACH who="2" step="2"/><T123/><N who="0" m="31520" /><T38/><D119/><U33/><E33/><V84/><F84/><T135/><D118/><U50/><E69/><V3/><F3/><T112/><D135/><U72/><E72/><V121/><N who="2" m="31008" /><V92/><F92/><T124/><D112/><U36/><E36/><V114/><F114/><T110/><D110/><U126/><E68/><V45/><F45/><T109/><D109/><U43/><E98/><V90/><F90/><T125/><D38/><U83/><E64/><V56/><F56/><T77/><D37/><U63/><E66/><V134/><F134/><T79/><D89/><U101/><E91/><V88/><F88/><T133/><D133/><U129/><E86/><V62/><AGARI ba="0,1" hai="47,48,53,54,59,62,76,82,85,94,99,103,128,131" m="31008" machi="62" ten="30,5900,0" yaku="1,1,0,1,52,2,53,0" doraHai="42" doraHaiUra="0" who="2" fromWho="2" sc="369,-20,332,-39,339,69,0,0" /><INIT seed="6,0,0,2,2,41" ten="349,293,408,0" oya="2" hai0="131,67,39,91,98,52,1,113,114,33,125,83,50" hai1="115,110,51,40,87,119,44,66,57,135,122,58,127" hai2="45,36,47,123,82,70,101,88,126,56,129,99,64" hai3="" shuffle="mt19937ar,294E5C76,DC54828D,2A36A938,394CBC72,DE583E22,542B50DF,C42C85BA,BA9D277D"/><V103/><N who="2" m="31520" /><V117/><F70/><T59/><D33/><U79/><N who="1" m="31264" /><U71/><E110/><V42/><F117/><T90/><D1/><U105/><E105/><V76/><F129/><T121/><N who="0" m="31008" /><T120/><N who="0" m="30752" /><T62/><D131/><U84/><E119/><V80/><F126/><T112/><D125/><U60/><E127/><V104/><F103/><T63/><D39/><U77/><E115/><V102/><F102/><T111/><D111/><U93/><E135/><V109/><F109/><T128/><D128/><U130/><E130/><V0/><F0/><T61/><D83/><U49/><E93/><V86/><F47/><T96/><D67/><U89/><E71/><V35/><F35/><T118/><D118/><U78/><E89/><AGARI ba="0,0" hai="50,52,59,61,62,63,89,90,91,96,98,112,113,114" m="30752,31008" machi="89" ten="50,8000,1" yaku="15,1,11,1,52,2,54,1" doraHai="41" who="0" fromWho="1" sc="349,80,293,-80,408,0,0,0" owari="429,38,213,-39,408,1,0,0" /></mjloggm>