<mjloggm ver="2.3"><GO type="225"/><UN n0="%E7%90%86%E6%83%B3%E9%9B%80%E5%A3%AB" n1="%E3%83%81%E3%83%A3%E3%82%AA%E3%83%AA" n2="%73%70%6F%69%6C%65%64" n3="%73%69%67%65%6E%6F%72%69" dan="16,17,16,17" rate="2030,2117,2041,2155" sx="M,M,M,M"/><TAIKYOKU oya="0"/><INIT seed="0,0,0,5,3,2" ten="250,250,250,250" oya="0" hai0="11,17,81,62,96,55,13,47,5,82,69,27,104" hai1="119,36,28,56,29,4,10,43,115,41,57,107,19" hai2="6,126,39,94,74,53,109,110,15,127,114,79,106" hai3="32,8,48,134,121,102,49,124,46,72,122,75,118" shuffle="mt19937ar,D9ECC1E8,25DDC55D,64E1CB61,5AD2A15D,2C72D2BF,724D162E,250B05EA,6BAA0EF6"/><T70/><D104/><U116/><E107/><V40/><F106/><W24/><G118/><T101/><D70/><U18/><E10/><N who="2" m="4567" /><F114/><W99/><G124/><N who="2" m="47657" /><F94/><W97/><G134/><T129/><D129/><U67/><E67/><V113/><F53/><W92/><G8/><T52/><D69/><U44/><E44/><N who="2" m="23583" /><F113/><W20/><G99/><T108/><D96/><U64/><E64/><V86/><F74/><W85/><G85/><T90/><D52/><U128/><E128/><V95/><F79/><W76/><G76/><T45/><D55/><U77/><E77/><V80/><F80/><W103/><G75/><T125/><D82/><U26/><E115/><V30/><F30/><W83/><G72/><T93/><D93/><U37/><REACH who="1" step="1"/><E26/><REACH who="1" step="2"/><V88/><AGARI ba="0,1" hai="86,88,95,109,110" m="23583,47657,4567" machi="88" ten="30,4000,0" yaku="18,1,52,1,54,1" doraHai="2" who="2" fromWho="2" sc="250,-20,240,-10,250,50,250,-10" /><INIT seed="1,0,0,1,3,19" ten="230,230,300,240" oya="1" hai0="17,51,74,27,6,45,62,41,127,132,9,1,113" hai1="64,23,131,115,79,116,46,4,48,3,55,75,21" hai2="5,71,25,57,52,130,83,18,40,37,133,14,87" hai3="15,107,78,60,34,93,61,134,85,29,120,129,10" shuffle="mt19937ar,A3041354,FD6FFAAD,37E76694,AF64D770,22451AC2,DA81DD0E,C5403B4B,03263AAE"/><U90/><E116/><V111/><F71/><W76/><G107/><T81/><D113/><U49/><E115/><V119/><F119/><W16/><G120/><T106/><D106/><U67/><E131/><V104/><F104/><W114/><G114/><T124/><D132/><U35/><E35/><V53/><F130/><W84/><G129/><T73/><D62/><N who="3" m="24169" /><G34/><T56/><D56/><N who="1" m="32871" /><E75/><V28/><F133/><W0/><G0/><T86/><D17/><U82/><E3/><V26/><F5/><W99/><G29/><T36/><D27/><U128/><E79/><N who="3" m="30250" /><G134/><T125/><REACH who="0" step="1"/><D36/><REACH who="0" step="2"/><U126/><E128/><V101/><F37/><W54/><G54/><T22/><D22/><N who="1" m="8203" /><E4/><V32/><F53/><W43/><G43/><T80/><D80/><U121/><E121/><V118/><F52/><W109/><G109/><T65/><D65/><U63/><E63/><V110/><F40/><W103/><AGARI ba="0,1" hai="10,15,16,84,85,93,99,103" m="30250,24169" machi="103" ten="30,2000,0" yaku="8,1,54,1" doraHai="19" who="3" fromWho="3" sc="220,-5,230,-10,300,-5,240,30" /><INIT seed="2,0,0,4,5,116" ten="215,220,295,270" oya="2" hai0="85,68,96,83,52,77,103,123,73,43,20,108,82" hai1="32,0,80,22,49,33,19,98,126,47,59,31,87" hai2="106,40,109,48,71,44,28,38,128,70,97,18,95" hai3="56,90,53,64,1,89,121,21,134,102,74,75,122" shuffle="mt19937ar,54415222,669DF7E3,CDD23289,18FA5CF9,6024BE70,4582E546,712D494F,21198B3A"/><V117/><F106/><W51/><G1/><T34/><D34/><U66/><E0/><V46/><F117/><W69/><G102/><T119/><D119/><U65/><E126/><V81/><F128/><W67/><G134/><T16/><D68/><U55/><E31/><V127/><F127/><W120/><G21/><T23/><D43/><U105/><E105/><V84/><F28/><W37/><G37/><T107/><D123/><U60/><E98/><V124/><F18/><W129/><G129/><T4/><D4/><U131/><E131/><V29/><F29/><W14/><G14/><T79/><D108/><U7/><E7/><V50/><F109/><W101/><G101/><T115/><D115/><U35/><E66/><V86/><F38/><W62/><REACH who="3" step="1"/><G64/><REACH who="3" step="2"/><T111/><D111/><U110/><E110/><V104/><F124/><W5/><G5/><T39/><D39/><U10/><E10/><V133/><F133/><W6/><G6/><T112/><D112/><U93/><E33/><V9/><F9/><W25/><G25/><T17/><D23/><U15/><E35/><V125/><F125/><W24/><G24/><T30/><D30/><U13/><E32/><V12/><F12/><W45/><G45/><T130/><D130/><U88/><REACH who="1" step="1"/><E13/><REACH who="1" step="2"/><V57/><F104/><W11/><G11/><T100/><D20/><U72/><E72/><AGARI ba="0,2" hai="51,53,56,62,67,69,72,74,75,89,90,120,121,122" machi="72" ten="50,8000,1" yaku="1,1,52,3,53,0" doraHai="116" doraHaiUra="41" who="3" fromWho="1" sc="215,0,210,-80,295,0,260,100" /><INIT seed="3,0,0,0,4,74" ten="215,130,295,360" oya="3" hai0="0,114,127,51,102,19,63,108,4,38,132,92,100" hai1="42,87,39,30,80,15,70,97,115,77,23,107,6" hai2="25,71,75,83,90,55,99,31,34,89,68,52,122" hai3="59,1,47,112,82,9,121,72,40,111,76,98,124" shuffle="mt19937ar,D383A2D1,F157D907,5BB75428,15530C9D,D9165168,CE1DDF16,D19521DF,E13C909B"/><W22/><G121/><T12/><D38/><U118/><E70/><V28/><F122/><W133/><G112/><T11/><D114/><U135/><E115/><V24/><F75/><W2/><G124/><T78/><D127/><U84/><E135/><V65/><F83/><W61/><G133/><T96/><D132/><U91/><E118/><V21/><F99/><W123/><G123/><T131/><D108/><U45/><E30/><V56/><F65/><W66/><G111/><T3/><D131/><U43/><E39/><V86/><F86/><W106/><G22/><T14/><D63/><U37/><E37/><V101/><F101/><W79/><G79/><T48/><D102/><U88/><E45/><V20/><REACH who="2" step="1"/><F56/><REACH who="2" step="2"/><W35/><G98/><T57/><D96/><U46/><E46/><V5/><F5/><W41/><G59/><T93/><D57/><U49/><E49/><V33/><AGARI ba="0,1" hai="20,21,24,25,28,31,33,34,52,55,68,71,89,90" machi="33" ten="25,8000,1" yaku="1,1,0,1,22,2,54,1,53,0" doraHai="74" doraHaiUra="58" who="2" fromWho="2" sc="215,-20,130,-20,285,90,360,-40" owari="195,-15,110,-29,375,37,320,7" /></mjloggm>