<mjloggm ver="2.3"><GO type="225"/><UN n0="%23%37%34%E5%A4%A7%E6%B2%BB%E9%83%8E" n1="%61%6E%62%79%33" n2="%E5%85%8B%E5%88%A9%E5%A5%A5%E4%BD%A9%E7%89%B9%E5%89%8C%CE%B6" n3="%E9%9B%81%E7%BA%8F" dan="16,16,16,16" rate="2097,2106,2135,2071" sx="M,M,F,M"/><TAIKYOKU oya="0"/><INIT seed="0,0,0,0,0,134" ten="250,250,250,250" oya="0" hai0="65,133,19,101,2,40,26,76,132,121,33,112,28" hai1="100,96,56,118,75,49,70,48,79,67,89,85,0" hai2="44,38,57,58,21,31,109,47,13,61,124,18,23" hai3="39,5,115,88,43,120,50,127,14,3,103,16,122" shuffle="mt19937ar,B43A3E2D,6D4C32FD,1F1EDC60,CEE34AE7,F6E917FC,C38F141E,A5E9D147,41F92BE0"/><T71/><D121/><N who="3" m="46697" /><G115/><T34/><D112/><U60/><E0/><V46/><F109/><W37/><G103/><T10/><D76/><U15/><E118/><V32/><F32/><W68/><G68/><T24/><D40/><U29/><E70/><V81/><F38/><W80/><G3/><T7/><D101/><U114/><E114/><V12/><F81/><W126/><G5/><T104/><D104/><U97/><E29/><V135/><F135/><W111/><G111/><T125/><D65/><U92/><E97/><V84/><F84/><N who="3" m="50183" /><G50/><T59/><D71/><U64/><E64/><V36/><F36/><N who="3" m="13899" /><G43/><T106/><D106/><U11/><E79/><V82/><F82/><W83/><G83/><T4/><D59/><U128/><E75/><V55/><F58/><W17/><G17/><T30/><D4/><N who="1" m="3559" /><E128/><V74/><F74/><W130/><G130/><T62/><D62/><U52/><E67/><V41/><F41/><W69/><G69/><T98/><D19/><U116/><E116/><V87/><F47/><W9/><AGARI ba="0,0" hai="9,14,16,126,127" m="13899,50183,46697" machi="9" ten="40,8000,1" yaku="13,1,52,2,54,2" doraHai="134" who="3" fromWho="3" sc="250,-40,250,-20,250,-20,250,80" /><INIT seed="1,0,0,4,2,118" ten="210,230,230,330" oya="1" hai0="53,33,62,103,113,17,18,0,7,28,13,111,10" hai1="60,57,44,27,3,125,39,86,55,76,67,20,11" hai2="95,42,47,98,100,72,51,21,104,29,48,65,132" hai3="23,61,36,16,54,87,97,56,109,83,5,50,133" shuffle="mt19937ar,5D4C6A7C,AB27DCBB,3919B118,80C8704A,BB8DC9F4,54D15527,CFEB60B1,58578CA5"/><U94/><E125/><V38/><F132/><W4/><G36/><T119/><D119/><U89/><E3/><V117/><F117/><W26/><G109/><T123/><D113/><U96/><E11/><V108/><F108/><W82/><G133/><T24/><D111/><U134/><E134/><V74/><F65/><W40/><G97/><T115/><D115/><U88/><E76/><V131/><F131/><W58/><G40/><T52/><D103/><U114/><E114/><V93/><F74/><W122/><G122/><T81/><D81/><N who="3" m="30729" /><G87/><T12/><D123/><U30/><E39/><V121/><F72/><W129/><G129/><T69/><D69/><U35/><E35/><V15/><F121/><W37/><G37/><T110/><D110/><U31/><E31/><V92/><REACH who="2" step="1"/><F15/><REACH who="2" step="2"/><W107/><G107/><T41/><D41/><U116/><E116/><V45/><F45/><W79/><G79/><T19/><REACH who="0" step="1"/><D53/><AGARI ba="0,1" hai="4,5,16,23,26,50,53,54,56,58,61" m="30729" machi="53" ten="30,2000,0" yaku="8,1,54,1" doraHai="118" who="3" fromWho="0" sc="210,-20,230,0,220,0,330,30" /><INIT seed="2,0,0,1,3,10" ten="190,230,220,360" oya="2" hai0="111,91,79,39,16,53,114,47,21,128,124,82,7" hai1="127,73,24,101,11,48,45,100,1,110,61,46,52" hai2="23,86,27,78,106,70,33,54,94,60,18,19,15" hai3="109,112,99,5,22,8,88,121,123,50,56,97,13" shuffle="mt19937ar,8629285A,3799DBF2,D9A74425,50050041,E23D1780,113719AC,2BBC32FE,83CC33BA"/><V49/><F106/><W113/><G109/><T2/><D114/><N who="3" m="44137" /><G22/><T135/><D111/><U37/><E73/><V83/><F33/><W65/><G88/><T107/><D107/><U126/><E110/><V35/><F35/><W95/><G95/><T64/><D64/><U14/><E1/><V118/><F118/><W68/><G68/><T125/><D91/><U90/><E24/><V36/><F36/><W85/><G85/><T130/><D7/><U41/><E61/><V134/><F134/><W63/><G50/><N who="0" m="28895" /><D39/><U75/><E90/><V69/><F94/><W117/><G117/><T131/><D2/><U67/><E67/><V81/><F81/><W38/><G38/><T76/><D135/><U132/><E75/><V59/><REACH who="2" step="1"/><F60/><REACH who="2" step="2"/><W84/><G84/><N who="0" m="48199" /><D79/><U104/><E132/><V17/><F17/><W43/><G43/><T119/><D119/><U6/><REACH who="1" step="1"/><E104/><REACH who="1" step="2"/><V4/><F4/><W74/><G74/><T58/><D58/><U66/><E66/><V103/><F103/><AGARI ba="0,2" hai="6,11,14,37,41,45,46,48,52,100,101,103,126,127" machi="103" ten="40,5200,0" yaku="1,1,52,1,54,1,53,0" doraHai="10" doraHaiUra="105" who="1" fromWho="2" sc="190,0,220,72,210,-52,360,0" /><INIT seed="3,0,0,4,2,8" ten="190,292,158,360" oya="3" hai0="82,110,85,48,81,116,98,33,18,42,31,50,86" hai1="76,114,106,56,71,35,19,121,7,9,2,66,92" hai2="83,126,24,47,90,120,32,10,74,58,108,21,104" hai3="41,117,102,15,17,26,3,12,84,125,112,99,46" shuffle="mt19937ar,DC97D105,05C9EAEA,21427980,47460F90,A84F9516,231BA9E7,07ECFDFE,46387C5F"/><W55/><G3/><T6/><D116/><U96/><E121/><V51/><F120/><W43/><G117/><T63/><D110/><U115/><E71/><V101/><F108/><W67/><G67/><T68/><D6/><U132/><E106/><V53/><F126/><W119/><G119/><T79/><D42/><U129/><E76/><V128/><F32/><W22/><G112/><T107/><D68/><U0/><E0/><V94/><F128/><W49/><G125/><T118/><D118/><U75/><E75/><V57/><F104/><W52/><G84/><T72/><D63/><U20/><E35/><V40/><F74/><W100/><G43/><T34/><D18/><U131/><E132/><V130/><F130/><N who="1" m="49673" /><E56/><V14/><F101/><N who="3" m="39019" /><G99/><T124/><D124/><U4/><E4/><V122/><F122/><W91/><G91/><T60/><D60/><U133/><E66/><V69/><F69/><W38/><G38/><T44/><D107/><U89/><E133/><V30/><F83/><W113/><G113/><T80/><D72/><U1/><E1/><V13/><F10/><W39/><G39/><T62/><D62/><U28/><E28/><V65/><F65/><W95/><G95/><T36/><D36/><U105/><E105/><V64/><F64/><W134/><G134/><T25/><D34/><U61/><E61/><N who="2" m="36015" /><F58/><W87/><G49/><T11/><D33/><U127/><E127/><V78/><F78/><W93/><G46/><T45/><D79/><U27/><AGARI ba="0,0" hai="2,7,9,19,20,27,89,92,96,114,115" m="49673" machi="27" ten="30,1100,0" yaku="19,1" doraHai="8" who="1" fromWho="1" sc="190,-3,292,11,158,-3,360,-5" owari="187,-16,303,5,155,-24,355,35" /></mjloggm>