<mjloggm ver="2.3"><GO type="185"/><UN n0="%E4%BF%8A%E3%81%93%E3%82%8D" n1="%EF%BC%BC%28%EF%BC%BE%6F%EF%BC%BE%29%EF%BC%8F%E2%98%85" n2="%E3%81%9F%E3%82%80%E3%81%A8%E3%83%BC" n3="" dan="16,17,16,0" rate="2080,2152,2127,1500" sx="M,M,M,C"/><TAIKYOKU oya="0"/><INIT seed="0,0,0,5,4,118" ten="350,350,350,0" oya="0" hai0="134,44,83,57,93,65,117,33,97,66,32,114,113" hai1="99,46,80,94,35,122,82,50,115,107,40,76,54" hai2="102,91,53,3,37,92,64,123,103,125,59,108,133" hai3="" shuffle="mt19937ar,0CCB9A0A,9CC2DC85,C29C44BD,2BC43DB2,E0F714BA,B91077EB,5AC8AA30,5131C7F4"/><T126/><D117/><U71/><N who="1" m="31264" /><U135/><E35/><V41/><F3/><T51/><D134/><U131/><E135/><V60/><F133/><T67/><D126/><U43/><E107/><V74/><N who="2" m="31520" /><V96/><F125/><T63/><D83/><U127/><E127/><V105/><F74/><T49/><D33/><U124/><E124/><V61/><F108/><T84/><D32/><U70/><E115/><V104/><F103/><T72/><D72/><U78/><E131/><V52/><F53/><T109/><D109/><U100/><E43/><V101/><F101/><T89/><D84/><U39/><E82/><V130/><F130/><T68/><D68/><U36/><E36/><V95/><F41/><T112/><REACH who="0" step="1"/><D51/><REACH who="0" step="2"/><U90/><E71/><V69/><F37/><T47/><D47/><U48/><E70/><V79/><F79/><T38/><D38/><U34/><E34/><V45/><F45/><T116/><D116/><U86/><E39/><V73/><F73/><T128/><D128/><U119/><E119/><V98/><AGARI ba="0,1" hai="52,59,60,61,64,69,91,92,95,96,98,102,104,105" m="31520" machi="98" ten="20,6000,1" yaku="0,1,7,1,52,2,54,1" doraHai="118" who="2" fromWho="2" sc="340,-40,350,-20,350,70,0,0" /><INIT seed="1,0,0,2,5,34" ten="300,330,420,0" oya="1" hai0="32,77,1,116,35,109,133,107,48,64,87,111,56" hai1="124,113,104,127,130,54,60,129,75,117,94,66,53" hai2="73,43,69,95,65,112,125,2,38,58,71,108,33" hai3="" shuffle="mt19937ar,D3B4DE18,3B9A7971,A8A8DF35,BD0075C3,9F123141,EFF6817F,BAF8AEE0,15FF231D"/><U67/><E104/><V84/><F33/><T123/><N who="0" m="31520" /><T115/><D115/><U91/><E75/><V106/><F73/><T63/><D116/><U70/><E113/><V79/><F106/><T92/><D107/><U49/><E117/><V88/><F112/><T83/><D133/><U72/><E72/><V118/><F118/><T98/><D1/><U105/><E105/><V122/><N who="2" m="31264" /><V55/><F79/><T97/><D97/><U114/><E114/><V101/><F101/><T51/><D35/><U46/><E67/><V45/><F108/><N who="0" m="41546" /><D32/><U74/><E74/><V102/><F102/><AGARI ba="0,0" hai="48,51,56,63,64,77,83,87,92,98,102" m="41546,31520" machi="102" ten="30,2000,0" yaku="14,1,52,1" doraHai="34" who="0" fromWho="2" sc="300,20,330,0,420,-20,0,0" /><INIT seed="2,0,0,1,4,121" ten="320,330,400,0" oya="2" hai0="76,117,79,128,94,111,107,40,86,56,100,39,114" hai1="93,58,127,59,82,105,41,75,32,37,87,110,123" hai2="71,108,54,72,61,55,36,92,0,35,63,3,104" hai3="" shuffle="mt19937ar,474D7058,7D829B99,DDB54695,61B3448D,2C617BD9,15CBC47B,5ECF1070,15AA5732"/><V2/><F35/><T90/><D117/><U67/><N who="1" m="31520" /><U73/><E32/><V88/><F104/><T118/><D118/><U84/><E105/><V53/><F72/><T85/><D114/><U131/><E127/><V1/><F36/><T44/><D128/><U99/><E131/><V106/><F106/><T119/><D119/><U112/><E112/><V91/><N who="2" m="0" /><DORA hai="38" /><V51/><F108/><T52/><D111/><U62/><E87/><V46/><F91/><T81/><D100/><U74/><E110/><V103/><F103/><T69/><D69/><U65/><E37/><V125/><F125/><T109/><D109/><U64/><E41/><V120/><N who="2" m="30752" /><V50/><F71/><T135/><D107/><U33/><E33/><V101/><F101/><T96/><D135/><U78/><E59/><V42/><REACH who="2" step="1"/><F50/><REACH who="2" step="2"/><T68/><D68/><U89/><AGARI ba="0,1" hai="58,62,64,65,67,73,74,75,78,82,84,89,93,99" m="31520" machi="89" ten="30,1500,0" yaku="0,1,52,1" doraHai="121,38" who="1" fromWho="1" sc="320,-5,330,25,390,-10,0,0" /><INIT seed="4,0,0,0,2,102" ten="315,355,380,0" oya="0" hai0="93,44,60,85,45,52,73,100,70,134,127,76,116" hai1="59,110,63,108,71,132,72,46,86,50,92,122,94" hai2="1,80,81,47,126,107,131,54,0,118,90,55,43" hai3="" shuffle="mt19937ar,EBF7844B,6C2F571B,E5EE00CA,1C2F0CBE,12D658B5,CA539C9F,A3294239,67FF2FCF"/><T39/><D116/><U89/><N who="1" m="31264" /><U109/><E72/><V112/><F118/><T129/><D134/><U61/><E132/><V117/><F117/><T62/><D129/><U66/><E94/><V106/><F131/><T32/><D32/><U95/><E95/><V99/><F112/><T101/><D127/><U105/><E105/><V135/><F135/><T69/><D73/><U104/><E104/><V88/><F43/><T103/><D62/><U33/><E33/><V77/><F47/><T65/><D70/><U51/><REACH who="1" step="1"/><E46/><REACH who="1" step="2"/><V84/><F126/><T56/><D39/><U37/><E37/><V119/><F119/><T42/><D42/><U2/><E2/><V115/><F115/><T111/><D111/><U41/><E41/><V87/><F99/><T74/><D74/><U125/><E125/><V96/><F96/><T64/><D93/><U79/><E79/><AGARI ba="0,1" hai="0,1,54,55,77,79,80,81,84,87,88,90,106,107" machi="79" ten="25,8000,1" yaku="22,2,52,2,54,1" doraHai="102" who="2" fromWho="1" sc="315,0,345,-80,380,90,0,0" /><INIT seed="5,0,0,0,4,83" ten="315,265,470,0" oya="1" hai0="116,85,92,135,89,33,84,123,37,99,36,0,45" hai1="94,134,43,110,130,79,75,58,60,120,113,73,80" hai2="55,63,62,132,64,35,2,117,121,119,61,74,131" hai3="" shuffle="mt19937ar,77973DBA,4A7FDC66,CFCC6031,D884A034,D717C47D,134977FF,752E3DAA,51713776"/><U69/><N who="1" m="30752" /><U67/><E110/><V41/><F2/><T52/><N who="0" m="31520" /><T128/><D0/><U88/><E113/><V38/><F35/><T103/><D33/><U95/><E130/><V115/><N who="2" m="31008" /><V78/><F115/><T48/><D128/><U100/><E134/><V72/><F131/><T39/><D135/><U53/><E43/><V49/><F132/><T3/><D3/><U50/><E100/><V97/><F74/><T112/><D112/><U125/><E125/><V102/><F64/><T124/><D124/><U47/><E75/><V109/><F109/><T42/><D116/><U77/><E77/><V59/><F41/><T32/><D32/><U54/><REACH who="1" step="1"/><E88/><REACH who="1" step="2"/><V108/><F108/><T40/><REACH who="0" step="1"/><D85/><REACH who="0" step="2"/><U46/><E46/><V126/><F126/><T101/><D101/><U71/><E71/><V87/><F87/><T133/><D133/><U51/><AGARI ba="0,2" hai="47,50,51,53,54,58,60,67,69,73,79,80,94,95" m="30752" machi="51" ten="20,5200,0" yaku="1,1,0,1,7,1,52,1,53,0" doraHai="83" doraHaiUra="96" who="1" fromWho="1" sc="305,-26,255,72,470,-26,0,0" /><INIT seed="5,1,0,1,5,132" ten="279,327,444,0" oya="1" hai0="99,97,119,62,86,93,51,102,83,94,75,95,118" hai1="115,38,33,114,58,0,40,103,92,84,52,122,47" hai2="68,77,63,60,3,56,37,108,78,71,73,45,34" hai3="" shuffle="mt19937ar,0345960F,FB8F9424,B97D8B3F,B3E53AC4,8D901330,AD699175,1FA3DA49,5D4A94AD"/><U106/><N who="1" m="31264" /><U109/><E33/><V117/><F34/><T96/><D62/><U80/><E0/><V131/><F3/><T134/><D51/><U82/><E106/><V72/><F117/><T121/><N who="0" m="31008" /><T42/><D42/><U104/><E104/><V69/><F108/><T110/><D110/><U61/><E109/><V81/><F131/><T123/><N who="0" m="31520" /><T66/><D66/><U87/><E87/><V35/><F35/><T2/><D2/><U111/><E111/><V64/><F45/><T124/><D134/><U43/><E43/><V44/><F44/><T135/><D135/><U54/><E54/><V50/><F50/><T57/><D57/><U91/><REACH who="1" step="1"/><E103/><REACH who="1" step="2"/><V127/><F64/><T120/><N who="0" m="30752" /><T76/><D102/><U89/><E89/><V1/><F1/><T65/><D65/><U116/><E116/><N who="0" m="44585" /><D86/><U90/><E90/><V130/><F73/><T100/><D100/><U36/><E36/><V85/><F72/><T113/><D113/><AGARI ba="1,1" hai="38,40,47,52,58,61,80,82,84,91,92,113,114,115" m="31264" machi="113" ten="40,12000,1" yaku="1,1,15,1,52,1,54,1,53,0" doraHai="132" doraHaiUra="74" who="1" fromWho="0" sc="279,-122,317,132,444,0,0,0" /><INIT seed="5,2,0,3,3,78" ten="157,449,444,0" oya="1" hai0="54,93,115,86,106,34,47,61,124,100,3,43,65" hai1="83,95,76,44,50,129,75,74,1,62,133,101,73" hai2="52,114,131,38,127,42,91,134,103,97,99,64,60" hai3="" shuffle="mt19937ar,0032E530,E76FE29A,093EC7DB,10CFAC82,42B64FCB,73A8D10E,916DF829,4E655EF4"/><U0/><E129/><V125/><F131/><T126/><D3/><U70/><E133/><V77/><F134/><T122/><N who="0" m="31264" /><T55/><D34/><U67/><E101/><V80/><F114/><T66/><D115/><U71/><E71/><V69/><F91/><T63/><D106/><U82/><E95/><V32/><F32/><T104/><D104/><U112/><E112/><V98/><F103/><T120/><N who="0" m="30752" /><T90/><D100/><U2/><REACH who="1" step="1"/><E76/><REACH who="1" step="2"/><V48/><F125/><T84/><D124/><U79/><E79/><V94/><F127/><T117/><D126/><U88/><E88/><V102/><F94/><T121/><N who="0" m="31008" /><T128/><D117/><U40/><AGARI ba="2,1" hai="0,1,2,40,44,50,62,67,70,73,74,75,82,83" machi="40" ten="40,8000,1" yaku="1,1,0,1,52,2,53,0" doraHai="78" doraHaiUra="81" who="1" fromWho="1" sc="157,-42,439,94,444,-42,0,0" /><INIT seed="5,3,0,3,3,122" ten="115,533,402,0" oya="1" hai0="40,101,132,41,134,98,105,118,130,117,99,49,127" hai1="37,135,69,59,71,46,54,115,61,68,106,75,52" hai2="32,56,0,83,133,53,82,84,64,43,100,90,44" hai3="" shuffle="mt19937ar,7DD5B1EA,2AA894C2,34D0B4F5,720282F7,1D4AC472,EE159173,CC7E3513,A39E9215"/><U72/><E106/><V88/><F0/><T89/><D49/><U128/><E115/><V126/><F32/><T35/><D41/><U58/><E128/><V81/><F133/><N who="0" m="51306" /><D40/><U48/><E135/><V108/><F108/><T65/><D65/><U87/><E87/><V94/><F126/><T113/><D35/><U123/><N who="1" m="31520" /><U70/><E75/><V34/><F34/><T97/><D127/><U114/><E72/><V47/><F100/><T91/><D113/><U2/><E2/><V121/><N who="2" m="31008" /><V42/><F64/><T110/><D130/><U55/><E114/><V39/><F90/><N who="0" m="34314" /><D110/><U102/><E102/><V119/><F119/><AGARI ba="3,0" hai="97,98,99,101,105,117,118,119" m="34314,51306" machi="119" ten="30,7700,0" yaku="12,1,20,1,34,2" doraHai="122" who="0" fromWho="2" sc="115,83,533,0,402,-83,0,0" /><INIT seed="6,0,0,5,2,49" ten="198,533,319,0" oya="2" hai0="103,39,94,95,119,43,102,51,128,111,42,120,133" hai1="68,112,38,34,41,116,96,70,78,32,113,54,88" hai2="79,83,126,89,60,86,107,76,37,132,33,75,129" hai3="" shuffle="mt19937ar,07EE9AAB,DE5AA72D,D6E90EAF,87811964,B93E4CCA,E30158A1,85D4F732,1971F868"/><V1/><F1/><T91/><N who="0" m="30752" /><T55/><D119/><U40/><E116/><V108/><F33/><T109/><D39/><U118/><E118/><V105/><F37/><T87/><D87/><U46/><E78/><V93/><F60/><T100/><D128/><U73/><E73/><V134/><F129/><T52/><D133/><N who="2" m="51306" /><F126/><T72/><D72/><U121/><N who="1" m="31008" /><U63/><E41/><N who="0" m="15369" /><D51/><U80/><E34/><V106/><F79/><T47/><D47/><U81/><E32/><V82/><F108/><N who="0" m="41546" /><D91/><U114/><E96/><V97/><F82/><N who="1" m="31849" /><E88/><V45/><F45/><T66/><D66/><U130/><E130/><V98/><AGARI ba="0,0" hai="75,76,83,86,89,93,97,98,105,106,107" m="51306" machi="98" ten="40,5200,0" yaku="20,1,34,2" doraHai="49" who="2" fromWho="2" sc="198,-26,533,-26,319,52,0,0" /><INIT seed="6,1,0,3,4,39" ten="172,507,371,0" oya="2" hai0="128,46,55,115,129,76,130,111,80,47,62,60,108" hai1="87,71,67,106,1,72,83,49,44,0,58,133,33" hai2="51,90,114,113,131,135,110,73,96,52,100,61,132" hai3="" shuffle="mt19937ar,953FB6B3,FCBC0033,1C5AE475,6D85BC14,2EEFB54D,91234DF1,500A145A,F40F3F64"/><V95/><F73/><T40/><D80/><U3/><E33/><V42/><F110/><T116/><D76/><U85/><E106/><V93/><F131/><T43/><D116/><U104/><E104/><V92/><F61/><N who="0" m="23658" /><D115/><N who="2" m="44042" /><F42/><N who="0" m="15914" /><D55/><U126/><E72/><V125/><F125/><T48/><D48/><U78/><E49/><V102/><F90/><T75/><D75/><U103/><E126/><V35/><F35/><T74/><D74/><U59/><E1/><V45/><F100/><T91/><D91/><U105/><E103/><V64/><F64/><T38/><D38/><U97/><E67/><V50/><F50/><T65/><D65/><U69/><E3/><V68/><F68/><T86/><D86/><U54/><E85/><V88/><F88/><T36/><D36/><U94/><E69/><V66/><F66/><T124/><D124/><U63/><E71/><V119/><F119/><T70/><D70/><U107/><E87/><V99/><F99/><T56/><D56/><U117/><E59/><V82/><F82/><T37/><D37/><U34/><E83/><V53/><F53/><T32/><D32/><U112/><E54/><V109/><F109/><AGARI ba="1,0" hai="46,47,108,109,111,128,129,130" m="15914,23658" machi="109" ten="40,16000,3" yaku="28,2,19,1,34,2,52,3" doraHai="39" who="0" fromWho="2" sc="172,162,507,0,371,-162,0,0" owari="334,-7,507,46,209,-39,0,0" /></mjloggm>