<mjloggm ver="2.3"><GO type="225"/><UN n0="%E7%AB%9C%E9%A9%A4%E9%BA%9F%E6%8C%AF" n1="%E5%85%AD%E5%88%86%E5%84%80" n2="%E3%83%AA%E3%83%AA%E3%82%A2%E3%83%BC%E3%83%8C" n3="%62%61%6B%61%73%65" dan="17,18,17,16" rate="2017,2133,2099,2026" sx="M,F,F,F"/><TAIKYOKU oya="0"/><INIT seed="0,0,0,3,4,61" ten="250,250,250,250" oya="0" hai0="110,62,12,66,129,107,47,63,30,76,111,125,46" hai1="17,53,126,65,89,80,88,127,77,48,6,114,116" hai2="41,21,104,5,99,51,113,115,34,38,87,112,50" hai3="13,2,98,1,19,31,49,124,69,92,15,60,27" shuffle="mt19937ar,0D4417D1,536A7D8D,F967759D,1C20B49E,4C28143A,2F8067C2,5E9EC8C1,6B70B034"/><T7/><D107/><U119/><E6/><V123/><F34/><W39/><G39/><T40/><D125/><N who="1" m="47627" /><E114/><V83/><F123/><W135/><G124/><T91/><D76/><U105/><E105/><V131/><F5/><W85/><G85/><T79/><D79/><U81/><E17/><V97/><F131/><W58/><G69/><T8/><D129/><U128/><E128/><V82/><F38/><W44/><G135/><T67/><D30/><U100/><E100/><V103/><F99/><W84/><G84/><T36/><D91/><N who="1" m="34891" /><E65/><N who="0" m="24585" /><D47/><N who="1" m="27807" /><E80/><V23/><F83/><W106/><G106/><T18/><D7/><U54/><E54/><V33/><F33/><W43/><G19/><T132/><D132/><U45/><E45/><V9/><F104/><W122/><G122/><T0/><D0/><U28/><E28/><V52/><F115/><W133/><G2/><T94/><D94/><U109/><E109/><AGARI ba="0,0" hai="8,12,18,36,40,46,62,63,109,110,111" m="24585" machi="109" ten="30,12000,1" yaku="14,1,10,1,52,3" doraHai="61" who="0" fromWho="1" sc="250,120,250,-120,250,0,250,0" /><INIT seed="0,1,0,2,2,71" ten="370,130,250,250" oya="0" hai0="80,35,62,116,6,13,131,87,103,7,88,31,58" hai1="97,8,39,134,77,50,54,38,100,53,95,93,106" hai2="47,65,17,32,5,4,79,113,14,91,27,129,49" hai3="133,122,37,98,11,89,67,94,96,29,26,59,126" shuffle="mt19937ar,8EE36968,0A5CD718,B545F833,21863AE2,C428C625,9FBE7F1D,32911D5F,F6CD7B45"/><T12/><D116/><U83/><E134/><V118/><F113/><W33/><G133/><T121/><D121/><U104/><E8/><V127/><F118/><W70/><G70/><T109/><D131/><U57/><E54/><V101/><F65/><W19/><G122/><T82/><D109/><U81/><E95/><V114/><F114/><W52/><G126/><T120/><D120/><U42/><E83/><V61/><F61/><W10/><G67/><N who="0" m="39383" /><D35/><U86/><REACH who="1" step="1"/><E42/><REACH who="1" step="2"/><N who="2" m="24823" /><F127/><W41/><G98/><T66/><D66/><U3/><E3/><V15/><F129/><W60/><REACH who="3" step="1"/><G19/><REACH who="3" step="2"/><T64/><D64/><U112/><E112/><V119/><F17/><W22/><G22/><T24/><D7/><U44/><E44/><AGARI ba="1,2" hai="10,11,26,29,33,37,41,44,52,59,60,89,94,96" machi="44" ten="40,5200,0" yaku="1,1,52,1,54,1,53,0" doraHai="71" doraHaiUra="111" who="3" fromWho="1" sc="370,0,120,-55,250,0,240,75" /><INIT seed="1,0,0,5,0,128" ten="370,65,250,315" oya="1" hai0="104,63,2,38,103,120,113,18,80,69,31,135,35" hai1="130,123,56,62,107,79,105,37,74,6,86,131,14" hai2="114,50,9,88,87,59,3,5,45,83,39,16,91" hai3="24,106,7,64,61,19,90,133,41,96,25,15,10" shuffle="mt19937ar,DEDE0DC6,03E394F3,567C5E9B,BDDF62BE,AB65AF28,5422A5DE,148FFF2F,614921D9"/><U101/><E123/><V67/><F114/><W125/><G125/><T21/><D38/><U51/><E37/><V65/><F39/><W0/><G41/><T36/><D36/><U129/><E74/><V57/><F91/><W76/><G76/><T54/><D113/><U121/><E121/><V102/><F102/><W40/><G40/><T82/><D2/><U58/><E51/><V47/><F47/><W116/><G116/><T22/><D120/><U53/><E58/><V81/><F81/><W115/><G115/><T46/><D46/><U66/><E66/><V78/><F78/><W132/><G25/><N who="0" m="18927" /><D54/><U108/><E108/><V134/><F134/><N who="3" m="51819" /><G24/><N who="0" m="14391" /><D22/><U99/><E107/><V11/><F67/><W112/><G112/><T93/><D93/><U49/><E62/><V117/><F65/><W119/><G119/><T26/><D26/><U55/><E55/><N who="2" m="30159" /><F117/><W29/><G29/><T30/><D30/><U110/><E110/><V97/><F97/><W1/><G19/><T43/><D43/><U52/><E53/><V92/><F92/><N who="3" m="56343" /><G106/><T118/><D118/><U94/><E79/><V109/><F109/><W44/><G44/><T20/><D135/><U8/><REACH who="1" step="1"/><E105/><REACH who="1" step="2"/><V73/><F73/><W72/><G72/><T77/><D77/><U84/><AGARI ba="0,1" hai="6,8,14,49,52,56,84,86,94,99,101,129,130,131" machi="84" ten="40,24000,3" yaku="1,1,2,1,0,1,19,1,54,1,53,3" doraHai="128" doraHaiUra="127" who="1" fromWho="1" sc="370,-80,55,250,250,-80,315,-80" /><INIT seed="1,1,0,2,1,123" ten="290,305,170,235" oya="1" hai0="89,102,95,15,31,39,114,55,75,44,134,63,131" hai1="72,47,76,60,82,53,27,78,29,51,97,117,4" hai2="40,108,7,73,135,34,23,42,120,126,92,1,70" hai3="88,52,33,28,9,48,58,96,50,99,66,110,0" shuffle="mt19937ar,1C45D38A,9E3A8517,577D986F,DEEBA6C7,66BF1E4A,5E021B48,B9D43E60,6F9AB4E1"/><U30/><E117/><V81/><F23/><W49/><G66/><T103/><D75/><U93/><E4/><V46/><F92/><W8/><G110/><T87/><D114/><U105/><E105/><V107/><F81/><W111/><G111/><T100/><D131/><U64/><E78/><V127/><F46/><W104/><G104/><T61/><D134/><U22/><E93/><V132/><F70/><W18/><G33/><T85/><D31/><U129/><E129/><V20/><F20/><W91/><G28/><T124/><D124/><N who="2" m="47658" /><F73/><W130/><G130/><T5/><D39/><U11/><E11/><N who="3" m="4170" /><G18/><T109/><D109/><U10/><E10/><N who="2" m="2415" /><F34/><W56/><G0/><T3/><D3/><U67/><E30/><V35/><F35/><W80/><G58/><T65/><D15/><U2/><E2/><V128/><F107/><W14/><G14/><T68/><D5/><U115/><E97/><N who="3" m="37450" /><G80/><T116/><D116/><U17/><E29/><V37/><F108/><W83/><G83/><T6/><D6/><U90/><E115/><V36/><F128/><W86/><G86/><T94/><D44/><U71/><E67/><V113/><F120/><W77/><G77/><T74/><D74/><U122/><E122/><V21/><F113/><W25/><G25/><T43/><D87/><U26/><E26/><V45/><F21/><W119/><G119/><T79/><D79/><U69/><E69/><V38/><F45/><W24/><G24/><T125/><D125/><U19/><E19/><V57/><F57/><W84/><G84/><T118/><D118/><U101/><E27/><RYUUKYOKU ba="1,0" sc="290,-15,305,-15,170,15,235,15" hai2="36,37,38,40,42,132,135" hai3="48,49,50,52,56,88,91" /><INIT seed="2,2,0,5,5,117" ten="275,290,185,250" oya="2" hai0="14,90,69,100,68,28,61,30,19,12,111,125,22" hai1="51,99,130,131,3,86,20,21,115,134,55,8,15" hai2="62,85,43,122,65,129,31,11,34,113,4,70,112" hai3="9,83,78,60,1,2,128,135,63,75,103,48,88" shuffle="mt19937ar,00643B93,6128FBF2,A54E30C8,10D031A3,77BDD63D,2A6D7DFE,BA707148,1C8E6D0A"/><V59/><F129/><N who="1" m="49161" /><E134/><V118/><F118/><W41/><G128/><T6/><D100/><U39/><E39/><V94/><F43/><W26/><G135/><T66/><D69/><U101/><E3/><V97/><F85/><W126/><G126/><T77/><D77/><U98/><E115/><V54/><F122/><W82/><G103/><T27/><D125/><U124/><E86/><V45/><F45/><W56/><G2/><T33/><D111/><U74/><E74/><V114/><F31/><W42/><G48/><T10/><D28/><U37/><E37/><V92/><F34/><W46/><G46/><T40/><D40/><U38/><E38/><V57/><F97/><N who="1" m="36873" /><E101/><V76/><F76/><W108/><G108/><T120/><REACH who="0" step="1"/><D90/><REACH who="0" step="2"/><U102/><E102/><V110/><F110/><W71/><G71/><T105/><D105/><U49/><E124/><V35/><F35/><W58/><G42/><T17/><D17/><N who="1" m="8423" /><E49/><V107/><F107/><W89/><G41/><T84/><D84/><U93/><E93/><V47/><F94/><W25/><G78/><T50/><D50/><U13/><E51/><N who="2" m="29055" /><F92/><W0/><G75/><T95/><D95/><U18/><E55/><V72/><F72/><W53/><G53/><T23/><D23/><AGARI ba="2,1" hai="13,18,20,21,23" m="8423,36873,49161" machi="23" ten="30,1000,0" yaku="19,1" doraHai="117" who="1" fromWho="0" sc="265,-16,290,26,185,0,250,0" /><INIT seed="3,0,0,2,5,41" ten="249,316,185,250" oya="3" hai0="24,19,80,113,116,8,38,91,96,118,135,89,12" hai1="86,95,6,84,79,56,49,131,76,31,39,104,54" hai2="30,94,83,68,109,52,64,40,55,130,37,129,73" hai3="18,126,106,97,60,10,121,35,33,78,112,21,59" shuffle="mt19937ar,7B9A4DAD,F3ED038D,423CD316,AF796EE9,6D4F6D53,C56F57FC,35619CC8,607D3829"/><W119/><G121/><T127/><D38/><U110/><E104/><V44/><F94/><W72/><G119/><T23/><D135/><U69/><E69/><V26/><F83/><W107/><G112/><T114/><D127/><U99/><E39/><V4/><F4/><W87/><G72/><T85/><D96/><U14/><E110/><V5/><F5/><W103/><G107/><T0/><D0/><U117/><E31/><V28/><F28/><W20/><G10/><T108/><D108/><U62/><E131/><N who="2" m="50187" /><F73/><W42/><G126/><T101/><D101/><N who="1" m="60671" /><E117/><V3/><F3/><W132/><G132/><T48/><D91/><U77/><E62/><N who="2" m="39959" /><F109/><W36/><G21/><AGARI ba="0,0" hai="21,26,30,37,40,44,52,55" m="39959,50187" machi="21" ten="30,3900,0" yaku="19,1,52,1,54,1" doraHai="41" who="2" fromWho="3" sc="249,0,316,0,185,39,250,-39" owari="249,0,316,32,224,-13,211,-19" /></mjloggm>