<mjloggm ver="2.3"><GO type="185"/><UN n0="%E5%8D%81%E5%85%AD%E5%A4%9C%E2%80%A0%E5%92%B2%E5%A4%9C" n1="%EF%BC%BC%28%EF%BC%BE%6F%EF%BC%BE%29%EF%BC%8F%E2%98%85" n2="%E3%81%B5%E3%81%8F%EF%BC%A3%EF%BD%88%EF%BD%81%EF%BD%8E%E2%99%AA" n3="" dan="16,17,16,0" rate="2177,2163,2177,1500" sx="F,M,F,C"/><TAIKYOKU oya="0"/><INIT seed="0,0,0,1,3,41" ten="350,350,350,0" oya="0" hai0="66,96,116,122,48,53,135,0,127,124,50,106,74" hai1="95,78,119,84,51,52,37,38,121,47,117,114,128" hai2="68,133,61,123,89,88,131,82,60,132,118,43,57" hai3="" shuffle="mt19937ar,193369B2,B96D9025,CF2BF5FE,7705241D,0E5348D2,C8F5CA4B,24E1E016,7AE9D9AE"/><T70/><N who="0" m="31264" /><T63/><D0/><U72/><N who="1" m="31008" /><U1/><E1/><V35/><N who="2" m="31520" /><V108/><F35/><T134/><D74/><U126/><E114/><V81/><F118/><T104/><D104/><U99/><E72/><V39/><F68/><T94/><D106/><U120/><N who="1" m="30752" /><U110/><E128/><V109/><F131/><T115/><D115/><U33/><E33/><V46/><F61/><T3/><D3/><U80/><E126/><N who="0" m="48169" /><D94/><U44/><E110/><N who="2" m="42603" /><F81/><T64/><D96/><U113/><E113/><V42/><F42/><T91/><D91/><N who="2" m="34890" /><F82/><T92/><D92/><U59/><E119/><V34/><F34/><T67/><D116/><U101/><REACH who="1" step="1"/><E117/><REACH who="1" step="2"/><V97/><F97/><T45/><D50/><U49/><E49/><V58/><F60/><T40/><D40/><U2/><E2/><V76/><F43/><T55/><D55/><U77/><E77/><V65/><F76/><T98/><D98/><U54/><E54/><V100/><F100/><T90/><D90/><U129/><E129/><V32/><F32/><T62/><D62/><U75/><E75/><V71/><F71/><T103/><D103/><U79/><E79/><V56/><F39/><AGARI ba="0,1" hai="37,38,39,44,47,51,52,59,78,80,84,95,99,101" m="30752,31008" machi="39" ten="40,12000,2" yaku="1,1,52,4,54,1,53,0" doraHai="41" doraHaiUra="125" who="1" fromWho="2" sc="350,0,340,130,350,-120,0,0" /><INIT seed="1,0,0,3,1,47" ten="350,470,230,0" oya="1" hai0="100,96,124,54,61,75,33,79,77,122,118,49,102" hai1="57,35,83,120,85,73,48,0,58,41,112,40,104" hai2="82,106,134,90,114,121,64,3,71,115,88,127,52" hai3="" shuffle="mt19937ar,8BA48464,B9B4B3DB,99E0EEBC,F6CF0BAB,CD2DB492,7A5734D0,9A40DA16,10BE1B7F"/><U87/><N who="1" m="30752" /><U84/><E35/><V46/><N who="2" m="31008" /><V55/><F3/><T45/><N who="0" m="31264" /><T93/><D33/><U101/><E0/><V51/><F106/><T130/><D130/><U34/><E34/><V2/><F2/><T135/><D135/><U91/><E112/><N who="2" m="43051" /><F127/><T97/><D124/><U44/><E41/><V117/><F134/><T129/><D129/><U105/><E73/><V80/><F55/><T68/><D118/><U86/><E101/><V72/><F72/><T70/><D75/><U89/><E89/><N who="2" m="34411" /><F117/><T125/><D125/><U56/><AGARI ba="0,0" hai="40,44,48,56,57,58,83,84,85,86,87,91,104,105" m="30752" machi="56" ten="30,4000,0" yaku="0,1,52,2" doraHai="47" who="1" fromWho="1" sc="350,-20,470,40,230,-20,0,0" /><INIT seed="1,1,0,1,1,112" ten="330,510,210,0" oya="1" hai0="2,134,39,43,102,133,81,33,97,78,76,105,91" hai1="114,87,73,54,45,94,89,120,121,67,40,84,75" hai2="124,127,42,90,80,37,116,77,3,47,1,55,130" hai3="" shuffle="mt19937ar,62007D20,F018058C,6413C13D,A6502BB0,DC4B25EC,2320DF40,2C2A6380,3608CF79"/><U50/><N who="1" m="30752" /><U72/><N who="1" m="31008" /><U125/><E114/><V88/><F130/><T95/><D2/><U61/><E125/><N who="2" m="48203" /><F55/><T123/><N who="0" m="31520" /><T100/><D33/><U65/><E87/><V70/><F70/><T108/><D43/><U35/><E35/><V69/><F69/><T129/><D39/><U85/><E85/><V44/><F44/><T96/><D108/><U32/><E32/><V118/><F1/><T38/><D38/><U109/><E109/><V126/><N who="2" m="48211" /><V34/><DORA hai="132" /><F3/><T92/><D129/><U86/><E86/><V82/><F34/><T68/><D68/><U119/><E119/><N who="2" m="45611" /><F80/><T57/><D57/><U62/><E54/><V101/><F101/><T49/><D49/><U71/><E71/><V63/><F63/><T83/><REACH who="0" step="1"/><D91/><REACH who="0" step="2"/><U60/><AGARI ba="1,1" hai="40,45,50,60,61,62,65,67,72,73,75,84,89,94" m="31008,30752" machi="60" ten="40,5200,0" yaku="0,1,52,2" doraHai="112,132" who="1" fromWho="1" sc="320,-27,510,64,210,-27,0,0" /><INIT seed="1,2,0,5,1,37" ten="293,574,183,0" oya="1" hai0="80,2,122,48,126,118,99,132,96,116,90,82,81" hai1="33,41,54,91,106,76,92,65,103,102,112,62,55" hai2="95,85,94,52,123,75,101,45,56,70,3,107,121" hai3="" shuffle="mt19937ar,1BC020F2,807B3C02,BB956C27,57873DE5,0A859546,C87F55E2,498EA002,19ADC93C"/><U100/><E33/><V58/><N who="2" m="31008" /><V50/><N who="2" m="31520" /><V57/><F70/><T119/><N who="0" m="31264" /><T40/><D2/><U83/><E106/><V125/><F75/><T72/><D72/><U127/><E112/><V61/><F125/><T117/><D132/><U115/><E115/><V89/><F107/><T66/><D126/><U60/><E127/><V98/><REACH who="2" step="1"/><F3/><REACH who="2" step="2"/><T68/><D119/><U43/><E76/><V105/><F105/><T77/><D118/><U74/><E74/><V104/><F104/><T134/><D117/><U114/><E114/><V120/><N who="2" m="30752" /><V49/><F49/><T79/><D116/><U46/><E62/><AGARI ba="2,1" hai="45,50,52,56,57,58,61,62,85,89,94,95,98,101" m="30752,31520,31008" machi="62" ten="40,12000,2" yaku="1,1,8,1,52,3,54,1,53,0" doraHai="37" doraHaiUra="34" who="2" fromWho="1" sc="293,0,574,-124,173,134,0,0" /><INIT seed="2,0,0,5,3,51" ten="293,450,307,0" oya="2" hai0="71,78,117,53,1,33,70,130,110,83,75,67,66" hai1="35,43,133,0,74,72,94,112,48,2,56,121,107" hai2="69,59,77,87,124,132,119,98,99,91,122,50,38" hai3="" shuffle="mt19937ar,D69CE956,28471461,B227E7D4,D6A92C3A,544E5C72,BFAA0587,2ACB1E06,781D6F43"/><V82/><N who="2" m="31264" /><V49/><F38/><T118/><D1/><U68/><N who="1" m="31008" /><U46/><E107/><V39/><F39/><T73/><D33/><U55/><E35/><V97/><F69/><T62/><D110/><U60/><E133/><V36/><F36/><T63/><D130/><U89/><E112/><V126/><F132/><T106/><D106/><U32/><E32/><V105/><F49/><T125/><D125/><N who="2" m="48234" /><F50/><T45/><D45/><U81/><E68/><V90/><F59/><T113/><D113/><U44/><E74/><V111/><F111/><T128/><D128/><U131/><E131/><V123/><N who="2" m="31520" /><V84/><F119/><T114/><D114/><U76/><E46/><V95/><F105/><T3/><D3/><U85/><AGARI ba="0,0" hai="0,2,43,44,48,55,56,60,72,76,81,85,89,94" m="31008" machi="85" ten="20,3900,0" yaku="0,1,7,1,52,2" doraHai="51" who="1" fromWho="1" sc="293,-13,450,39,307,-26,0,0" /><INIT seed="4,0,0,0,0,89" ten="280,489,281,0" oya="0" hai0="107,80,40,106,74,114,92,84,102,135,87,128,132" hai1="134,111,129,88,127,56,48,115,0,37,75,63,65" hai2="59,93,122,78,133,105,108,110,42,104,97,70,72" hai3="" shuffle="mt19937ar,903B202C,AA4800CB,D0726E1E,17C1A73E,824C55CA,84090A4D,F5D03EEA,561F6B67"/><T117/><D40/><U55/><E0/><V130/><N who="2" m="31264" /><V123/><N who="2" m="31520" /><V57/><F70/><T49/><D49/><U91/><E111/><V100/><F42/><T101/><D117/><U34/><E34/><V79/><F57/><T32/><D32/><U35/><E35/><V95/><F59/><T112/><D74/><U73/><E37/><V77/><F133/><T125/><D125/><U58/><E127/><V54/><F54/><T121/><N who="0" m="31008" /><T68/><D68/><U67/><E134/><V43/><F43/><T41/><D41/><U98/><E129/><V51/><F51/><T2/><D2/><U119/><E119/><V53/><F53/><T36/><D36/><U94/><E115/><V96/><F72/><T81/><D128/><U126/><E126/><V99/><F130/><T61/><D61/><U60/><E91/><V47/><F47/><AGARI ba="0,0" hai="47,48,55,56,58,60,63,65,67,73,75,88,94,98" machi="47" ten="30,7700,0" yaku="7,1,9,1,52,1,54,1" doraHai="89" who="1" fromWho="2" sc="280,0,489,77,281,-77,0,0" /><INIT seed="5,0,0,5,5,113" ten="280,566,204,0" oya="1" hai0="102,44,1,55,54,66,39,88,77,108,109,99,84" hai1="97,104,118,67,92,72,68,3,33,132,35,71,53" hai2="43,48,126,86,59,65,61,119,135,133,105,78,101" hai3="" shuffle="mt19937ar,87CC7888,BDB7D0FE,F6CBA5FB,F4E1DBC9,28ADB0C9,BE04C8AB,77F8E095,4C2AA14C"/><U62/><E3/><V128/><F86/><T125/><D1/><U89/><E72/><V93/><F101/><T87/><D66/><U116/><E132/><V47/><F93/><T32/><D32/><U121/><N who="1" m="31008" /><U100/><E71/><V129/><F78/><T42/><D125/><U80/><E80/><V96/><F96/><T34/><D34/><U46/><E35/><V74/><F105/><T131/><D131/><N who="2" m="50250" /><F74/><T112/><D112/><U0/><E33/><V64/><F126/><T123/><N who="0" m="31520" /><T114/><D114/><U56/><E46/><V111/><F111/><T51/><D77/><U98/><E0/><V37/><F65/><T94/><D87/><U75/><E75/><V91/><F91/><T106/><REACH who="0" step="1"/><D55/><REACH who="0" step="2"/><U107/><E107/><V134/><F119/><T60/><D60/><AGARI ba="0,1" hai="53,56,60,62,67,68,89,92,97,98,100,104,116,118" m="31008" machi="60" ten="30,11600,0" yaku="7,1,52,3" doraHai="113" who="1" fromWho="0" sc="270,-116,566,126,204,0,0,0" /><INIT seed="5,1,0,0,2,32" ten="154,692,204,0" oya="1" hai0="82,110,87,46,34,131,118,127,70,42,132,57,55" hai1="85,45,67,106,92,36,135,124,126,90,107,62,41" hai2="0,101,105,71,80,54,115,99,108,37,76,79,130" hai3="" shuffle="mt19937ar,BED7327E,EF19A406,11CCEAB3,4A373DCA,0A8A3A4D,52EAE776,81D3E2D6,3D40F6D5"/><U53/><E135/><V73/><F54/><T1/><D34/><U96/><E53/><V113/><F71/><T43/><D70/><U65/><E65/><V112/><F37/><T120/><N who="0" m="30752" /><T68/><D68/><U74/><E74/><V38/><F38/><T129/><D110/><U66/><E66/><V75/><F108/><T98/><D118/><U100/><E106/><V48/><F48/><T94/><D132/><U104/><E104/><V83/><F0/><T121/><N who="0" m="31008" /><T56/><D127/><U39/><E39/><V40/><F40/><T69/><D69/><U88/><E90/><V81/><F130/><T93/><D1/><U133/><E133/><V35/><F35/><T122/><N who="0" m="31264" /><T2/><D2/><U109/><E109/><V72/><AGARI ba="1,0" hai="72,73,75,76,79,80,81,83,99,101,105,112,113,115" machi="72" ten="50,12000,3" yaku="0,1,29,2,15,1,11,1,34,3" doraHai="32" who="2" fromWho="2" sc="154,-41,692,-81,204,122,0,0" /><INIT seed="6,0,0,1,2,3" ten="113,611,326,0" oya="2" hai0="110,92,70,76,68,96,109,49,48,39,105,57,37" hai1="108,40,38,113,106,36,93,133,83,124,102,104,42" hai2="62,111,94,84,77,74,64,66,2,55,129,122,71" hai3="" shuffle="mt19937ar,E0ADD408,0AD63F2C,F12745DF,CABEC820,1D863189,FDB190C0,8F2F0D8A,2CB0D8BF"/><V86/><N who="2" m="31264" /><V44/><F2/><T46/><D105/><U103/><E108/><V51/><F111/><T130/><D76/><U97/><E113/><V127/><F127/><T67/><D92/><U89/><E124/><V54/><F64/><T45/><D96/><U120/><N who="1" m="30752" /><U41/><E133/><V80/><F129/><T116/><D116/><U119/><E119/><V33/><F33/><T88/><D88/><U59/><E83/><V126/><F126/><T131/><D67/><U79/><E79/><V91/><REACH who="2" step="1"/><F54/><REACH who="2" step="2"/><T128/><REACH who="0" step="1"/><D128/><REACH who="0" step="2"/><U85/><E42/><V117/><F117/><T98/><D98/><AGARI ba="0,2" hai="44,51,55,62,66,71,74,77,80,84,86,91,94,98" m="31264" machi="98" ten="30,11600,0" yaku="1,1,7,1,52,1,53,1" doraHai="3" doraHaiUra="63" who="2" fromWho="0" sc="103,-116,611,0,316,136,0,0" owari="-13,-61,611,56,452,5,0,0" /></mjloggm>