<mjloggm ver="2.3"><GO type="225"/><UN n0="%E3%83%9B%E3%83%A2%E3%83%8F%E3%83%A0" n1="%E7%B7%9A%E5%BD%A2%E8%A8%88%E7%94%BB%E6%B3%95" n2="%E3%82%B9%E3%83%91%E3%83%BC%E3%82%AF%E3%82%B9" n3="%45%56%41%4E%53%49%55" dan="16,16,16,16" rate="2068,2023,2057,2071" sx="M,M,M,M"/><TAIKYOKU oya="0"/><INIT seed="0,0,0,0,3,5" ten="250,250,250,250" oya="0" hai0="3,12,53,32,115,116,131,11,135,81,19,29,10" hai1="62,54,8,104,98,109,2,56,47,14,102,126,49" hai2="65,119,27,92,13,67,60,46,105,123,118,89,129" hai3="1,103,22,91,17,30,88,73,121,114,134,18,72" shuffle="mt19937ar,F8615EE8,D951975C,21E6A4E7,8990F01A,17C19133,511662D2,A1B7A5DC,4D219E81"/><T4/><D116/><U80/><E109/><V71/><F105/><W117/><G114/><T124/><D115/><U90/><E126/><V33/><F123/><W96/><G117/><N who="2" m="44553" /><F129/><W113/><G113/><T111/><D131/><U52/><E2/><V44/><F65/><W97/><G121/><T37/><D124/><U20/><E20/><V31/><F13/><W122/><G122/><T93/><D111/><U76/><E90/><V51/><F51/><W78/><G1/><T45/><D81/><U68/><E68/><V66/><F67/><W112/><G112/><T42/><D135/><U132/><E132/><V55/><F55/><W125/><G125/><T120/><D120/><U101/><E98/><AGARI ba="0,0" hai="27,31,33,44,46,60,66,71,89,92,98" m="44553" machi="98" ten="30,1000,0" yaku="12,1" doraHai="5" who="2" fromWho="1" sc="250,0,250,-10,250,10,250,0" /><INIT seed="1,0,0,2,2,108" ten="250,240,260,250" oya="1" hai0="0,9,24,98,4,67,70,51,78,22,104,126,64" hai1="20,130,122,46,35,33,65,29,54,119,47,53,62" hai2="134,58,72,107,31,132,73,131,75,92,110,94,19" hai3="1,10,27,74,106,113,91,45,40,100,41,55,95" shuffle="mt19937ar,FB7FE31E,7A9FA092,0A74A044,6170D5C6,6E4539F1,DF054FFC,984A2734,B817F208"/><U7/><E119/><V38/><F38/><W52/><G74/><T86/><D126/><U125/><E125/><V6/><F6/><W66/><G113/><T57/><D104/><U81/><E122/><V12/><F31/><W99/><G66/><T85/><D98/><U115/><E115/><V82/><F82/><W3/><G40/><T127/><D127/><U133/><E130/><V32/><F32/><W117/><G117/><T128/><D128/><U14/><E35/><V48/><F107/><W93/><G106/><T97/><D97/><U15/><E33/><V109/><F131/><W120/><G120/><T18/><D70/><U102/><E102/><V8/><F58/><W30/><G3/><T101/><D101/><U43/><E81/><V71/><F48/><N who="3" m="26671" /><G10/><T103/><D103/><U23/><E65/><V123/><F71/><W76/><G76/><T36/><D36/><U84/><E84/><N who="0" m="32361" /><D78/><U118/><E118/><V25/><F123/><W39/><G1/><T49/><D64/><U63/><E43/><V89/><F25/><W69/><G39/><T96/><D96/><U5/><REACH who="1" step="1"/><E29/><REACH who="1" step="2"/><V42/><F42/><W124/><G124/><T121/><D121/><U105/><E105/><V68/><F68/><W17/><G30/><T13/><D0/><U111/><E111/><N who="2" m="42507" /><F89/><W28/><G28/><T77/><D77/><U112/><E112/><V11/><F92/><N who="3" m="56735" /><G69/><T16/><D18/><U135/><AGARI ba="0,1" hai="5,7,14,15,20,23,46,47,53,54,62,63,133,135" machi="135" ten="25,9600,0" yaku="1,1,0,1,22,2,53,0" doraHai="108" doraHaiUra="26" who="1" fromWho="1" sc="250,-32,230,106,260,-32,250,-32" /><INIT seed="1,1,0,1,5,128" ten="218,336,228,218" oya="1" hai0="53,87,41,23,119,58,132,15,10,45,50,100,126" hai1="18,66,114,93,117,130,92,113,97,120,67,25,22" hai2="28,81,98,129,3,42,55,51,70,74,24,124,116" hai3="29,91,94,4,52,71,19,38,64,62,37,106,6" shuffle="mt19937ar,B00EAAD6,A33EB556,F3DFE7EF,C694C376,45270942,815FE00D,A92734DA,720436BE"/><U68/><E120/><V56/><F70/><W115/><G115/><T20/><D126/><U108/><E117/><V1/><F116/><W75/><G75/><T40/><D119/><U109/><E130/><V84/><F124/><W85/><G106/><T105/><D132/><U90/><E93/><V133/><F129/><W31/><G19/><T63/><D105/><U80/><E80/><V27/><F27/><W135/><G135/><T65/><D100/><U102/><E90/><V76/><F133/><W123/><G123/><T88/><D41/><U9/><E9/><V78/><F78/><W44/><G37/><T30/><D30/><U54/><E54/><V79/><F79/><W43/><REACH who="3" step="1"/><G52/><REACH who="3" step="2"/><T83/><D40/><U103/><E18/><AGARI ba="1,1" hai="10,15,18,20,23,45,50,53,58,63,65,83,87,88" machi="18" ten="30,8000,1" yaku="7,1,25,2,8,1,54,1" doraHai="128" who="0" fromWho="1" sc="218,93,336,-83,228,0,208,0" /><INIT seed="2,0,0,5,2,38" ten="311,253,228,208" oya="2" hai0="52,134,116,93,123,91,18,89,8,80,68,105,29" hai1="59,100,47,109,28,64,74,33,37,51,7,14,95" hai2="13,65,92,71,22,9,128,112,104,35,75,41,84" hai3="127,119,114,81,117,6,10,23,126,66,49,55,57" shuffle="mt19937ar,BD8D3244,F9A71AC0,6D963B3E,D24F03C0,0D2AD4AA,BCBC4014,7C73F1D6,65DB5B3C"/><V58/><F75/><W3/><G114/><T79/><D105/><U70/><E74/><V96/><F35/><W56/><G81/><T2/><D116/><U78/><E78/><V4/><F112/><W44/><G23/><T15/><D123/><U16/><E7/><V63/><F104/><W111/><G111/><T50/><D68/><U0/><E0/><V20/><F128/><W69/><G10/><T131/><D131/><U85/><E37/><V42/><F84/><W129/><G129/><T39/><D39/><U19/><E19/><V120/><F120/><W53/><G6/><T76/><D29/><U36/><E36/><V83/><F83/><W46/><G3/><T34/><D34/><U87/><E70/><V118/><F118/><W1/><G1/><T121/><D134/><U45/><E45/><V54/><F71/><W77/><G77/><T132/><D132/><U40/><E109/><V133/><F133/><W27/><G27/><T88/><D2/><U73/><E73/><V48/><F65/><W17/><G17/><T122/><D93/><U21/><E28/><V43/><F63/><W90/><G90/><AGARI ba="0,0" hai="4,9,13,20,22,41,42,43,48,54,58,90,92,96" machi="90" ten="40,12000,1" yaku="8,1,52,3" doraHai="38" who="2" fromWho="3" sc="311,0,253,0,228,120,208,-120" /><INIT seed="2,1,0,5,5,10" ten="311,253,348,88" oya="2" hai0="119,32,33,7,8,120,123,12,2,69,110,27,131" hai1="1,59,78,4,92,43,75,3,44,35,62,122,132" hai2="100,104,73,37,84,133,38,66,96,5,9,49,67" hai3="93,129,6,58,134,89,112,54,99,79,29,85,74" shuffle="mt19937ar,CBEB7CD6,0F92D37E,C8B87B56,6A94E077,B0A8AB85,2992C7B9,3CEA5DA9,AB42111E"/><V20/><F73/><W16/><G134/><T90/><D69/><U77/><E35/><N who="0" m="13385" /><D90/><U13/><E122/><N who="0" m="46633" /><D131/><U81/><E132/><V108/><F133/><W47/><G29/><T80/><D80/><U71/><E71/><V28/><F84/><W14/><G112/><T41/><D41/><U98/><E78/><V63/><F49/><W11/><G129/><T76/><D76/><U125/><E125/><V128/><F128/><W101/><G74/><T0/><D119/><U95/><E95/><V70/><F66/><W113/><G113/><T34/><D110/><U109/><E109/><V105/><F105/><W17/><G47/><T86/><D86/><U114/><E114/><V94/><F104/><W65/><G65/><T25/><N who="0" m="13393" /><T46/><DORA hai="117" /><D46/><U130/><E130/><V19/><F108/><W57/><G79/><T115/><D115/><U45/><E45/><V52/><F52/><W61/><REACH who="3" step="1"/><G58/><REACH who="3" step="2"/><T111/><D111/><U107/><E44/><V50/><F67/><W103/><G103/><T15/><D2/><U36/><E1/><V30/><F100/><W31/><G31/><T118/><D118/><U97/><E3/><V23/><F28/><W83/><AGARI ba="1,1" hai="6,11,14,16,17,54,57,61,83,85,89,93,99,101" machi="83" ten="20,12000,2" yaku="1,1,0,1,7,1,8,1,52,1,54,1,53,1" doraHai="10,117" doraHaiUra="127,56" who="3" fromWho="3" sc="311,-31,253,-31,348,-61,78,133" /><INIT seed="3,0,0,3,0,75" ten="280,222,287,211" oya="3" hai0="135,99,54,52,78,26,2,112,9,71,82,110,41" hai1="97,114,1,115,90,66,85,21,38,30,76,69,45" hai2="55,68,116,81,98,14,65,17,10,49,121,15,50" hai3="70,5,102,43,89,33,13,37,86,36,93,48,63" shuffle="mt19937ar,E63530C8,3F182094,EFB0C378,13D4E340,EABD3B41,565AD2D2,821254DA,DA7D67C4"/><W117/><G117/><T16/><D135/><U22/><E1/><V6/><F116/><W124/><G33/><T24/><D71/><U12/><E66/><V103/><F121/><W57/><G70/><T94/><D110/><U74/><E69/><V131/><F131/><W101/><G124/><T100/><D41/><U62/><E62/><V46/><F68/><W0/><G0/><T96/><D96/><U42/><E97/><V134/><F65/><N who="3" m="39151" /><G37/><T19/><D112/><U73/><E73/><V40/><F134/><W123/><G36/><T84/><D2/><U92/><E22/><N who="2" m="11575" /><F81/><W125/><G123/><T27/><D19/><U7/><E30/><V34/><F34/><W25/><G25/><T72/><D72/><U132/><E132/><V118/><F118/><W8/><G125/><T126/><D126/><U119/><E119/><V111/><F111/><W107/><G107/><T109/><D109/><U133/><E133/><V104/><F104/><W35/><G35/><T120/><D120/><U32/><E32/><V58/><F98/><W87/><G86/><T88/><D100/><AGARI ba="0,0" hai="6,10,15,40,46,49,50,55,58,100,103" m="11575" machi="100" ten="30,1000,0" yaku="8,1" doraHai="75" who="2" fromWho="0" sc="280,-10,222,0,287,10,211,0" /><INIT seed="4,0,0,3,0,55" ten="270,222,297,211" oya="0" hai0="109,135,108,122,18,60,91,35,29,44,111,94,58" hai1="84,36,63,78,4,39,87,134,99,82,98,8,128" hai2="125,19,121,76,113,95,89,13,93,133,130,107,43" hai3="69,127,85,20,12,129,124,21,120,81,115,72,110" shuffle="mt19937ar,E12D2329,15BF7A0E,C7046BE1,E6D4F198,6F7151B4,24726088,21F069CF,2AAE8B3D"/><T80/><D122/><U62/><E128/><V119/><F121/><W51/><G110/><T25/><D135/><U74/><E134/><V2/><F2/><W26/><G120/><T57/><D44/><U132/><E132/><V117/><F133/><W66/><G129/><T40/><D40/><U41/><E39/><V5/><F5/><W31/><G72/><T92/><D18/><U27/><E27/><V47/><F130/><W32/><G115/><T73/><D60/><U45/><E63/><V79/><F107/><W101/><G101/><T53/><D53/><U90/><E62/><V64/><F64/><W1/><G1/><T112/><D112/><U106/><E87/><N who="2" m="52415" /><F95/><N who="0" m="36394" /><D91/><U54/><E54/><V33/><F33/><W116/><G116/><N who="2" m="44617" /><F113/><W24/><G69/><T34/><D34/><U14/><E106/><V46/><F125/><N who="3" m="48203" /><G66/><T23/><D35/><U70/><E70/><V38/><F46/><W65/><G65/><T96/><D96/><U28/><E99/><V42/><F42/><W88/><G26/><T49/><D49/><U100/><E98/><V67/><F67/><W103/><G103/><T68/><D68/><U17/><E100/><V102/><F102/><W75/><G51/><T105/><D105/><U10/><E74/><V0/><F0/><W9/><G75/><T52/><D52/><U37/><E37/><V59/><F59/><W16/><AGARI ba="0,0" hai="9,12,16,20,21,24,31,32,81,85,88" m="48203" machi="16" ten="30,4000,0" yaku="18,1,54,2" doraHai="55" who="3" fromWho="3" sc="270,-20,222,-10,297,-10,211,40" /><INIT seed="5,0,0,4,5,89" ten="250,212,287,251" oya="1" hai0="63,34,82,4,134,57,9,8,119,94,104,83,55" hai1="87,56,103,85,65,37,81,80,132,21,47,111,90" hai2="131,116,33,14,1,66,127,59,102,133,13,64,70" hai3="121,75,38,99,31,44,5,50,98,11,72,130,113" shuffle="mt19937ar,A212A1B8,922FC6E5,0B4EFDE4,4AF767B2,8F94E55B,88F08E7F,FB7B28C6,A676CD63"/><U88/><E132/><V52/><F33/><W122/><G38/><T93/><D104/><U118/><E118/><V109/><F1/><W29/><G113/><T49/><D34/><U107/><E111/><V36/><F116/><W18/><G18/><T20/><D134/><U115/><E115/><V60/><F109/><W78/><G130/><T46/><D119/><U84/><E103/><V28/><F133/><W124/><G124/><T48/><D20/><U74/><E107/><V129/><F127/><W114/><G114/><T91/><D49/><U96/><E74/><V123/><F123/><W105/><G105/><T126/><D126/><U32/><E32/><V54/><F36/><W67/><G67/><T2/><D2/><U16/><E47/><V71/><F28/><W62/><G62/><T25/><D25/><N who="1" m="14503" /><E37/><V26/><F26/><W79/><G44/><T120/><D120/><U23/><E23/><V3/><F3/><W45/><G45/><T42/><D93/><N who="1" m="56359" /><E80/><N who="0" m="30761" /><D4/><U15/><E15/><N who="2" m="5643" /><F102/><W6/><G50/><T10/><D10/><AGARI ba="0,0" hai="5,6,10,11,29,31,72,75,78,79,98,99,121,122" machi="10" ten="25,1600,0" yaku="22,2" doraHai="89" who="3" fromWho="0" sc="250,-16,212,0,287,0,251,16" /><INIT seed="6,0,0,2,2,120" ten="234,212,287,267" oya="2" hai0="26,101,1,57,18,40,2,132,61,52,54,14,65" hai1="32,94,103,68,11,38,129,128,53,34,43,62,58" hai2="5,115,6,87,133,117,126,83,81,113,49,13,74" hai3="106,51,10,131,12,100,122,92,27,89,77,59,45" shuffle="mt19937ar,86E175CE,EED6DE7C,410B8ABF,1FF84528,3BAC9B23,A39799AA,C63FEB7E,59E67FA4"/><V104/><F117/><W86/><G122/><T95/><D132/><U63/><E11/><V44/><F104/><W71/><G71/><T73/><D73/><U130/><E43/><V91/><F133/><W35/><G131/><T116/><D116/><U56/><E38/><V102/><F102/><W85/><G59/><T79/><D79/><U75/><E75/><V80/><F126/><W99/><G35/><T97/><D40/><U67/><REACH who="1" step="1"/><E68/><REACH who="1" step="2"/><V110/><F74/><W127/><G10/><T23/><D2/><U93/><E93/><N who="2" m="54527" /><F110/><W42/><G42/><T76/><D1/><U90/><E90/><V78/><F78/><W72/><G77/><T70/><D70/><U46/><E46/><V17/><F113/><W33/><G72/><T124/><D76/><U19/><E19/><V48/><F115/><W69/><G69/><T47/><D47/><U37/><E37/><V21/><F44/><W50/><G45/><T29/><REACH who="0" step="1"/><D124/><REACH who="0" step="2"/><U98/><AGARI ba="0,2" hai="32,34,53,56,58,62,63,67,94,98,103,128,129,130" machi="98" ten="40,8000,1" yaku="1,1,0,1,19,1,53,1" doraHai="120" doraHaiUra="96" who="1" fromWho="1" sc="224,-20,202,100,287,-40,267,-20" owari="204,-20,302,30,247,0,247,-10" /></mjloggm>