<mjloggm ver="2.3"><GO type="225"/><UN n0="%45%56%41%4E%53%49%55" n1="%6E%6F%72%69%73%69%6F" n2="%73%69%67%65%6E%6F%72%69" n3="%E3%83%AA%E3%83%AA%E3%82%A2%E3%83%BC%E3%83%8C" dan="16,16,17,17" rate="2075,2020,2136,2110" sx="M,M,M,F"/><TAIKYOKU oya="0"/><INIT seed="0,0,0,4,4,135" ten="250,250,250,250" oya="0" hai0="19,72,11,68,111,112,40,14,77,18,85,6,100" hai1="35,97,49,74,132,78,21,28,66,59,91,58,117" hai2="57,128,109,105,118,86,48,98,62,115,75,56,96" hai3="82,123,104,43,33,84,93,133,1,22,119,15,51" shuffle="mt19937ar,3398FA9F,07F71769,7D1F2FC5,FC16FDF8,9EE1EEE0,5FF4355C,83F7D1F9,11340DFA"/><T41/><D112/><U90/><E117/><V70/><F75/><W7/><G33/><T4/><D68/><U0/><E0/><V114/><F70/><W12/><G104/><T120/><D120/><U131/><E35/><V61/><F118/><W17/><G119/><T20/><D72/><U13/><E132/><V110/><F48/><W71/><G71/><T60/><D100/><U16/><E28/><V116/><F116/><W107/><G107/><T87/><D111/><U45/><E131/><V89/><F105/><W64/><G64/><T5/><D60/><U76/><E74/><V81/><F128/><W47/><G123/><T55/><D55/><U29/><E29/><V121/><F121/><W92/><G133/><T113/><D113/><U94/><E90/><V26/><F26/><W63/><G63/><T130/><D130/><U124/><E66/><V108/><F114/><W10/><REACH who="3" step="1"/><G1/><REACH who="3" step="2"/><T32/><D32/><U80/><E58/><V126/><F115/><W25/><G25/><N who="0" m="14495" /><D77/><AGARI ba="0,1" hai="7,10,12,15,17,22,43,47,51,77,82,84,92,93" machi="77" ten="30,8000,1" yaku="1,1,7,1,25,2,8,1,53,0" doraHai="135" doraHaiUra="53" who="3" fromWho="0" sc="250,-80,250,0,250,0,240,90" /><INIT seed="1,0,0,1,3,62" ten="170,250,250,330" oya="1" hai0="118,1,131,90,100,18,79,32,130,61,41,80,74" hai1="106,68,116,50,83,111,91,103,93,129,34,65,126" hai2="37,23,110,127,12,56,16,9,87,36,29,30,98" hai3="107,47,105,59,19,108,5,25,52,49,58,124,135" shuffle="mt19937ar,9BBF190D,4C240B2D,F3FAA9F3,9644DC2A,178667EA,5A16F82A,E8DAE990,DD4FD4C7"/><U46/><E116/><V44/><F127/><W4/><G124/><T134/><D118/><U69/><E126/><V113/><F113/><W22/><G108/><T67/><D1/><U39/><E69/><V119/><F119/><W128/><G128/><N who="0" m="49195" /><D134/><U31/><E129/><V53/><F110/><W78/><G78/><T71/><D32/><U13/><E39/><V35/><F35/><W38/><G135/><T89/><D100/><U26/><E13/><V2/><F98/><W51/><G38/><T7/><D7/><U81/><E111/><V6/><F87/><W94/><G94/><T133/><D133/><U121/><E121/><V10/><F44/><W60/><G107/><T72/><D41/><U73/><E73/><N who="0" m="28265" /><D18/><U24/><E103/><V21/><F30/><W114/><G105/><T132/><D132/><U125/><E106/><V84/><F29/><W11/><G114/><T20/><D20/><U88/><E125/><V97/><F23/><W123/><G123/><T77/><D77/><U85/><E31/><V92/><F21/><W64/><G11/><T27/><D27/><U96/><E34/><V115/><F115/><W3/><G3/><T28/><D28/><U15/><E15/><V40/><F40/><AGARI ba="0,0" hai="4,5,19,22,25,40,47,49,51,52,58,59,60,64" machi="40" ten="30,7700,0" yaku="7,1,8,1,52,1,54,1" doraHai="62" who="3" fromWho="2" sc="170,0,250,0,250,-77,330,77" /><INIT seed="2,0,0,3,0,94" ten="170,250,173,407" oya="2" hai0="95,103,7,106,128,105,58,33,35,69,53,34,23" hai1="92,126,110,131,91,100,107,14,28,15,6,111,1" hai2="48,9,96,124,130,30,76,18,104,37,54,127,116" hai3="2,68,45,11,20,62,108,133,87,24,129,71,47" shuffle="mt19937ar,5D1FB474,597244BB,E92A498C,550A4D34,E1A5B879,1D73C798,237EDE86,BE4D7ED6"/><V50/><F37/><W82/><G133/><T4/><D69/><U86/><E28/><V132/><F116/><W101/><G108/><T85/><D128/><U64/><E131/><V72/><F130/><W97/><G129/><T67/><D67/><U102/><E64/><V31/><F132/><W70/><G62/><T5/><D23/><U38/><E38/><V22/><F9/><W78/><G11/><T135/><D135/><U59/><E59/><V0/><F0/><W118/><G2/><T25/><D25/><U21/><E1/><V17/><F72/><W32/><G32/><T65/><D65/><U66/><E66/><V16/><F76/><W80/><G80/><T79/><D79/><U10/><E126/><N who="2" m="48171" /><F22/><W41/><G41/><T56/><D56/><U12/><E107/><V42/><F42/><W115/><G115/><T93/><D85/><U29/><E21/><V117/><F117/><W134/><G134/><T55/><D58/><U114/><E114/><V8/><F8/><W57/><G57/><T51/><D51/><N who="2" m="19498" /><F54/><N who="0" m="20490" /><D103/><AGARI ba="0,0" hai="16,17,18,30,31,96,103,104" m="19498,48171" machi="103" ten="40,7700,0" yaku="18,1,52,1,54,1" doraHai="94" who="2" fromWho="0" sc="170,-77,250,0,173,77,407,0" /><INIT seed="2,1,0,5,3,1" ten="93,250,250,407" oya="2" hai0="107,11,79,89,2,50,28,37,9,74,73,71,6" hai1="98,122,54,62,12,24,133,77,81,102,42,100,116" hai2="40,75,86,20,120,97,69,80,41,7,15,127,108" hai3="84,51,45,13,88,53,61,115,117,48,91,110,104" shuffle="mt19937ar,5F623C9F,2E311D9E,C3D7D203,AC484ACA,11F6FBD8,EF247599,8C89C3E0,F57FD1CD"/><V10/><F120/><W29/><G104/><T52/><D107/><U134/><E116/><V22/><F69/><W8/><G110/><T121/><D121/><U72/><E42/><N who="2" m="16491" /><F75/><W46/><G117/><T56/><D71/><U34/><E122/><V96/><F127/><W19/><G29/><T55/><D37/><U126/><E126/><V112/><F112/><W70/><G115/><T90/><D28/><U101/><E34/><V87/><F108/><W38/><G38/><T135/><D135/><N who="1" m="51723" /><E24/><V14/><F14/><W125/><G125/><T129/><D129/><U67/><E54/><V60/><F60/><W103/><G103/><T66/><D66/><U58/><E12/><V76/><F87/><W21/><G84/><T132/><D132/><U109/><E109/><V92/><F96/><AGARI ba="1,0" hai="58,62,67,72,77,81,96,98,100,101,102" m="51723" machi="96" ten="30,1000,0" yaku="20,1" doraHai="1" who="1" fromWho="2" sc="93,0,250,13,250,-13,407,0" /><INIT seed="3,0,0,4,2,0" ten="93,263,237,407" oya="3" hai0="27,102,41,75,109,105,37,42,80,118,132,12,25" hai1="57,72,54,97,104,94,36,44,51,128,100,65,28" hai2="63,61,114,88,46,115,129,30,3,17,16,35,11" hai3="85,9,95,24,83,22,134,45,33,131,15,110,76" shuffle="mt19937ar,CBF36882,55F95DC2,888EE2D3,42D74AB5,69A52053,059F06CE,DD79FC74,516A2BAB"/><W59/><G33/><T21/><D118/><U26/><E72/><V58/><F129/><W56/><G134/><T108/><D132/><U49/><E128/><V71/><F71/><W47/><G110/><T52/><D37/><U55/><E36/><V10/><F35/><W78/><G78/><T130/><D130/><U6/><E65/><V7/><F30/><W32/><G32/><T38/><D38/><U14/><E104/><V69/><F69/><W106/><G95/><T112/><D112/><U81/><E81/><V123/><F123/><W113/><G113/><T64/><D64/><U89/><E100/><V96/><F61/><W79/><G79/><T53/><D80/><U39/><E39/><V135/><F135/><W5/><G106/><T1/><D105/><U120/><E120/><V43/><F114/><W70/><G70/><T29/><D102/><U103/><E103/><V92/><F10/><W20/><G20/><T60/><D21/><N who="1" m="15439" /><E14/><V66/><F115/><W121/><G121/><T93/><D12/><U77/><E77/><V68/><F68/><W122/><G122/><T34/><D29/><U50/><E50/><AGARI ba="0,0" hai="3,7,11,16,17,43,46,50,58,63,66,88,92,96" machi="50" ten="30,7700,0" yaku="7,1,52,1,54,2" doraHai="0" who="2" fromWho="1" sc="93,0,263,-77,237,77,407,0" owari="93,-31,186,-16,314,6,407,41" /></mjloggm>