<mjloggm ver="2.3"><GO type="225"/><UN n0="%E5%88%BB%E5%AD%90%E5%B8%82%E6%B0%91" n1="%E4%BA%8C%E4%B8%89%E8%B5%A4%E4%BA%94%EF%BC%94%EF%BC%96%EF%BC%98" n2="%EF%BC%88%EF%BC%8A%EF%BC%9E%EF%BC%9C%EF%BC%89" n3="%E7%B7%9A%E5%BD%A2%E8%A8%88%E7%94%BB%E6%B3%95" dan="17,16,17,16" rate="2135,2075,2175,2007" sx="M,M,F,M"/><TAIKYOKU oya="0"/><INIT seed="0,0,0,2,0,112" ten="250,250,250,250" oya="0" hai0="122,101,79,81,7,89,13,29,93,50,120,12,46" hai1="83,119,76,20,102,5,65,33,95,2,71,8,73" hai2="44,38,70,40,6,117,124,35,131,116,67,130,55" hai3="3,98,39,132,25,1,9,58,28,54,90,19,69" shuffle="mt19937ar,DAC61C06,97232B28,FFB2E86E,FAD76E36,1F95A8B1,9E6702D4,FD063236,46EA2F13"/><T15/><D7/><U86/><E119/><N who="2" m="45643" /><F35/><W103/><G39/><T11/><D101/><U42/><E33/><V10/><F124/><W106/><G69/><T30/><D11/><U115/><E115/><V123/><F123/><W107/><G107/><T27/><D27/><U111/><E111/><V80/><F55/><W16/><G90/><T87/><D122/><U64/><E71/><V22/><F22/><W4/><G1/><T31/><D120/><U96/><E20/><V127/><F127/><W0/><G0/><T125/><D125/><U104/><REACH who="1" step="1"/><E42/><REACH who="1" step="2"/><V110/><F110/><W85/><G132/><T109/><D109/><U24/><E24/><V105/><F105/><W26/><G25/><T63/><D63/><U68/><E68/><V48/><F38/><W77/><G26/><T100/><D100/><U43/><E43/><V60/><F80/><W118/><G103/><T84/><REACH who="0" step="1"/><D31/><REACH who="0" step="2"/><U61/><E61/><V126/><F126/><W99/><G28/><T51/><D51/><U36/><E36/><V94/><F94/><W47/><G118/><T41/><AGARI ba="0,2" hai="12,13,15,29,30,41,46,50,79,81,84,87,89,93" machi="41" ten="30,6000,0" yaku="1,1,0,1,8,1,53,0" doraHai="112" doraHaiUra="14" who="0" fromWho="0" sc="240,80,240,-20,250,-20,250,-20" /><INIT seed="0,1,0,5,4,86" ten="320,220,230,230" oya="0" hai0="12,46,130,26,15,18,17,73,7,51,122,103,127" hai1="61,62,126,88,119,43,28,120,77,58,47,3,57" hai2="21,53,84,75,116,36,14,29,55,63,35,16,114" hai3="91,42,69,125,48,39,101,80,2,71,68,134,33" shuffle="mt19937ar,AEA47FAD,9BE92B68,1F4379FD,473889A1,F327A72D,2A1CFD79,A606AFF5,E392BB4B"/><T78/><D103/><U87/><E119/><V97/><F75/><W32/><G39/><T109/><D78/><U79/><E3/><V54/><F36/><W25/><G101/><T59/><D73/><U1/><E1/><V112/><F116/><W117/><G117/><T98/><D122/><U24/><E126/><V129/><F97/><W20/><G2/><T93/><D127/><U10/><E10/><V113/><F129/><W65/><G65/><T38/><D38/><U85/><E120/><V90/><F29/><W19/><G134/><T115/><D115/><U52/><E58/><V89/><F35/><W82/><G125/><T67/><D7/><U95/><E85/><V92/><REACH who="2" step="1"/><F90/><REACH who="2" step="2"/><W30/><G30/><T123/><D130/><U83/><E62/><AGARI ba="1,1" hai="14,16,21,53,54,55,62,63,84,89,92,112,113,114" machi="62" ten="50,8000,1" yaku="1,1,2,1,52,1,54,1,53,0" doraHai="86" doraHaiUra="34" who="2" fromWho="1" sc="320,0,220,-83,220,93,230,0" /><INIT seed="1,0,0,0,2,97" ten="320,137,313,230" oya="1" hai0="111,55,101,22,128,62,68,49,8,13,36,33,41" hai1="80,3,121,85,70,61,88,9,31,126,28,109,122" hai2="106,52,66,98,18,78,19,71,123,7,132,83,60" hai3="43,12,48,35,32,91,133,2,58,130,1,129,21" shuffle="mt19937ar,529457B1,6ADA9AFD,E9E11DD5,6AEA628A,4FAB6F2F,50AE22A3,521BD7DF,FB075F27"/><U73/><E126/><V76/><F123/><W38/><G38/><T107/><D33/><N who="3" m="12873" /><G43/><T51/><D36/><U69/><E73/><V77/><F132/><W45/><G45/><T92/><D107/><U39/><E39/><V16/><F7/><W65/><G91/><T81/><D81/><U100/><E109/><V124/><F124/><W94/><G58/><T29/><D41/><U27/><E28/><V112/><F112/><W105/><G65/><T127/><D111/><U118/><E118/><V93/><F106/><W47/><G94/><T115/><D115/><U114/><E114/><V14/><F52/><W11/><G48/><T89/><D89/><U63/><E70/><V134/><F134/><W57/><G47/><T5/><D68/><U54/><E69/><V17/><F83/><W40/><G57/><T102/><D92/><U53/><E53/><V4/><F4/><N who="3" m="3175" /><G105/><T15/><D62/><U67/><E67/><V96/><REACH who="2" step="1"/><F93/><REACH who="2" step="2"/><W120/><G120/><T75/><D55/><U23/><E54/><V34/><F34/><W72/><G133/><T131/><D127/><U44/><E44/><V20/><AGARI ba="0,1" hai="14,16,17,18,19,20,60,66,71,76,77,78,96,98" machi="20" ten="30,4000,0" yaku="1,1,0,1,54,1,53,0" doraHai="97" doraHaiUra="37" who="2" fromWho="2" sc="320,-10,137,-20,303,50,230,-10" /><INIT seed="2,0,0,3,2,129" ten="310,117,353,220" oya="2" hai0="56,85,23,108,73,45,89,120,54,132,25,43,87" hai1="57,105,26,53,48,81,107,5,13,10,12,118,39" hai2="44,7,0,101,21,17,92,95,37,64,52,11,126" hai3="61,130,24,109,15,60,27,49,90,67,114,83,119" shuffle="mt19937ar,1A46FC63,F67C2D3F,1E4430B0,F78EC874,26AE7283,9423F3E9,77399418,83144B12"/><V86/><F64/><W22/><G119/><T8/><D73/><U116/><E39/><V18/><F126/><W28/><G109/><T68/><D68/><U74/><E26/><V1/><F1/><W71/><G130/><T47/><D108/><U131/><E131/><V4/><F4/><W78/><G90/><T103/><D103/><U128/><E128/><V65/><F65/><W98/><G98/><T82/><D120/><U76/><REACH who="1" step="1"/><E13/><REACH who="1" step="2"/><V30/><F37/><W127/><G15/><T55/><D25/><U33/><E33/><V29/><F0/><W20/><G127/><T79/><D47/><U32/><E32/><V80/><F44/><W6/><G27/><T134/><D45/><U3/><E3/><V62/><F30/><W104/><G28/><T38/><D38/><U46/><E46/><V113/><F29/><W59/><G24/><T96/><D43/><U51/><E51/><V94/><F62/><W99/><G49/><T75/><D132/><U58/><E58/><V14/><F14/><W41/><G59/><T91/><D134/><U19/><E19/><V88/><F17/><W36/><G61/><T106/><D56/><U135/><E135/><V16/><F18/><W77/><G60/><T110/><D110/><U111/><E111/><V70/><F16/><W123/><G41/><T84/><D23/><U133/><E133/><V97/><F21/><W31/><G20/><T115/><D115/><U35/><E35/><V72/><F113/><W121/><G22/><T122/><D122/><U124/><E124/><V50/><F50/><W117/><G123/><RYUUKYOKU ba="0,1" sc="310,-10,107,30,353,-10,220,-10" hai1="5,10,12,48,53,57,74,76,81,105,107,116,118" /><INIT seed="3,1,1,3,0,4" ten="300,137,343,210" oya="3" hai0="0,21,120,33,134,112,77,50,53,118,47,60,99" hai1="68,73,122,23,108,15,117,14,3,2,64,70,131" hai2="17,135,128,111,37,13,96,32,107,95,41,69,48" hai3="74,121,62,19,127,55,30,126,34,91,66,24,98" shuffle="mt19937ar,7A753906,FE656404,0A851B13,3AFFD98A,30790306,5D871904,39A6771D,C5708F95"/><W6/><G121/><T133/><D33/><U76/><E73/><V58/><F69/><W65/><G74/><T61/><D120/><U5/><E76/><V67/><F32/><W49/><G19/><T132/><D118/><U44/><E44/><V28/><F28/><W42/><G42/><T29/><D112/><U39/><E39/><V31/><F31/><W46/><G6/><T110/><D110/><U124/><E64/><V11/><F107/><W72/><G72/><T88/><D0/><N who="1" m="43" /><E68/><V27/><F135/><W115/><G115/><T93/><D77/><U78/><E70/><V81/><F128/><W35/><G35/><T106/><D106/><U59/><E59/><V36/><F27/><AGARI ba="1,1" hai="21,27,29,47,50,53,60,61,88,93,99,132,133,134" machi="27" ten="40,2600,0" yaku="20,1,54,1" doraHai="4" who="0" fromWho="2" sc="300,39,137,0,343,-29,210,0" owari="339,34,137,-26,314,6,210,-14" /></mjloggm>