<mjloggm ver="2.3"><GO type="225"/><UN n0="%E3%81%BE%E3%81%AB%E3%82%83%E3%82%80%E3%82%93" n1="%E9%95%B7%E5%B2%A1%E5%A4%A7%E6%98%8E%E7%A5%9E" n2="%62%61%6B%61%73%65" n3="%E7%AB%9C%E9%A9%A4%E9%BA%9F%E6%8C%AF" dan="16,16,16,17" rate="2005,2055,2016,2022" sx="M,F,F,M"/><TAIKYOKU oya="0"/><INIT seed="0,0,0,5,1,123" ten="250,250,250,250" oya="0" hai0="98,36,124,134,22,10,77,135,60,111,94,1,42" hai1="20,104,103,108,69,11,17,107,87,84,91,58,120" hai2="15,102,66,110,6,34,55,71,70,38,74,45,106" hai3="5,64,119,78,40,114,39,105,30,12,52,3,25" shuffle="mt19937ar,95EB51C9,DB3050F0,97CB9AB8,AA24DE9D,5D91E407,529A2B30,79FBED3F,34D12188"/><T112/><D112/><U80/><E69/><V88/><F74/><W116/><G105/><T67/><D77/><U127/><E120/><V95/><F34/><W47/><G114/><T126/><D22/><U21/><E127/><N who="0" m="48681" /><D1/><U41/><E41/><V131/><F131/><W100/><G64/><T29/><D29/><U72/><E72/><V93/><F106/><W23/><G3/><T51/><D10/><U73/><E73/><V122/><F122/><W81/><G100/><N who="0" m="60503" /><D36/><U32/><E32/><V121/><F121/><W59/><G12/><T18/><D18/><U117/><E107/><V35/><F35/><W89/><G5/><T86/><D86/><U92/><E117/><V16/><F6/><W125/><G125/><T56/><D111/><U132/><E108/><V44/><F110/><W24/><G24/><T101/><D101/><U2/><E2/><V118/><F102/><W130/><G130/><T48/><D42/><U90/><E104/><V99/><F95/><W4/><G4/><T0/><D0/><U26/><E103/><V62/><F118/><W75/><REACH who="3" step="1"/><G89/><REACH who="3" step="2"/><T133/><AGARI ba="0,1" hai="48,51,56,60,67,133,134,135" m="60503,48681" machi="133" ten="40,3900,0" yaku="20,1,18,1" doraHai="123" who="0" fromWho="0" sc="250,49,250,-13,250,-13,240,-13" /><INIT seed="0,1,0,5,4,15" ten="299,237,237,227" oya="0" hai0="98,104,7,20,17,8,129,69,71,117,110,81,49" hai1="42,39,80,45,43,31,56,108,21,51,120,107,123" hai2="68,33,18,74,133,38,103,53,57,67,134,113,32" hai3="109,96,61,127,118,26,54,115,135,130,95,10,64" shuffle="mt19937ar,D26BA390,2437DEBA,26CD95EB,8C359C76,73DD24E2,D0FD7CE1,B1A4C260,AD979ED7"/><T27/><D117/><U83/><E107/><V11/><F38/><W47/><G115/><T86/><D129/><U116/><E116/><V106/><F113/><W70/><G118/><T4/><D110/><U59/><E108/><V23/><F74/><W105/><G109/><T29/><D29/><U76/><E31/><V91/><F11/><W73/><G73/><T16/><D49/><U94/><E94/><V2/><F2/><W82/><G82/><T58/><D58/><U121/><E83/><V6/><F6/><W72/><G72/><T114/><D114/><U89/><E89/><V119/><F67/><W132/><G105/><T112/><D112/><U124/><E124/><V30/><F68/><W125/><G26/><T85/><D85/><U99/><E99/><N who="2" m="61823" /><F91/><N who="3" m="55423" /><G130/><T40/><D40/><U62/><E43/><V22/><F22/><W13/><G47/><T78/><D17/><U44/><E44/><V55/><F30/><W25/><G25/><T93/><D104/><U128/><E128/><V24/><F119/><W37/><G54/><N who="2" m="20489" /><F57/><W97/><G97/><T52/><D52/><U101/><E39/><V12/><F24/><W3/><G3/><T0/><D4/><U60/><E101/><AGARI ba="1,0" hai="0,7,8,16,20,27,69,71,78,81,86,93,98,101" machi="101" ten="30,5800,0" yaku="7,1,52,1,54,1" doraHai="15" who="0" fromWho="1" sc="299,61,237,-61,237,0,227,0" /><INIT seed="0,2,0,1,2,18" ten="360,176,237,227" oya="0" hai0="84,70,39,85,59,108,47,21,99,95,97,62,83" hai1="54,40,19,44,41,121,135,93,20,80,10,60,9" hai2="5,86,132,1,82,49,87,34,107,75,16,73,26" hai3="11,43,37,112,113,117,31,55,6,129,35,52,22" shuffle="mt19937ar,899E03B5,28046FC1,8AA529A8,910AD34B,5FF1AC69,9A83F235,7F917AE6,C0259DC5"/><T23/><D70/><U105/><E105/><V58/><F107/><W125/><G35/><T61/><D108/><U0/><E121/><V124/><F124/><W72/><G117/><T111/><D111/><U8/><E135/><V98/><F132/><W27/><G125/><T13/><D39/><U32/><E32/><V7/><F98/><N who="0" m="37386" /><D47/><U57/><E0/><V127/><F127/><W63/><G72/><T133/><D133/><U51/><E93/><V66/><F75/><W42/><G129/><T53/><D13/><U17/><E80/><V118/><F73/><W119/><G119/><T101/><D101/><U88/><E88/><N who="2" m="51287" /><F34/><W48/><G37/><T46/><D46/><U100/><E100/><V131/><F1/><W81/><G81/><T122/><D122/><U56/><E19/><V24/><F24/><W126/><G126/><T14/><D14/><N who="1" m="9271" /><E56/><V64/><F87/><N who="0" m="33354" /><D95/><U71/><E71/><V67/><F131/><W109/><G109/><T92/><D92/><U74/><E74/><V116/><F116/><W76/><G76/><T29/><D29/><U4/><E4/><V90/><F90/><W114/><G6/><T38/><D38/><U103/><E103/><V106/><F106/><W77/><G77/><T94/><D94/><U15/><E15/><V68/><F68/><W123/><G123/><T33/><D33/><U96/><E96/><V36/><F36/><W79/><G79/><T50/><D83/><U128/><E128/><V12/><F26/><W30/><G27/><T2/><D2/><U45/><E45/><V104/><F118/><W91/><G91/><RYUUKYOKU ba="2,0" sc="360,15,176,15,237,-15,227,-15" hai0="21,23,50,53,59,61,62" hai1="8,9,10,40,41,44,51,54,57,60" /><INIT seed="0,3,0,3,0,115" ten="375,191,222,212" oya="0" hai0="41,44,25,81,50,33,46,2,24,84,79,9,54" hai1="28,51,130,85,133,114,103,100,42,77,20,39,6" hai2="61,82,132,95,104,134,119,0,58,128,72,73,91" hai3="101,19,66,98,62,121,69,124,111,107,97,96,31" shuffle="mt19937ar,41EB5E09,5B6A3735,C78A1F6F,021F1E2E,5EA066B0,640ADFAA,ACBBCD6E,EF7E2AA6"/><T63/><D33/><U1/><E39/><V60/><F0/><W57/><G111/><T56/><D2/><U23/><E114/><V47/><F104/><W10/><G124/><T45/><D9/><U94/><E130/><V4/><F4/><W86/><G121/><T109/><D109/><U117/><E133/><N who="2" m="51307" /><F128/><W21/><G69/><T53/><REACH who="0" step="1"/><D44/><REACH who="0" step="2"/><U89/><E1/><V116/><F47/><W36/><G10/><T26/><D26/><U125/><E23/><V123/><F123/><W113/><G113/><T135/><D135/><U131/><E20/><V93/><F73/><W43/><G31/><T30/><D30/><U12/><E28/><V5/><F5/><W17/><G17/><T112/><D112/><U52/><E131/><V37/><F72/><W88/><G36/><AGARI ba="3,1" hai="24,25,36,41,45,46,50,53,54,56,63,79,81,84" machi="36" ten="30,2900,0" yaku="1,1,7,1,53,0" doraHai="115" doraHaiUra="34" who="0" fromWho="3" sc="365,48,191,0,222,0,212,-38" /><INIT seed="0,4,0,5,5,45" ten="413,191,222,174" oya="0" hai0="119,51,85,93,21,101,134,46,5,6,48,127,56" hai1="77,55,67,83,36,13,108,20,18,96,130,4,79" hai2="88,43,7,112,64,104,49,11,29,42,44,1,107" hai3="27,76,60,9,40,98,116,14,84,103,52,109,111" shuffle="mt19937ar,E8E4903C,FFD660CF,344035D1,79CE64D7,23135BE4,7F91B541,BC88FAEA,E2B149B0"/><T125/><D119/><U129/><E36/><V59/><F112/><W114/><G114/><T71/><D71/><U24/><E67/><V39/><F29/><W16/><G116/><T37/><D134/><U32/><E108/><N who="3" m="41546" /><G40/><T97/><D37/><U128/><E96/><V70/><F42/><W86/><G27/><T17/><D56/><U35/><E55/><N who="2" m="32239" /><F88/><W120/><G120/><T113/><D113/><U78/><E83/><V68/><F68/><W41/><G41/><T63/><D63/><AGARI ba="4,0" hai="1,7,11,39,43,44,63,64,70,104,107" m="32239" machi="63" ten="30,2000,0" yaku="24,1,52,1" doraHai="45" who="2" fromWho="0" sc="413,-32,191,0,222,32,174,0" /><INIT seed="1,0,0,0,5,1" ten="381,191,254,174" oya="1" hai0="35,132,97,26,4,85,51,63,52,79,91,105,82" hai1="14,86,34,55,71,44,40,110,37,120,118,135,2" hai2="90,96,102,76,100,128,123,60,19,94,50,57,129" hai3="116,46,24,88,49,33,127,7,18,31,112,114,103" shuffle="mt19937ar,D3F3F07F,B68BD347,9240BE0C,65C854B2,B2DF2F87,A57D29BF,55670EF7,FF2C3D93"/><U84/><E2/><V6/><F123/><W9/><G103/><T53/><D132/><U21/><E118/><V117/><F117/><W124/><G116/><T74/><D4/><U109/><E120/><V8/><F50/><W3/><G18/><T16/><D63/><U59/><E34/><V45/><F45/><W12/><G3/><T11/><D35/><U68/><E135/><V61/><F76/><W10/><G10/><T25/><D105/><U93/><E68/><V106/><F19/><W119/><G119/><T36/><D36/><U65/><E65/><V47/><F47/><W17/><G17/><T62/><D62/><N who="2" m="24170" /><F57/><W92/><G124/><T95/><D74/><U67/><E67/><V58/><F58/><W48/><G127/><T20/><D11/><U66/><E66/><V54/><F54/><N who="0" m="21098" /><D51/><N who="1" m="31231" /><E71/><V99/><F99/><W13/><G49/><T73/><D73/><U22/><E86/><V80/><F80/><W30/><G30/><T131/><D131/><N who="2" m="50250" /><F106/><W72/><G72/><T78/><D26/><U89/><E14/><AGARI ba="0,0" hai="6,8,14,90,94,96,100,102" m="50250,24170" machi="14" ten="30,2000,0" yaku="19,1,52,1" doraHai="1" who="2" fromWho="1" sc="381,0,191,-20,254,20,174,0" /><INIT seed="2,0,0,1,1,21" ten="381,171,274,174" oya="2" hai0="103,90,45,14,111,113,24,123,121,10,75,74,37" hai1="70,54,47,112,88,93,92,60,65,62,94,97,86" hai2="73,64,50,16,4,131,31,52,15,110,32,53,133" hai3="98,69,26,117,36,128,55,27,107,58,0,89,42" shuffle="mt19937ar,ED75FF86,7D36FDAB,C0D42A39,0DF0F511,731FF6B8,25D223B2,D3E2DB91,550C5F21"/><V66/><F73/><W39/><G117/><T72/><D113/><U101/><E112/><V33/><F4/><W125/><G0/><T87/><D103/><U132/><E132/><V129/><F133/><W77/><G69/><T102/><D102/><U119/><E119/><V43/><F43/><W8/><G77/><T48/><D37/><U96/><E47/><V80/><F80/><W59/><G125/><T61/><D24/><U134/><E134/><V38/><F38/><W23/><G128/><N who="2" m="49225" /><F53/><W63/><G8/><T30/><D30/><U29/><E29/><V85/><F85/><W44/><G39/><T78/><D78/><U13/><E13/><V109/><F66/><W19/><G59/><T17/><D61/><U114/><E114/><V71/><F64/><W84/><G107/><T7/><D7/><U105/><REACH who="1" step="1"/><E86/><REACH who="1" step="2"/><V116/><F116/><W104/><G104/><T130/><D130/><U108/><E108/><N who="2" m="41579" /><F31/><W127/><G127/><T6/><D111/><U46/><E46/><N who="2" m="27735" /><F71/><W135/><G135/><T67/><D75/><U81/><E81/><V18/><F18/><W124/><G124/><T79/><D74/><U2/><E2/><V51/><F51/><W126/><G126/><T122/><D48/><U99/><E99/><V28/><F28/><W34/><G98/><T49/><D72/><U115/><E115/><V41/><F41/><W91/><G84/><T40/><D87/><U20/><E20/><AGARI ba="0,1" hai="15,16,20,32,33" m="27735,41579,49225" machi="20" ten="30,12000,1" yaku="19,1,14,1,10,1,54,2" doraHai="21" who="2" fromWho="1" sc="381,0,161,-120,274,130,174,0" /><INIT seed="2,1,0,0,4,79" ten="381,41,404,174" oya="2" hai0="107,95,85,35,111,83,116,55,115,26,100,47,77" hai1="110,88,78,10,94,74,92,5,15,59,86,121,62" hai2="96,127,128,104,52,17,132,80,67,27,71,68,41" hai3="12,20,84,0,9,60,48,123,4,70,81,36,118" shuffle="mt19937ar,18A1A75C,FE341DDB,7527EB9B,93BF1494,8BE1C838,08AB7E98,38F18FBF,1A53FBCC"/><V99/><F41/><W103/><G36/><T25/><D115/><U58/><E110/><V119/><F119/><W13/><G118/><T91/><D116/><U114/><E114/><V113/><F113/><W134/><G123/><T117/><D117/><U56/><E121/><V93/><F104/><W49/><G134/><T2/><D2/><U44/><E44/><V102/><F132/><W98/><G70/><T1/><D1/><U6/><E94/><V108/><F108/><W53/><G60/><T28/><D111/><U40/><E40/><V125/><F128/><W82/><G49/><N who="0" m="29119" /><D107/><U101/><E101/><V23/><F99/><W65/><G65/><T89/><D35/><U51/><E51/><V54/><F80/><W87/><G20/><N who="0" m="15399" /><D26/><U105/><E105/><V90/><F102/><W120/><G120/><T32/><D32/><U61/><REACH who="1" step="1"/><E6/><REACH who="1" step="2"/><V106/><F106/><W37/><G103/><T72/><D100/><U11/><E11/><V126/><F71/><W7/><G7/><T133/><D133/><U45/><E45/><V135/><F135/><W69/><G48/><T63/><D63/><AGARI ba="1,1" hai="17,23,27,52,54,63,67,68,90,93,96,125,126,127" machi="63" ten="40,3900,0" yaku="18,1,54,1" doraHai="79" who="2" fromWho="0" sc="381,-42,31,0,404,52,174,0" /><INIT seed="2,2,0,1,3,7" ten="339,31,456,174" oya="2" hai0="50,74,29,64,129,84,121,62,22,17,132,99,130" hai1="60,90,58,6,107,56,42,103,38,101,30,21,68" hai2="4,118,51,28,131,45,115,76,119,124,49,85,75" hai3="86,13,72,98,92,26,112,47,1,133,134,105,63" shuffle="mt19937ar,1AA0078B,59229D8B,1E75F895,6FA56116,8413B9D5,7DA066BE,DE7A660F,CD5E5179"/><V23/><F75/><W79/><G1/><T3/><D74/><U20/><E68/><V27/><F115/><W108/><G26/><T44/><D3/><U55/><E107/><V35/><F131/><N who="0" m="50186" /><D132/><U65/><E42/><V111/><F124/><W116/><G63/><T25/><D121/><U100/><E38/><V40/><F35/><W14/><G116/><T32/><D99/><U11/><E90/><V102/><F111/><W69/><G69/><N who="0" m="42135" /><D84/><U16/><E30/><V127/><F127/><W37/><G108/><T81/><D81/><U93/><E93/><V15/><F51/><W59/><G37/><T78/><D78/><U8/><E6/><V117/><F102/><W10/><G72/><T48/><D44/><U80/><E80/><N who="2" m="47239" /><F119/><W31/><G47/><T114/><D114/><U43/><E43/><V126/><F126/><W88/><G112/><T53/><D53/><U109/><E109/><V120/><F120/><W77/><G77/><T12/><AGARI ba="2,0" hai="12,17,22,25,29,32,48,50" m="42135,50186" machi="12" ten="30,1100,0" yaku="19,1" doraHai="7" who="0" fromWho="0" sc="339,17,31,-5,456,-7,174,-5" /><INIT seed="3,0,0,2,5,0" ten="356,26,449,169" oya="3" hai0="55,128,54,16,75,66,133,93,15,11,18,25,2" hai1="71,132,10,28,58,81,127,23,76,84,13,80,102" hai2="21,113,103,64,56,95,42,9,49,92,74,112,134" hai3="43,22,94,119,90,83,27,69,19,12,14,97,126" shuffle="mt19937ar,8F6E3670,2BEF14B7,ECE661E2,66925647,76CCC5B7,CFFEF964,914E8081,12C9F126"/><W67/><G119/><T114/><D75/><U51/><E71/><V85/><F74/><W107/><G126/><T65/><D128/><U98/><E127/><V40/><F134/><W35/><G107/><T131/><D131/><U50/><E132/><V105/><F105/><W24/><G43/><T78/><D2/><U36/><E36/><V46/><F42/><W82/><G69/><T48/><D133/><U7/><E80/><N who="3" m="30762" /><G35/><T30/><D114/><U34/><E34/><V91/><F113/><W38/><G38/><T26/><D78/><U45/><E58/><V121/><F121/><W39/><G39/><T61/><D18/><U68/><E68/><V32/><F32/><W117/><G117/><T125/><D125/><U44/><E44/><V3/><F21/><N who="3" m="13375" /><G67/><T29/><D66/><U99/><E51/><V31/><F31/><AGARI ba="0,0" hai="12,14,22,27,31,90,94,97" m="13375,30762" machi="31" ten="30,1500,0" yaku="8,1" doraHai="0" who="3" fromWho="2" sc="356,0,26,0,449,-15,169,15" /><INIT seed="3,1,0,3,0,27" ten="356,26,434,184" oya="3" hai0="125,68,117,126,12,81,109,101,124,7,79,49,87" hai1="85,18,9,19,30,65,6,34,132,29,78,38,100" hai2="54,43,120,93,46,17,96,122,23,135,70,106,111" hai3="116,64,69,123,39,72,36,60,118,57,10,47,8" shuffle="mt19937ar,E216D86F,BBB2CB57,63831330,3FDA326B,3598D369,344FB2BD,DB1BE3CB,04768F24"/><W58/><G72/><T84/><D68/><U95/><E38/><N who="3" m="14378" /><G10/><T22/><D117/><N who="3" m="45161" /><G8/><T28/><D7/><U76/><E132/><V41/><F135/><W67/><G123/><T32/><D32/><U66/><E34/><V55/><F106/><W131/><G131/><T4/><D4/><U50/><E50/><V99/><F93/><W61/><G47/><T86/><D101/><U14/><E100/><V5/><F46/><W102/><G102/><T98/><D98/><U91/><E66/><V121/><F5/><W44/><G44/><T51/><D12/><U21/><E65/><V63/><F122/><W1/><G1/><T110/><D22/><U59/><E59/><AGARI ba="1,0" hai="57,58,59,60,61,64,67,69" m="45161,14378" machi="59" ten="30,2900,0" yaku="34,2" doraHai="27" who="3" fromWho="1" sc="356,0,26,-32,434,0,184,32" owari="356,11,-6,-41,434,43,216,-13" /></mjloggm>