<mjloggm ver="2.3"><GO type="225"/><UN n0="%E7%8B%82%E5%96%9C%E4%B9%B1%E8%88%9E" n1="%E6%9C%80%E9%80%9F%E3%82%AF%E3%83%B3%E2%99%AA" n2="%E3%82%AF%E3%83%AB%E3%83%AB%E2%98%86" n3="%E6%A1%9C%E8%8A%B1%E9%96%83%E3%80%85" dan="16,16,16,16" rate="2007,2078,2092,2055" sx="M,M,F,M"/><TAIKYOKU oya="0"/><INIT seed="0,0,0,0,3,76" ten="250,250,250,250" oya="0" hai0="27,47,9,69,122,70,116,60,93,3,85,89,121" hai1="43,30,8,36,26,64,79,33,12,82,13,17,96" hai2="115,5,94,101,42,131,56,86,29,108,110,71,118" hai3="126,67,134,97,63,106,40,111,135,54,117,120,112" shuffle="mt19937ar,C39A53F6,720C34D5,0019E40D,AAC8DEB0,5A0FE639,7AB81BCD,F7F59527,80B23D51"/><T4/><D116/><U48/><E64/><V6/><F71/><W25/><G117/><T38/><D27/><U91/><E36/><V11/><F118/><W92/><G112/><T55/><D60/><U49/><E43/><V73/><F73/><W32/><G40/><T123/><REACH who="0" step="1"/><D38/><REACH who="0" step="2"/><U50/><E26/><V44/><F115/><W7/><G63/><T90/><D90/><U124/><E91/><V68/><F110/><W80/><G25/><T2/><D2/><U95/><E49/><AGARI ba="0,1" hai="3,4,9,47,49,55,69,70,85,89,93,121,122,123" machi="49" ten="40,2000,0" yaku="1,1,53,0" doraHai="76" doraHaiUra="59" who="0" fromWho="1" sc="240,30,250,-20,250,0,250,0" /><INIT seed="0,1,0,3,4,58" ten="270,230,250,250" oya="0" hai0="63,73,92,97,94,65,130,3,54,84,38,67,71" hai1="90,56,87,19,79,1,48,15,7,62,104,82,132" hai2="100,46,57,36,53,47,40,11,91,86,123,78,126" hai3="122,131,119,60,27,49,4,134,125,77,16,32,37" shuffle="mt19937ar,7E0BE9F2,C22BACC0,FCBDDE1E,CF2E0E11,02F7123D,C8500EF1,71849528,B2FAEE55"/><T116/><D73/><U29/><E104/><V50/><F123/><W114/><G4/><T42/><D116/><U55/><E132/><V61/><F126/><W6/><G6/><T118/><D118/><U74/><E29/><V127/><F127/><W33/><G77/><T52/><D3/><U13/><E19/><V17/><F78/><W75/><G16/><T135/><D135/><U8/><REACH who="1" step="1"/><E48/><REACH who="1" step="2"/><V14/><F100/><W35/><G49/><T80/><D130/><U72/><E72/><V99/><F99/><W25/><G75/><T20/><D97/><U120/><E120/><V109/><F109/><W26/><G122/><T24/><D38/><U98/><E98/><V41/><F86/><W111/><G125/><T30/><D84/><U113/><E113/><V69/><F36/><W107/><G114/><T2/><D30/><U12/><E12/><V18/><F18/><W68/><G134/><T103/><D2/><U5/><E5/><V124/><F17/><W64/><G119/><T121/><D121/><U128/><E128/><V31/><F50/><W129/><G37/><T21/><D24/><U81/><AGARI ba="1,1" hai="1,7,8,13,15,55,56,62,74,79,81,82,87,90" machi="81" ten="20,8000,1" yaku="1,1,0,1,7,1,52,1,53,1" doraHai="58" doraHaiUra="34" who="1" fromWho="1" sc="270,-41,220,93,250,-21,250,-21" /><INIT seed="1,0,0,0,5,19" ten="229,313,229,229" oya="1" hai0="44,120,35,122,50,11,60,70,84,29,98,90,59" hai1="10,106,41,8,135,31,100,51,72,62,71,102,113" hai2="48,28,66,115,125,126,109,80,92,114,95,73,23" hai3="78,91,116,47,117,123,20,103,77,87,46,105,132" shuffle="mt19937ar,50C103F7,29D56AB4,7BE9F5AD,393739A8,CFEF9F15,1D13B901,C1877C4D,02E39116"/><U121/><E113/><N who="2" m="43019" /><F66/><W67/><G123/><N who="0" m="47147" /><D70/><U88/><E72/><V99/><F109/><W24/><G67/><N who="0" m="39327" /><D98/><U42/><E71/><V16/><F28/><W74/><G132/><T26/><D11/><U68/><E8/><V133/><F133/><W14/><G74/><T58/><D58/><U25/><E10/><V30/><F30/><W33/><G116/><T54/><D84/><U4/><E68/><V9/><F9/><W127/><G87/><T112/><D112/><U96/><E135/><V69/><F69/><W76/><G117/><T131/><D90/><U119/><E119/><V101/><F48/><W56/><G91/><T0/><D131/><U18/><E4/><V111/><F111/><W63/><G56/><T85/><D85/><U13/><E121/><V38/><F38/><W65/><G77/><T15/><D15/><U108/><E13/><N who="2" m="9615" /><F92/><W39/><G39/><T134/><D134/><U53/><E108/><V36/><F36/><W34/><G78/><AGARI ba="0,0" hai="73,78,80,95,99,101,125,126" m="9615,43019" machi="78" ten="30,3900,0" yaku="11,1,52,1,54,1" doraHai="19" who="2" fromWho="3" sc="229,0,313,0,229,39,229,-39" /><INIT seed="2,0,0,4,0,93" ten="229,313,268,190" oya="2" hai0="85,51,103,4,104,91,74,7,35,21,12,69,13" hai1="92,99,123,53,63,45,115,65,102,101,43,15,71" hai2="23,97,26,73,56,49,133,61,59,54,86,79,50" hai3="22,109,131,5,129,96,34,1,77,70,33,6,113" shuffle="mt19937ar,94BCF097,EB1EBAA7,2681E98E,4E757A90,8044ADCC,F8B27334,24DEFCCF,812A2F15"/><V27/><F73/><W122/><G70/><T57/><D69/><U72/><E123/><V46/><F133/><W81/><G122/><T40/><D35/><U47/><E115/><V110/><F110/><W84/><G109/><T32/><D32/><U105/><E72/><V125/><F125/><W95/><G113/><T64/><D74/><U90/><E53/><V100/><F23/><W31/><G22/><T25/><D103/><U68/><E68/><V82/><F59/><W108/><G108/><T52/><D104/><U16/><E105/><V42/><REACH who="2" step="1"/><F50/><REACH who="2" step="2"/><W58/><G58/><T36/><D57/><U78/><E47/><V19/><F19/><W3/><G34/><T39/><D51/><U29/><E29/><V83/><F83/><W66/><G33/><T94/><D39/><U120/><E120/><V24/><F24/><W20/><G31/><T134/><D25/><U124/><E124/><V127/><F127/><W114/><G20/><T117/><D36/><U55/><E45/><V10/><F10/><W112/><G114/><T30/><D21/><U119/><E16/><V80/><F80/><W37/><G112/><T130/><D30/><U76/><E71/><V135/><F135/><W111/><G111/><T62/><D134/><U107/><E63/><V28/><F28/><W9/><G37/><T48/><D48/><U128/><E119/><V60/><F60/><W121/><G121/><T67/><D62/><U106/><E65/><V87/><F87/><W2/><G66/><T75/><D67/><U118/><E118/><V17/><F17/><W89/><G9/><RYUUKYOKU ba="0,1" sc="229,-15,313,-15,258,15,190,15" hai2="26,27,42,46,49,54,56,61,79,82,86,97,100" hai3="1,2,3,5,6,77,81,84,89,95,96,129,131" /><INIT seed="2,1,1,3,2,36" ten="214,298,273,205" oya="2" hai0="93,24,10,108,128,118,3,17,39,27,122,92,124" hai1="89,131,120,0,109,97,55,135,58,56,69,71,126" hai2="130,11,42,18,65,61,28,59,87,111,105,106,9" hai3="83,86,4,113,7,44,5,1,84,134,48,45,40" shuffle="mt19937ar,D85F29F1,67A08502,FC3167F9,B8C944EF,3A15978F,76135A9B,1A2732E0,C2EE47AE"/><V50/><F28/><W31/><G134/><T82/><D122/><U94/><E0/><V15/><F130/><W12/><G1/><T2/><D128/><U22/><E131/><V67/><F67/><W85/><G113/><T110/><D118/><U114/><E114/><V6/><F111/><N who="0" m="42538" /><D124/><U74/><E109/><V102/><F87/><N who="3" m="33355" /><G31/><T43/><D82/><U90/><E74/><V107/><F102/><W57/><G12/><N who="0" m="7319" /><D3/><U103/><E126/><V53/><F42/><N who="3" m="24599" /><G57/><T88/><D2/><U41/><E58/><V100/><F100/><W96/><G96/><N who="0" m="57351" /><D93/><U125/><E94/><V77/><F77/><N who="3" m="46447" /><G45/><AGARI ba="1,1" hai="24,27,39,43,45" m="57351,7319,42538" machi="45" ten="30,3900,0" yaku="14,1,52,1,54,1" doraHai="36" who="0" fromWho="3" sc="214,52,298,0,273,0,205,-42" /><INIT seed="3,0,0,5,4,76" ten="266,298,273,163" oya="3" hai0="43,38,91,98,9,121,8,0,125,19,110,90,80" hai1="18,15,10,107,103,36,96,101,126,33,66,99,4" hai2="62,106,60,72,24,122,102,32,123,115,129,20,71" hai3="34,17,100,45,5,31,39,35,81,113,88,49,50" shuffle="mt19937ar,DF46F2D2,F750BC01,53AEAC0C,790C5B12,85AC56F1,053287D1,B827F259,08D07EA5"/><W131/><G113/><T75/><D121/><U74/><E74/><V64/><F115/><W114/><G114/><T63/><D63/><U16/><E66/><V25/><F129/><W117/><G117/><T124/><D110/><U59/><E59/><V87/><F72/><W112/><G112/><T77/><D98/><U68/><E68/><V67/><F87/><W70/><G70/><T55/><D55/><U2/><E33/><V61/><F61/><W78/><G100/><T111/><D111/><U133/><E36/><V82/><F82/><W84/><G5/><N who="0" m="1063" /><D19/><U23/><E133/><V56/><F20/><W127/><G131/><T83/><D83/><U69/><E69/><V79/><F79/><W12/><G127/><N who="0" m="48715" /><D9/><U7/><E126/><V1/><F1/><W14/><G31/><T37/><D37/><U116/><E116/><V58/><F58/><W11/><G39/><T92/><D92/><U48/><E48/><V128/><F128/><W13/><G50/><T135/><D135/><U51/><E51/><V132/><F132/><W28/><G78/><T130/><D130/><U29/><E29/><N who="2" m="19495" /><F25/><W119/><G119/><T40/><D40/><U41/><E41/><V73/><F73/><W93/><G93/><T105/><D105/><U86/><E86/><V26/><F26/><N who="3" m="18711" /><G35/><T85/><D85/><U104/><E2/><V54/><F64/><W94/><G94/><T53/><D53/><AGARI ba="0,0" hai="11,12,13,14,17,45,49,53,81,84,88" m="18711" machi="53" ten="30,5800,0" yaku="25,1,52,1,54,1" doraHai="76" who="3" fromWho="0" sc="266,-58,298,0,273,0,163,58" /><INIT seed="3,1,0,5,0,13" ten="208,298,273,221" oya="3" hai0="35,84,32,130,56,27,72,79,33,75,67,59,53" hai1="92,105,36,2,115,133,51,129,68,71,113,94,128" hai2="19,24,21,43,3,120,132,96,61,20,111,34,109" hai3="17,65,49,10,30,31,41,86,110,47,44,108,48" shuffle="mt19937ar,4E9C8675,F6DD8498,018A6639,7AD3D284,D4174F0A,8F1443AA,C383567E,0AF04521"/><W1/><G65/><T15/><D130/><N who="1" m="50283" /><E36/><V107/><F34/><W88/><G1/><T4/><D27/><U25/><E105/><V121/><F3/><W127/><G127/><T11/><D67/><U26/><E2/><V39/><F61/><W40/><G10/><T60/><REACH who="0" step="1"/><D59/><REACH who="0" step="2"/><U87/><E25/><V83/><F24/><W82/><REACH who="3" step="1"/><G17/><REACH who="3" step="2"/><T100/><D100/><U117/><E71/><V9/><F19/><W16/><G16/><T52/><D52/><U42/><E68/><V125/><F121/><W99/><G99/><T101/><D101/><U18/><E18/><V112/><F96/><W37/><G37/><T55/><D55/><U70/><E70/><V73/><F39/><W93/><G93/><T63/><D63/><U118/><E92/><V8/><F120/><W103/><G103/><T76/><D76/><U46/><E94/><V80/><F107/><W57/><G57/><T104/><D104/><U66/><E66/><V54/><F54/><W119/><G119/><T50/><D50/><U106/><E106/><V131/><F131/><W0/><G0/><T124/><D124/><U45/><E51/><V134/><F125/><W29/><AGARI ba="1,2" hai="29,30,31,40,41,44,47,48,49,82,86,88,108,110" machi="29" ten="30,11700,0" yaku="1,1,0,1,9,1,54,1,53,0" doraHai="13" doraHaiUra="90" who="3" fromWho="3" sc="198,-40,298,-40,273,-40,211,140" owari="158,-24,258,1,233,-12,351,35" /></mjloggm>