<mjloggm ver="2.3"><GO type="185"/><UN n0="%E3%81%B5%E3%81%8F%EF%BC%A3%EF%BD%88%EF%BD%81%EF%BD%8E%E2%99%AA" n1="%EF%BC%BC%28%EF%BC%BE%6F%EF%BC%BE%29%EF%BC%8F%E2%98%85" n2="%E8%9C%9C%E6%9F%91%E3%81%AE%E7%9A%AE" n3="" dan="16,17,16,0" rate="2192,2148,2099,1500" sx="F,M,M,C"/><TAIKYOKU oya="0"/><INIT seed="0,0,0,5,1,99" ten="350,350,350,0" oya="0" hai0="51,53,49,116,74,130,135,45,63,67,94,33,43" hai1="81,104,0,82,91,52,102,69,75,88,41,129,61" hai2="126,42,125,118,111,76,85,87,55,50,77,37,115" hai3="" shuffle="mt19937ar,BD1E49DF,A42407C9,6D22CA75,91D27A27,E553E185,4C0801A1,3E84DB08,5CC61CB1"/><T97/><D130/><U113/><E0/><V123/><N who="2" m="31520" /><V127/><F115/><T109/><D135/><U34/><E34/><V1/><F1/><T80/><D116/><U103/><E129/><V66/><F118/><T62/><D33/><U68/><E113/><V134/><F134/><T93/><D109/><U71/><E41/><V110/><F66/><T78/><D67/><U2/><E2/><V98/><F42/><T32/><D32/><U96/><E103/><V56/><F37/><T47/><REACH who="0" step="1"/><D94/><REACH who="0" step="2"/><U101/><E104/><V46/><F110/><T40/><D40/><U100/><E96/><V117/><F117/><T89/><AGARI ba="0,1" hai="43,45,47,49,51,53,62,63,74,78,80,89,93,97" machi="89" ten="20,5200,0" yaku="1,1,0,1,7,1,53,1" doraHai="99" doraHaiUra="84" who="0" fromWho="0" sc="340,62,350,-26,350,-26,0,0" /><INIT seed="0,1,0,5,5,88" ten="402,324,324,0" oya="0" hai0="57,99,116,90,35,134,133,112,54,36,125,39,105" hai1="81,79,55,120,82,114,53,100,72,92,38,111,64" hai2="121,104,107,46,96,71,42,85,67,75,48,63,109" hai3="" shuffle="mt19937ar,75A3175A,8EF565BD,2C64B682,2AC822E1,47D6E00E,38AA427B,E43EF715,25A0D4D4"/><T59/><D35/><U76/><N who="1" m="30752" /><U108/><E38/><V41/><N who="2" m="31008" /><V37/><F75/><T103/><D116/><U1/><E1/><V74/><F74/><T73/><D112/><U83/><E114/><V135/><F109/><N who="1" m="42057" /><E64/><V93/><F135/><N who="0" m="51722" /><D125/><U89/><E100/><V56/><F85/><T65/><D73/><U62/><E72/><V123/><N who="2" m="31520" /><V70/><F42/><T127/><D127/><U110/><E110/><V68/><REACH who="2" step="1"/><F37/><REACH who="2" step="2"/><T3/><D36/><U119/><E119/><V128/><F128/><T91/><D39/><U77/><E62/><V129/><F129/><T43/><D3/><U84/><AGARI ba="1,1" hai="53,55,76,77,79,81,82,83,84,89,92" m="42057,30752" machi="84" ten="40,3900,0" yaku="14,1,52,2" doraHai="88" who="1" fromWho="1" sc="402,-27,324,51,314,-14,0,0" /><INIT seed="1,0,0,0,1,97" ten="375,375,300,0" oya="1" hai0="77,126,133,87,105,111,113,86,50,38,51,101,62" hai1="2,73,93,131,49,41,116,69,130,68,70,98,129" hai2="56,132,59,99,107,33,71,1,92,103,114,109,47" hai3="" shuffle="mt19937ar,5125BC43,9C1A264B,76B560EA,DBCBB1C6,1C356304,87CAADC1,91E9BAF5,05B512E2"/><U82/><E2/><V76/><F71/><T44/><D133/><U63/><E116/><V42/><F1/><T36/><D126/><U46/><E73/><V55/><F33/><T3/><D3/><U52/><E82/><V79/><F132/><T127/><D113/><U81/><E81/><V53/><F114/><T119/><D119/><U54/><REACH who="1" step="1"/><E63/><REACH who="1" step="2"/><V48/><F109/><T72/><D62/><U34/><E34/><V57/><F107/><T45/><D105/><U80/><E80/><V75/><F75/><T95/><D72/><U58/><E58/><V123/><N who="2" m="31520" /><V115/><F115/><T43/><D111/><U40/><E40/><V39/><F57/><T134/><D43/><U117/><E117/><V104/><F104/><T96/><D134/><U102/><AGARI ba="0,1" hai="41,46,49,52,54,68,69,70,93,98,102,129,130,131" machi="102" ten="40,8000,1" yaku="1,1,0,1,19,1,52,1,54,1,53,0" doraHai="97" doraHaiUra="74" who="1" fromWho="1" sc="375,-40,365,90,300,-40,0,0" /><INIT seed="1,1,0,2,5,81" ten="335,455,260,0" oya="1" hai0="41,102,60,65,111,110,135,88,131,103,82,83,50" hai1="68,33,99,80,56,77,62,126,120,109,40,105,130" hai2="58,123,100,84,37,106,32,36,66,52,92,127,3" hai3="" shuffle="mt19937ar,770C2034,0A7AAC30,5033C887,685D6152,3E5BF5C9,65122190,84F485B8,A647C6BF"/><U53/><N who="1" m="30752" /><U55/><E33/><V93/><N who="2" m="31520" /><V49/><F3/><T1/><D135/><U43/><E130/><V98/><F32/><T113/><D113/><U70/><E126/><V90/><F127/><T76/><D131/><U2/><E2/><V46/><F66/><T67/><D1/><U39/><E109/><V61/><REACH who="2" step="1"/><F106/><REACH who="2" step="2"/><T125/><D125/><U124/><E124/><V75/><F75/><T71/><D67/><U47/><E43/><V112/><F112/><T78/><D111/><U54/><E105/><V96/><F96/><T59/><D110/><U128/><E128/><V119/><F119/><T73/><D41/><U101/><E55/><V94/><F94/><T48/><D71/><U38/><E54/><V89/><F89/><T95/><D103/><U87/><E39/><V114/><F114/><T85/><REACH who="0" step="1"/><D102/><REACH who="0" step="2"/><U64/><E64/><V118/><F118/><T51/><D51/><U74/><E74/><AGARI ba="1,2" hai="48,50,59,60,65,73,74,76,78,82,83,85,88,95" machi="74" ten="30,12000,2" yaku="1,1,7,1,9,1,52,1,54,1,53,2" doraHai="81" doraHaiUra="45" who="0" fromWho="1" sc="325,142,455,-122,250,0,0,0" /><INIT seed="2,0,0,4,3,80" ten="467,333,250,0" oya="2" hai0="135,66,47,90,121,77,2,85,74,92,131,36,87" hai1="56,93,128,120,46,67,40,95,53,45,38,43,107" hai2="115,118,34,96,75,42,110,134,133,70,119,60,112" hai3="" shuffle="mt19937ar,D83627BD,92194044,094D6382,7F36909F,3E1A64B1,F30BDBD0,91064B09,411704D1"/><V81/><F34/><T82/><N who="0" m="31008" /><T117/><D135/><N who="2" m="51722" /><F42/><T1/><D131/><U37/><N who="1" m="30752" /><U71/><E128/><V61/><F70/><T39/><D117/><N who="2" m="44554" /><F110/><T126/><D126/><U35/><E107/><V111/><F111/><T103/><D66/><U125/><E35/><V49/><F49/><T65/><D65/><U91/><E125/><V32/><F32/><T78/><D78/><U44/><E44/><V89/><F60/><T51/><D103/><U99/><E95/><V57/><F96/><T41/><D36/><U113/><E71/><V109/><F109/><T3/><REACH who="0" step="1"/><D39/><REACH who="0" step="2"/><U0/><E67/><V76/><F89/><T104/><D104/><U116/><E116/><V68/><F68/><T114/><D114/><U48/><E113/><V64/><AGARI ba="0,1" hai="57,61,64,75,76,81,112,115" m="44554,51722" machi="64" ten="30,1000,0" yaku="20,1" doraHai="80" who="2" fromWho="2" sc="457,-5,333,-5,250,20,0,0" /><INIT seed="2,1,0,0,0,59" ten="452,328,270,0" oya="2" hai0="80,118,62,90,113,125,82,61,126,98,43,58,79" hai1="109,75,2,70,116,72,106,35,41,44,86,36,89" hai2="83,33,96,107,88,102,53,119,74,39,117,66,111" hai3="" shuffle="mt19937ar,CFAAA5EE,E1516A89,8D96B8C2,1201E125,644A0230,F0CC52F7,1450B4B8,55628652"/><V87/><F33/><T122/><N who="0" m="31264" /><T69/><D118/><U97/><E35/><V78/><F39/><T77/><D43/><U56/><E2/><V134/><F134/><T124/><D113/><U131/><E70/><V112/><F112/><T38/><D38/><U91/><E116/><V127/><F127/><T121/><N who="0" m="31008" /><T73/><D69/><U57/><E131/><V1/><F1/><T49/><D90/><U67/><E57/><V84/><F66/><T115/><D98/><U85/><E106/><V37/><F37/><T48/><D115/><U132/><E97/><V103/><F111/><T47/><D47/><U46/><E46/><V50/><F103/><T105/><D105/><U128/><E132/><V63/><F63/><N who="0" m="24074" /><D58/><U110/><E56/><V100/><F100/><T99/><D99/><U108/><E67/><V60/><F60/><T51/><D51/><U133/><E133/><V114/><F114/><T52/><D52/><U95/><E128/><V42/><F42/><T135/><D135/><U40/><E40/><V76/><F76/><T0/><D0/><U120/><N who="1" m="30752" /><U71/><E71/><V45/><F88/><T65/><D65/><U32/><E32/><V3/><F3/><T129/><D129/><RYUUKYOKU ba="1,0" sc="452,0,328,0,270,0,0,0" hai0="48,49,73,77,79,80,82,124,125,126" hai1="36,41,44,72,75,85,86,89,91,95,108,109,110" hai2="45,50,53,74,78,83,84,87,96,102,107,117,119" /><INIT seed="2,2,0,2,1,72" ten="452,328,270,0" oya="2" hai0="45,114,98,135,104,1,63,121,90,111,127,66,0" hai1="82,99,40,81,61,71,88,95,110,96,69,133,86" hai2="77,43,74,119,132,80,89,32,36,58,35,102,33" hai3="" shuffle="mt19937ar,1CAE213E,6A21D24F,61F3108D,54FA223E,579EE620,CBF8A71E,447FD694,25703746"/><V41/><F119/><T97/><N who="0" m="31008" /><T129/><D114/><U50/><E110/><V106/><F132/><T87/><D111/><U42/><E133/><V128/><F128/><T54/><D135/><U108/><E108/><V48/><F36/><T2/><D127/><U84/><E61/><V134/><F134/><T130/><D54/><U123/><N who="1" m="31520" /><U83/><E50/><V75/><F75/><T68/><D45/><U113/><E113/><V64/><F89/><T116/><D116/><U47/><E47/><V60/><REACH who="2" step="1"/><F48/><REACH who="2" step="2"/><T109/><D109/><U3/><E3/><V38/><F38/><T49/><D49/><U56/><E88/><V120/><N who="2" m="30752" /><V53/><F53/><T62/><D130/><U76/><E42/><V122/><N who="2" m="31264" /><V57/><F57/><T34/><D129/><U91/><E56/><V101/><F101/><T103/><D0/><U73/><E40/><V44/><F44/><T107/><D103/><U55/><E55/><V39/><F39/><T100/><D100/><U79/><E71/><V93/><F93/><T85/><D90/><U52/><E69/><V117/><F117/><T67/><D68/><U59/><E59/><V115/><F115/><T126/><D1/><U70/><E70/><RYUUKYOKU ba="2,1" sc="452,-10,328,-10,260,20,0,0" hai2="32,33,35,41,43,58,60,64,74,77,80,102,106" /><INIT seed="2,3,1,4,2,49" ten="442,318,280,0" oya="2" hai0="34,98,103,94,101,43,38,105,66,111,0,1,33" hai1="41,108,96,77,55,88,91,65,106,79,85,74,109" hai2="58,71,134,68,122,78,118,119,121,133,67,113,131" hai3="" shuffle="mt19937ar,43DC4349,B43E7B80,4E122405,91A1A991,FE2270B1,41D90D4C,E2C7B715,DAFEEE7D"/><V70/><N who="2" m="31008" /><V62/><N who="2" m="31264" /><V47/><F113/><T39/><D43/><U32/><E32/><V120/><N who="2" m="30752" /><V69/><F78/><T60/><D94/><U37/><E65/><V72/><F72/><T124/><D98/><U35/><E35/><V104/><F104/><T92/><D92/><U76/><E74/><V127/><F127/><T36/><D66/><U114/><E114/><V87/><F87/><T100/><D105/><U53/><E41/><V54/><F131/><T42/><D42/><U125/><E37/><V135/><F47/><T81/><D124/><U130/><E125/><V56/><N who="2" m="17920" /><DORA hai="89" /><V129/><F129/><T132/><D36/><U50/><E130/><V63/><AGARI ba="3,1" hai="54,56,58,62,63,67,118,119,133,134,135" m="17920,30752,31264,31008" machi="63" ten="70,16000,3" yaku="0,1,20,1,34,3,52,4" doraHai="49,89" who="2" fromWho="2" sc="442,-83,318,-83,280,176,0,0" /><INIT seed="2,4,0,0,3,43" ten="359,235,456,0" oya="2" hai0="77,123,82,50,111,87,44,0,128,52,42,93,116" hai1="135,55,37,61,126,132,109,102,122,124,118,68,33" hai2="74,110,125,70,38,1,69,103,112,95,53,105,85" hai3="" shuffle="mt19937ar,BF4D2F27,66C7D764,FBA3ACB0,8362B07C,888C19CA,94DE0E09,FF00C26D,9FCF8AAB"/><V66/><F1/><T129/><N who="0" m="31520" /><T84/><D111/><U106/><E102/><V130/><F74/><T51/><D116/><U58/><N who="1" m="31264" /><U101/><E33/><V45/><F112/><T81/><D93/><U86/><E118/><V64/><F105/><T98/><D98/><U75/><E75/><V48/><F110/><T32/><D32/><U94/><E109/><V56/><F130/><T40/><D0/><U92/><E37/><V35/><F35/><T108/><D108/><U41/><E41/><V90/><F103/><T115/><D115/><U89/><E68/><V65/><F125/><N who="1" m="48233" /><E106/><V71/><REACH who="2" step="1"/><F38/><REACH who="2" step="2"/><T62/><D62/><AGARI ba="4,1" hai="45,48,53,56,62,64,65,66,69,70,71,85,90,95" machi="62" ten="40,7700,0" yaku="1,1,2,1,52,1,53,0" doraHai="43" doraHaiUra="100" who="2" fromWho="0" sc="359,-85,235,0,446,95,0,0" /><INIT seed="2,5,0,3,2,2" ten="274,235,541,0" oya="2" hai0="120,122,37,40,92,106,134,133,67,98,42,135,126" hai1="62,39,112,94,35,70,102,48,45,110,64,88,65" hai2="46,108,90,47,116,124,3,127,119,114,66,75,82" hai3="" shuffle="mt19937ar,781018BE,DC872AEE,A6168B6B,23B3F31F,D5684C48,95BA948E,F9D5B110,2DA36784"/><V56/><F3/><T95/><N who="0" m="30752" /><T55/><N who="0" m="31264" /><T1/><D1/><U33/><E112/><V129/><F114/><T132/><N who="0" m="33792" /><DORA hai="63" /><T50/><D126/><U101/><E39/><V74/><F108/><T60/><D106/><U97/><E110/><V96/><F96/><T121/><N who="0" m="31008" /><T84/><D84/><U59/><E65/><V0/><F0/><T103/><D92/><U68/><E68/><V130/><F90/><T93/><D93/><U77/><E70/><V115/><F115/><T36/><D37/><U105/><E77/><V86/><F86/><T51/><D36/><U113/><E113/><V107/><F107/><T87/><D87/><U71/><E71/><V76/><F75/><T125/><D125/><U72/><E72/><V53/><F124/><T79/><D79/><U34/><REACH who="1" step="1"/><E105/><REACH who="1" step="2"/><V104/><F104/><T52/><D67/><U123/><N who="1" m="31520" /><U99/><E99/><V118/><F127/><T131/><D131/><N who="2" m="50186" /><F66/><T80/><D80/><U38/><E38/><V78/><F78/><T85/><D85/><U100/><E100/><V128/><F128/><T81/><D81/><U69/><E69/><V89/><F76/><T83/><D98/><U61/><E61/><V111/><F111/><RYUUKYOKU ba="5,1" sc="274,-10,225,20,541,-10,0,0" hai1="33,34,35,45,48,59,62,64,88,94,97,101,102" /><INIT seed="4,6,1,5,3,135" ten="264,245,531,0" oya="0" hai0="71,39,121,98,120,73,69,2,117,47,63,85,87" hai1="126,92,119,103,45,116,40,52,67,108,44,114,53" hai2="129,128,84,133,96,77,125,33,82,41,127,32,66" hai3="" shuffle="mt19937ar,BADAE479,8CF0CD4E,9B3DE70E,977573E4,F2D9121E,E3FF1027,8A6019E8,89163DD0"/><T64/><N who="0" m="30752" /><T109/><N who="0" m="31008" /><T56/><D2/><U102/><E108/><V81/><F66/><T78/><D109/><U100/><E67/><V107/><F41/><T48/><D117/><U88/><E114/><V99/><F133/><T70/><D98/><N who="2" m="37418" /><F81/><T72/><D39/><U38/><E53/><V130/><F107/><T86/><REACH who="0" step="1"/><D78/><REACH who="0" step="2"/><U123/><N who="1" m="31520" /><U49/><REACH who="1" step="1"/><E126/><AGARI ba="6,2" hai="32,33,77,82,84,125,126,127,128,129,130" m="37418" machi="126" ten="40,8000,1" yaku="18,1,19,1,52,3" doraHai="135" who="2" fromWho="1" sc="254,0,245,-92,531,112,0,0" /><INIT seed="5,0,0,5,2,102" ten="254,153,643,0" oya="1" hai0="110,133,64,109,35,49,34,129,101,55,50,69,92" hai1="71,37,47,120,68,111,84,127,117,98,63,103,122" hai2="75,116,119,32,106,124,2,77,86,85,56,73,53" hai3="" shuffle="mt19937ar,D1C536A2,99ED46DE,370AD5CB,7CF94583,5EF5AAB7,ED237936,60A5775A,D547A82F"/><U108/><N who="1" m="30752" /><U40/><N who="1" m="31264" /><U46/><E117/><V70/><F70/><T104/><D69/><U44/><E127/><V59/><F32/><T113/><D64/><U60/><E84/><V123/><N who="2" m="31520" /><V1/><F53/><T94/><D101/><U87/><E87/><V41/><F41/><T33/><D55/><U107/><E71/><V52/><F52/><T93/><D104/><U78/><E78/><V48/><F124/><T76/><D76/><U132/><E132/><V88/><F77/><T81/><D81/><U105/><E105/><V36/><F106/><T128/><D113/><U74/><E74/><V62/><F62/><T79/><D79/><U90/><E90/><V65/><F88/><T130/><REACH who="0" step="1"/><D133/><REACH who="0" step="2"/><U3/><E3/><V42/><F65/><T121/><N who="0" m="31008" /><T135/><D135/><U57/><E68/><V39/><F42/><T54/><D54/><U67/><REACH who="1" step="1"/><E63/><REACH who="1" step="2"/><V91/><F91/><T80/><D80/><U51/><E51/><AGARI ba="0,2" hai="1,2,36,39,48,51,56,59,73,75,85,86,116,119" m="31520" machi="51" ten="25,3200,0" yaku="22,2,52,1" doraHai="102" who="2" fromWho="1" sc="244,0,143,-32,643,52,0,0" /><AGARI ba="0,0" hai="33,34,35,49,50,51,92,93,94,109,110,128,129,130" m="31008" machi="51" ten="60,12000,2" yaku="1,1,29,2,28,2,19,1,52,1,53,0" doraHai="102" doraHaiUra="66" who="0" fromWho="1" sc="244,120,111,-120,695,0,0,0" owari="364,-4,-9,-61,695,65,0,0" /></mjloggm>