<mjloggm ver="2.3"><GO type="225"/><UN n0="%E8%B6%85%E3%83%92%E3%83%A2%E3%83%AA%E3%83%AD" n1="%52%65%64%4D%61%67%69%63" n2="%E9%95%B7%E5%B2%A1%E5%A4%A7%E6%98%8E%E7%A5%9E" n3="%E7%90%86%E6%83%B3%E9%9B%80%E5%A3%AB" dan="17,16,16,16" rate="2061,2038,2064,2019" sx="F,M,F,M"/><TAIKYOKU oya="0"/><INIT seed="0,0,0,4,1,94" ten="250,250,250,250" oya="0" hai0="128,86,115,81,7,37,53,11,50,135,68,134,99" hai1="75,42,101,110,124,97,67,22,47,106,104,133,60" hai2="100,103,10,28,48,18,118,87,127,19,78,30,17" hai3="119,130,43,52,27,85,58,24,89,105,23,98,12" shuffle="mt19937ar,859F5057,DD61A57E,EA19AFAA,20F09915,689B3FF1,BC4A150A,0E053A64,54B82281"/><T82/><D37/><U102/><E75/><V95/><F127/><W57/><G119/><T6/><D115/><U80/><E124/><V14/><F118/><W90/><G43/><T44/><D68/><U96/><E133/><N who="0" m="50697" /><D128/><U71/><E110/><V46/><F78/><W54/><G130/><T66/><D66/><U111/><E111/><V35/><F35/><W5/><G105/><T33/><D33/><U112/><E80/><N who="0" m="30825" /><D86/><U56/><E22/><V76/><F76/><W2/><G2/><T108/><D108/><U29/><E29/><N who="2" m="11371" /><F87/><W113/><G85/><T132/><N who="0" m="50705" /><T15/><DORA hai="84" /><D99/><U1/><E1/><V38/><F38/><W25/><G113/><T129/><D129/><U121/><E112/><V9/><F103/><W88/><G98/><T64/><D64/><U62/><E121/><V26/><F100/><W117/><G117/><T114/><D114/><U123/><E123/><V72/><F72/><W77/><G77/><T65/><D65/><U73/><E73/><V83/><F83/><W3/><G3/><T41/><D41/><U116/><E116/><V20/><F95/><W63/><G5/><AGARI ba="0,0" hai="5,6,7,11,15,44,50,53" m="30825,50705" machi="5" ten="40,2000,0" yaku="20,1" doraHai="94,84" who="0" fromWho="3" sc="250,20,250,0,250,0,250,-20" /><INIT seed="0,1,0,2,3,20" ten="270,250,250,230" oya="0" hai0="46,59,57,25,95,43,38,41,110,123,22,94,7" hai1="119,11,67,68,107,32,26,87,42,18,29,126,2" hai2="118,36,47,89,13,33,73,120,93,82,54,55,60" hai3="56,0,39,131,81,103,80,72,10,86,85,53,61" shuffle="mt19937ar,FF728A4E,CB505F5C,5737B1AC,99608795,6FE81004,CA4E2A79,FBCF0533,553D0110"/><T99/><D123/><U116/><E126/><V88/><F120/><W106/><G39/><T109/><D43/><U65/><E42/><V114/><F114/><W122/><G122/><T113/><D7/><U40/><E40/><V90/><F36/><W19/><G72/><T63/><D113/><U5/><E107/><V12/><F118/><W111/><G111/><N who="0" m="42507" /><D99/><U34/><E34/><V71/><F33/><W51/><G131/><T70/><D70/><U121/><E121/><V48/><F93/><N who="0" m="35338" /><D63/><U24/><E68/><V52/><F71/><W98/><G0/><T27/><D25/><U49/><E49/><V127/><F127/><W30/><G61/><T112/><D112/><U91/><E119/><V135/><F60/><W132/><G98/><T4/><D4/><U1/><E1/><V77/><REACH who="2" step="1"/><F135/><REACH who="2" step="2"/><W130/><G132/><T128/><D128/><U104/><E116/><V125/><F125/><W96/><G130/><T9/><D9/><U100/><E104/><V124/><F124/><W58/><G10/><T6/><D6/><U76/><E32/><V101/><F101/><W37/><G103/><T75/><D75/><U102/><E100/><V8/><F8/><W92/><G106/><T115/><D115/><U62/><E102/><V133/><F133/><W21/><G37/><T45/><D45/><U129/><E11/><V66/><F66/><W79/><G51/><T28/><AGARI ba="1,1" hai="22,27,28,38,41,46,57,59" m="35338,42507" machi="28" ten="30,6000,0" yaku="14,1,10,1,52,1" doraHai="20" who="0" fromWho="0" sc="270,73,250,-21,240,-21,230,-21" /><INIT seed="0,2,0,0,5,99" ten="343,229,219,209" oya="0" hai0="14,92,62,32,24,25,106,29,112,100,39,132,17" hai1="125,79,124,84,51,126,110,46,113,104,114,130,80" hai2="127,96,66,116,123,105,1,28,61,38,48,121,30" hai3="19,63,47,35,119,50,0,44,129,72,2,20,26" shuffle="mt19937ar,12D5E0E8,1549AC38,21F91A99,DE621058,D6622B9B,C23F387E,FD1C8EE0,5E80F0DB"/><T133/><D112/><N who="1" m="43115" /><E104/><V89/><F38/><W69/><G119/><T85/><D39/><U45/><E110/><V55/><F1/><W93/><G72/><T57/><D24/><U134/><E134/><N who="0" m="51817" /><D106/><U109/><E109/><V10/><F116/><W7/><G35/><T86/><D92/><U95/><E130/><V111/><F111/><W18/><G129/><T103/><D85/><U5/><E5/><V131/><F131/><W13/><G7/><T52/><D86/><U36/><E36/><V22/><F10/><AGARI ba="2,0" hai="10,14,17,25,29,32,52,57,62,100,103" m="51817" machi="10" ten="30,11600,0" yaku="20,1,52,2,54,1" doraHai="99" who="0" fromWho="2" sc="343,122,229,0,219,-122,209,0" /><INIT seed="0,3,0,0,5,10" ten="465,229,97,209" oya="0" hai0="68,114,61,41,102,97,110,126,14,8,122,78,115" hai1="48,77,95,55,100,23,84,28,101,53,47,99,52" hai2="42,45,33,39,62,38,85,80,1,132,134,91,36" hai3="130,40,71,118,9,75,34,81,51,86,129,120,67" shuffle="mt19937ar,282B030C,BF376DD9,092FE02D,73E41A1A,81B3FCF9,A74958E7,E3BB6D80,CEF1F806"/><T127/><D122/><U50/><E100/><V96/><F1/><W90/><G118/><T60/><D110/><U57/><E55/><V133/><F33/><W76/><G34/><T119/><D119/><U30/><E23/><V63/><REACH who="2" step="1"/><F96/><REACH who="2" step="2"/><W54/><G120/><T5/><D97/><U73/><REACH who="1" step="1"/><E73/><REACH who="1" step="2"/><V69/><F69/><W6/><G71/><T93/><D68/><U7/><E7/><V117/><F117/><W70/><G6/><T46/><D5/><U64/><E64/><V66/><F66/><W107/><G67/><T2/><D2/><U87/><E87/><V94/><F94/><W131/><G70/><T27/><D93/><U112/><E112/><V4/><F4/><W103/><G86/><T12/><D114/><U116/><E116/><V43/><F43/><W18/><G40/><T65/><D115/><U58/><E58/><V104/><F104/><W19/><G107/><T121/><D41/><U21/><E21/><V22/><F22/><W0/><G75/><T20/><D65/><U106/><E106/><V17/><F17/><W123/><G19/><T72/><D20/><U109/><E109/><V59/><F59/><W24/><G18/><T79/><D72/><U124/><E124/><V13/><F13/><W25/><G123/><T113/><D121/><U128/><E128/><V37/><AGARI ba="3,2" hai="36,37,38,39,42,45,62,63,80,85,91,132,133,134" machi="37" ten="40,5200,0" yaku="1,1,0,1,20,1,53,0" doraHai="10" doraHaiUra="98" who="2" fromWho="2" sc="465,-29,219,-16,87,81,209,-16" /><INIT seed="1,0,0,0,1,14" ten="436,203,168,193" oya="1" hai0="132,94,68,80,85,104,3,31,95,1,107,71,124" hai1="46,36,74,127,63,66,32,65,9,6,35,90,118" hai2="130,15,13,122,2,78,30,81,24,59,106,125,73" hai3="87,75,26,52,49,110,103,50,133,28,25,55,57" shuffle="mt19937ar,D27DFCB2,19C347A1,764C7C5C,F2DC1BEA,0622B180,57257DD0,7523CA93,78EC2BA6"/><U97/><E118/><V111/><F122/><W129/><G75/><T7/><D31/><U69/><E74/><V34/><F2/><W16/><G110/><T115/><D85/><U123/><E123/><V76/><F106/><W48/><G129/><T96/><D96/><U67/><E127/><V128/><F111/><W84/><G133/><T109/><D109/><U82/><E32/><V38/><F38/><W131/><G131/><N who="2" m="50217" /><F125/><W33/><G103/><T58/><D124/><U53/><E35/><V62/><F78/><W135/><G135/><T92/><D58/><U134/><E134/><V27/><F27/><W126/><G126/><T99/><D132/><U61/><E61/><V105/><F105/><W21/><G50/><T79/><D99/><U101/><E101/><V23/><F34/><W17/><G17/><T56/><D104/><U41/><E97/><V70/><F70/><W5/><G5/><T119/><D71/><U117/><E117/><V43/><F43/><W54/><G54/><AGARI ba="0,0" hai="13,15,23,24,30,54,59,62,73,76,81" m="50217" machi="54" ten="30,1000,0" yaku="19,1" doraHai="14" who="2" fromWho="3" sc="436,0,203,0,168,10,193,-10" /><INIT seed="2,0,0,1,2,55" ten="436,203,178,183" oya="2" hai0="109,98,44,19,118,93,9,101,54,51,2,6,120" hai1="122,71,67,45,117,94,65,50,48,27,25,59,63" hai2="112,86,42,128,82,60,124,97,4,78,12,91,34" hai3="130,57,90,66,123,108,20,36,7,38,70,41,85" shuffle="mt19937ar,88A34225,0219BAFE,5F6B76D4,78FCAEC7,CC0BE93C,89F059E9,579E4C3E,4E09C47E"/><V106/><F34/><W88/><G123/><T77/><D120/><U31/><E117/><V47/><F112/><W99/><G70/><T3/><D118/><U5/><E122/><V29/><F29/><W0/><G41/><T73/><D109/><U135/><E135/><V102/><F128/><W32/><G32/><T39/><D39/><U115/><E115/><V17/><F124/><W18/><G108/><T92/><D77/><U62/><E5/><V105/><F4/><W21/><G7/><T33/><D73/><U107/><E107/><V75/><F60/><N who="3" m="38159" /><G0/><T61/><D33/><U132/><E132/><V111/><F111/><W16/><G38/><T69/><D2/><U43/><E31/><V95/><F106/><W15/><G36/><T119/><D119/><U103/><E50/><V68/><F68/><W127/><G130/><T11/><D11/><U116/><E116/><V74/><F74/><W100/><G127/><T131/><D131/><U49/><E49/><V26/><F26/><N who="3" m="14599" /><G85/><T28/><D28/><U76/><E76/><V24/><F24/><W10/><G10/><T129/><D129/><U23/><E23/><N who="2" m="11687" /><F42/><W56/><G56/><T52/><D19/><U72/><E72/><V113/><F113/><W46/><G46/><AGARI ba="0,0" hai="46,47,75,78,82,86,91,95,97,102,105" m="11687" machi="46" ten="30,1500,0" yaku="24,1" doraHai="55" who="2" fromWho="3" sc="436,0,203,0,178,15,183,-15" /><INIT seed="2,1,0,1,1,129" ten="436,203,193,168" oya="2" hai0="39,24,7,120,111,128,98,51,112,105,106,11,78" hai1="27,79,92,42,132,130,22,18,123,127,66,26,88" hai2="38,119,46,103,48,25,31,3,55,134,65,49,84" hai3="131,126,99,45,71,116,37,72,61,102,21,74,100" shuffle="mt19937ar,90E1EBF7,140300EE,B186E9BD,675ACAF2,E55ADE86,759DABD1,5EECD735,ADD15373"/><V97/><F3/><W47/><G116/><T62/><D39/><U109/><E130/><V32/><F119/><W14/><G131/><T1/><D120/><U113/><E113/><V77/><F38/><W56/><G71/><T70/><D112/><U82/><E123/><V125/><F125/><W104/><G126/><T8/><D128/><U13/><E127/><V91/><F65/><W60/><G100/><T10/><D78/><U122/><E122/><V12/><F77/><W58/><G47/><T83/><D83/><U53/><E109/><V108/><F108/><W4/><G45/><T135/><D51/><U114/><E114/><V28/><F28/><W94/><G104/><T124/><D106/><U50/><E42/><V96/><F103/><W107/><G107/><T89/><D89/><U121/><E66/><V63/><F63/><W110/><G37/><T41/><D41/><U80/><E121/><V95/><F134/><W17/><G4/><T23/><D135/><U76/><E76/><V36/><F36/><W133/><G133/><T6/><D6/><U52/><E53/><V68/><F68/><W0/><G0/><T73/><D73/><U59/><E132/><V9/><REACH who="2" step="1"/><F49/><REACH who="2" step="2"/><W85/><G110/><T90/><D111/><U87/><E79/><V75/><F75/><W20/><G74/><T15/><D1/><U69/><E69/><V86/><F86/><W35/><G85/><T93/><D124/><U54/><E54/><V30/><F30/><W43/><G72/><T101/><D70/><U44/><E44/><V19/><AGARI ba="1,1" hai="9,12,19,25,31,32,46,48,55,84,91,95,96,97" machi="19" ten="20,7800,0" yaku="1,1,0,1,7,1,53,1" doraHai="129" doraHaiUra="5" who="2" fromWho="2" sc="436,-27,203,-27,183,91,168,-27" /><INIT seed="2,2,0,2,5,60" ten="409,176,274,141" oya="2" hai0="83,0,100,98,56,102,23,68,116,118,41,114,37" hai1="38,92,1,44,57,129,21,134,49,85,51,97,24" hai2="25,39,50,27,84,89,29,74,47,15,91,4,5" hai3="14,48,63,62,119,135,99,26,54,28,9,109,3" shuffle="mt19937ar,6EC661E7,260D7677,A6514D18,305782E2,C17C809F,3D4EA460,F4C09A22,CC67944F"/><V81/><F39/><W8/><G119/><N who="0" m="45611" /><D68/><U128/><E1/><V52/><F74/><W133/><G3/><T101/><D0/><U58/><E134/><N who="3" m="51210" /><G99/><T17/><D114/><U124/><E124/><V10/><F91/><W113/><G109/><T66/><D37/><U2/><E2/><V32/><REACH who="2" step="1"/><F25/><REACH who="2" step="2"/><W6/><G113/><T59/><D102/><U20/><E24/><V106/><F106/><W76/><G76/><T108/><D101/><U110/><E110/><V64/><F64/><W86/><G26/><T36/><D66/><U127/><E127/><V87/><F87/><W79/><G86/><T117/><D108/><U55/><E85/><V7/><AGARI ba="2,1" hai="4,5,7,10,15,27,29,32,47,50,52,81,84,89" machi="7" ten="20,7800,0" yaku="1,1,0,1,7,1,54,1,53,0" doraHai="60" doraHaiUra="34" who="2" fromWho="2" sc="409,-28,176,-28,264,94,141,-28" /><INIT seed="2,3,0,1,5,50" ten="381,148,358,113" oya="2" hai0="37,86,18,34,32,68,38,75,91,46,2,104,128" hai1="58,87,127,60,89,4,95,21,78,124,105,43,109" hai2="84,12,102,40,69,134,132,62,82,31,115,8,7" hai3="108,45,121,6,44,101,76,88,77,9,72,94,130" shuffle="mt19937ar,608A640E,B3BA0B42,006D40A5,BE12CE63,4ECBFA65,29CBC195,C786779F,1DCFE894"/><V11/><F115/><W83/><G121/><T53/><D75/><U79/><E105/><V39/><F102/><W56/><G108/><T123/><D123/><U90/><E109/><V122/><F122/><W3/><G130/><T52/><D68/><U110/><E110/><V100/><F100/><W107/><G77/><T27/><D2/><U26/><E43/><V20/><F40/><W125/><G125/><N who="1" m="48202" /><E90/><V116/><F39/><W24/><G24/><T65/><D65/><N who="1" m="39063" /><E4/><V133/><F116/><W57/><G57/><T1/><D1/><U74/><E74/><V97/><F97/><N who="3" m="61871" /><G56/><T25/><D104/><U81/><E81/><V63/><F69/><W35/><G35/><T85/><D91/><U73/><E73/><V117/><F117/><W131/><G131/><T93/><D93/><U99/><E99/><V119/><F119/><W16/><G16/><AGARI ba="3,0" hai="16,21,26,78,79,87,89,95" m="39063,48202" machi="16" ten="30,2000,0" yaku="18,1,54,1" doraHai="50" who="1" fromWho="3" sc="381,0,148,29,358,0,113,-29" /><INIT seed="3,0,0,0,1,106" ten="381,177,358,84" oya="3" hai0="108,116,1,95,83,132,101,42,57,43,23,8,127" hai1="16,124,27,64,60,66,103,26,58,53,56,131,77" hai2="111,51,91,134,40,39,29,114,5,55,15,47,97" hai3="18,44,118,0,7,84,17,38,104,120,54,135,62" shuffle="mt19937ar,48DBC638,33DF3503,4C1D65A6,B5BEAA40,DE22E034,A7A29E53,383BF405,DEF503F8"/><W9/><G118/><T90/><D116/><U69/><E131/><V78/><F114/><W73/><G120/><T28/><D108/><U98/><E124/><V49/><F111/><W24/><G104/><T14/><D1/><U3/><E3/><V92/><F134/><W63/><G135/><T123/><D123/><U113/><E113/><V4/><F78/><W68/><G63/><T72/><D132/><U34/><E77/><V105/><F105/><W10/><G10/><T22/><D127/><U30/><E66/><V96/><F96/><W107/><G107/><T45/><D72/><U32/><E98/><V100/><F100/><W6/><G6/><N who="0" m="3351" /><D101/><U89/><E103/><V110/><F110/><W75/><G84/><N who="0" m="52679" /><D83/><U25/><E89/><V46/><F29/><W13/><G68/><T59/><D45/><U94/><E94/><V76/><F76/><W2/><G38/><T19/><D28/><U129/><E129/><V81/><F81/><W130/><G130/><T71/><D23/><U112/><E112/><V65/><F39/><W21/><G0/><T117/><D71/><U122/><E122/><V50/><F50/><W36/><G36/><T85/><D85/><U80/><E80/><V115/><F115/><W67/><G67/><T70/><D70/><U119/><E119/><V31/><F65/><W33/><G33/><T37/><D117/><U88/><E34/><V74/><F74/><W109/><G109/><T20/><D20/><N who="1" m="13447" /><E69/><V82/><F82/><W12/><G2/><T11/><D11/><U128/><E128/><V35/><F15/><W102/><G102/><RYUUKYOKU ba="0,0" sc="381,-10,177,-10,358,30,84,-10" hai2="4,5,31,35,40,46,47,49,51,55,91,92,97" owari="371,12,167,-18,388,39,74,-33" /></mjloggm>