<mjloggm ver="2.3"><GO type="225"/><UN n0="%E2%93%85%E5%B0%8F%E5%80%89%E5%AD%9D" n1="%E7%B7%9A%E5%BD%A2%E8%A8%88%E7%94%BB%E6%B3%95" n2="%E5%88%BB%E5%AD%90%E5%B8%82%E6%B0%91" n3="%E5%85%AD%E5%88%86%E5%84%80" dan="16,16,17,18" rate="2099,2016,2132,2159" sx="M,M,M,F"/><TAIKYOKU oya="0"/><INIT seed="0,0,0,0,5,28" ten="250,250,250,250" oya="0" hai0="79,107,129,53,104,46,74,56,0,112,85,113,106" hai1="132,52,41,103,93,81,98,22,40,131,33,63,124" hai2="127,1,13,78,97,99,2,8,83,123,48,47,21" hai3="9,89,130,31,105,64,72,101,95,57,39,135,34" shuffle="mt19937ar,B11845AC,11837AAD,7BA9EB82,7EFE28BD,9120891F,BB6DFD18,7BD90F66,9AB1624F"/><T37/><D0/><U96/><E124/><V50/><F127/><W14/><G39/><T88/><D37/><U117/><E117/><V92/><F123/><W27/><G72/><T111/><D46/><U133/><E131/><V65/><F65/><W61/><G130/><T10/><D129/><U32/><E81/><V121/><F121/><W120/><G120/><T43/><D43/><N who="1" m="16459" /><E22/><V16/><F97/><W86/><G135/><N who="1" m="51786" /><E96/><V30/><F30/><W125/><G125/><T109/><D10/><U15/><E15/><V51/><F21/><W70/><G101/><T84/><D56/><AGARI ba="0,0" hai="32,33,52,56,63,93,98,103" m="51786,16459" machi="56" ten="30,7700,0" yaku="20,1,52,2,54,1" doraHai="28" who="1" fromWho="0" sc="250,-77,250,77,250,0,250,0" /><INIT seed="1,0,0,2,4,83" ten="173,327,250,250" oya="1" hai0="113,41,60,135,117,48,38,89,86,58,5,74,78" hai1="47,84,110,80,6,50,3,94,82,64,88,28,70" hai2="122,25,9,52,85,99,2,55,108,20,115,120,73" hai3="72,61,59,65,128,54,62,16,126,24,35,79,23" shuffle="mt19937ar,C3EA5779,1F0D4531,1BE1900D,A76EA592,83774333,8271250B,E4D3CE8C,2C0E4B0C"/><U91/><E28/><V36/><F73/><W14/><G126/><T15/><D113/><U44/><E110/><V95/><F36/><W97/><G128/><T114/><D114/><U127/><E127/><V107/><F107/><W31/><G97/><T13/><D117/><U34/><E34/><V22/><F115/><W43/><G43/><T103/><D38/><U63/><E80/><V49/><F108/><W105/><G105/><T66/><D135/><U119/><E119/><V27/><F2/><W32/><G72/><T118/><D118/><U10/><E50/><V40/><F9/><W1/><G1/><T112/><D112/><U37/><E37/><V130/><F130/><W76/><REACH who="3" step="1"/><G35/><REACH who="3" step="2"/><T101/><D74/><U19/><E3/><V69/><F99/><W57/><AGARI ba="0,1" hai="14,16,23,24,31,32,54,57,59,61,62,65,76,79" machi="57" ten="20,8000,1" yaku="1,1,2,1,0,1,7,1,54,1,53,0" doraHai="83" doraHaiUra="129" who="3" fromWho="3" sc="173,-20,327,-40,250,-20,240,90" /><INIT seed="2,0,0,5,2,118" ten="153,287,230,330" oya="2" hai0="105,44,104,67,42,134,127,61,80,45,68,72,73" hai1="124,1,86,55,23,58,64,20,97,84,96,32,130" hai2="22,63,17,6,51,60,71,25,7,125,91,3,24" hai3="54,83,33,116,50,52,131,5,66,49,8,92,95" shuffle="mt19937ar,A8561CE9,FA52D86B,97095DF5,1EAB7D36,7D9023E4,71C314CE,A69AA847,2EF5DA29"/><V101/><F101/><W114/><G116/><T85/><D127/><U30/><E1/><V112/><F112/><W27/><G114/><T79/><D134/><U26/><E130/><V59/><F125/><W135/><G135/><T0/><D45/><U122/><E64/><V18/><F71/><W129/><G66/><T102/><D102/><U90/><E84/><V107/><F107/><W10/><G83/><T39/><D85/><U81/><E124/><V36/><F36/><W89/><G27/><T21/><D21/><U109/><E109/><V35/><F35/><W4/><G33/><T128/><D128/><U126/><E126/><V15/><F3/><W65/><G65/><T70/><D70/><U47/><E47/><V113/><F113/><W34/><G34/><T29/><D29/><U88/><E122/><V115/><F115/><W9/><G9/><T78/><D0/><U12/><E12/><V110/><F110/><W13/><G13/><T41/><D42/><U117/><E117/><V38/><F38/><W11/><G11/><T37/><D39/><U93/><REACH who="1" step="1"/><E96/><REACH who="1" step="2"/><V94/><F15/><W120/><G120/><T40/><REACH who="0" step="1"/><D41/><REACH who="0" step="2"/><U123/><E123/><V87/><F87/><W57/><G57/><T100/><D100/><U99/><E99/><V2/><F2/><W119/><G119/><T132/><D132/><U48/><AGARI ba="0,2" hai="20,23,26,30,32,48,55,58,81,86,88,90,93,97" machi="48" ten="20,8000,1" yaku="1,1,0,1,7,1,54,1,53,1" doraHai="118" doraHaiUra="53" who="1" fromWho="1" sc="143,-20,277,100,230,-40,330,-20" /><INIT seed="3,0,0,3,0,75" ten="123,377,190,310" oya="3" hai0="98,82,96,3,25,87,64,30,120,48,92,55,68" hai1="108,61,121,44,122,125,17,28,102,52,101,59,33" hai2="32,6,118,66,36,135,89,132,111,13,84,18,29" hai3="126,16,1,19,4,83,114,62,94,88,50,116,105" shuffle="mt19937ar,94EFA9CD,9206669A,7E0773EE,5203CD9C,3FE600A8,6048AF94,2428593C,10AF6D9F"/><W79/><G114/><T51/><D3/><U69/><E108/><V67/><F118/><W34/><G116/><T95/><D120/><U109/><E109/><V128/><F111/><W91/><G105/><T99/><D68/><U78/><E125/><V21/><F36/><W72/><G34/><T90/><D64/><U93/><E69/><V100/><F100/><W103/><G126/><T27/><D48/><U0/><E0/><V40/><F40/><W58/><G50/><T60/><D60/><U117/><E117/><V130/><F6/><W71/><G71/><T129/><D129/><N who="2" m="49770" /><F29/><W12/><G103/><T77/><D30/><U106/><E44/><V8/><F8/><W74/><G74/><T5/><D5/><U134/><E17/><V10/><F10/><N who="3" m="4167" /><G72/><T112/><D112/><U57/><E106/><V23/><F32/><W31/><G31/><T65/><D65/><N who="2" m="24586" /><F23/><W47/><G1/><T15/><D15/><U9/><E9/><V43/><F43/><W80/><G47/><T49/><D49/><U115/><E61/><V107/><F107/><W46/><G46/><T35/><D35/><U14/><E28/><V54/><F54/><N who="3" m="34135" /><G91/><T127/><D127/><U53/><E33/><V20/><F20/><W97/><G79/><T131/><D131/><U86/><E78/><V39/><F39/><W2/><G2/><T45/><REACH who="0" step="1"/><D90/><REACH who="0" step="2"/><U38/><E122/><V85/><F89/><W7/><G7/><T11/><D11/><U37/><E121/><V113/><F113/><W24/><G19/><T123/><D123/><U104/><E115/><V70/><F70/><RYUUKYOKU ba="0,1" sc="113,10,377,-30,190,10,310,10" hai0="25,27,45,51,55,77,82,87,92,95,96,98,99" hai2="13,18,21,84,85,132,135" hai3="16,24,80,83,88,94,97" /><INIT seed="3,1,1,4,3,38" ten="123,347,200,320" oya="3" hai0="62,94,68,125,58,116,8,107,104,16,110,24,65" hai1="108,127,97,54,76,11,61,109,92,25,128,123,28" hai2="36,129,2,111,100,37,114,71,9,88,134,17,72" hai3="118,117,87,75,67,79,105,82,22,121,130,106,50" shuffle="mt19937ar,72CA3C9C,50E41532,3863DE22,C03560F9,4D84B53D,62A793A2,4ECD7D4E,9010773C"/><W102/><G67/><T119/><D110/><N who="1" m="42603" /><E123/><V1/><F100/><W20/><G121/><T85/><D125/><U5/><E128/><V126/><F88/><W51/><G130/><T42/><D119/><U122/><E122/><V69/><F17/><W15/><G118/><T91/><D116/><U96/><E76/><V45/><F45/><W63/><G117/><T43/><D68/><U133/><E133/><V14/><F14/><W6/><G63/><T57/><D107/><U7/><E7/><V99/><F99/><W34/><G34/><T101/><D104/><U49/><E61/><V81/><F81/><W80/><G106/><T103/><D57/><N who="1" m="32975" /><E92/><V13/><F134/><W60/><G60/><T12/><D24/><U23/><E127/><V93/><F93/><W27/><G105/><T86/><D85/><U31/><E31/><V48/><F126/><W55/><G102/><AGARI ba="1,1" hai="8,12,16,42,43,58,62,65,86,91,94,101,102,103" machi="102" ten="40,8000,1" yaku="8,1,52,2,54,1" doraHai="38" who="0" fromWho="3" sc="123,93,347,0,200,0,320,-83" owari="216,-13,347,34,200,-20,237,-1" /></mjloggm>