<mjloggm ver="2.3"><GO type="225"/><UN n0="%E3%83%A0%E3%82%AF%E3%83%81%E3%83%A5%E3%83%B3" n1="%E9%9B%B2%E9%9B%80%E6%81%AD%E5%BC%A5" n2="%E3%81%BF%E3%81%A3%E3%81%A4%E3%81%83%EF%BD%9E" n3="%E8%B6%85%E3%83%92%E3%83%A2%E3%83%AA%E3%83%AD" dan="16,17,17,17" rate="2048,2187,2154,2090" sx="M,M,F,F"/><TAIKYOKU oya="0"/><INIT seed="0,0,0,3,4,90" ten="250,250,250,250" oya="0" hai0="9,2,73,80,33,128,16,14,95,85,24,54,110" hai1="20,103,35,39,53,48,132,75,37,135,72,116,63" hai2="7,114,38,59,109,101,107,15,122,55,86,40,127" hai3="12,118,71,108,52,94,10,4,46,82,47,0,117" shuffle="mt19937ar,07508AEC,AE21407F,BC878F74,B889E7BE,08E06A87,91A76C82,0BDE1E79,CF55FFC6"/><T27/><D73/><U66/><E116/><V28/><F122/><W105/><G105/><T78/><D128/><U111/><E35/><V79/><F28/><W134/><G71/><T119/><D119/><U41/><E111/><V130/><F114/><W84/><G117/><T87/><D2/><U49/><E103/><V13/><F109/><W112/><G118/><T93/><D110/><U11/><E11/><V34/><F34/><W30/><G108/><T92/><D33/><U96/><E96/><V26/><F26/><W76/><G134/><N who="1" m="51242" /><E20/><V77/><F130/><W18/><G112/><T51/><D85/><U89/><E89/><V8/><F13/><W61/><G30/><T42/><D42/><U81/><E81/><V36/><F127/><W23/><REACH who="3" step="1"/><G94/><REACH who="3" step="2"/><T21/><REACH who="0" step="1"/><D9/><REACH who="0" step="2"/><U106/><E72/><V121/><F8/><W29/><G29/><T98/><D98/><U6/><E75/><V124/><F121/><W31/><G31/><T70/><D70/><U115/><E115/><V57/><F124/><W32/><G32/><T99/><D99/><U123/><E123/><V68/><F68/><W104/><G104/><T129/><D129/><U19/><E106/><V126/><F107/><W25/><G25/><T69/><D69/><U56/><E6/><V3/><F7/><W50/><G50/><T91/><D91/><U67/><E48/><V62/><F126/><W88/><G88/><T60/><D60/><U58/><E49/><V100/><F38/><W64/><G64/><T1/><D1/><U113/><E67/><V43/><F36/><W131/><G131/><RYUUKYOKU ba="0,2" sc="240,15,250,-15,250,-15,240,15" hai0="14,16,21,24,27,51,54,78,80,87,92,93,95" hai3="0,4,10,12,18,23,46,47,52,61,76,82,84" /><INIT seed="0,1,2,3,4,89" ten="255,235,235,255" oya="0" hai0="10,60,112,49,114,110,39,79,121,38,51,66,50" hai1="96,125,130,84,54,28,122,32,98,33,108,109,92" hai2="103,40,70,86,44,99,67,68,93,47,23,19,4" hai3="105,127,133,87,17,12,22,115,100,128,95,63,78" shuffle="mt19937ar,3D14DCE7,2A7FAA59,F438500D,B1003FE4,FA859D61,9342A0E7,8B173EC0,20C1F2DF"/><T2/><D79/><U65/><E122/><V83/><F4/><W14/><G115/><T13/><D121/><U62/><E125/><V106/><F67/><W27/><G105/><T24/><D2/><U123/><E123/><V119/><F119/><W42/><G127/><T25/><D110/><N who="1" m="42603" /><E130/><V59/><F59/><W43/><G133/><T41/><D112/><U75/><E75/><V73/><F44/><W80/><G63/><T132/><D132/><U85/><E54/><V45/><F45/><W117/><G117/><T34/><D114/><U64/><E98/><V135/><F135/><W37/><G128/><T29/><D24/><N who="1" m="18439" /><E33/><V52/><F52/><W72/><G37/><T88/><D41/><N who="3" m="15369" /><G72/><T1/><D1/><U48/><E48/><V55/><F55/><W11/><G11/><T61/><D61/><U53/><E53/><V131/><F131/><W6/><G6/><T94/><D60/><U16/><E16/><V5/><F5/><W3/><G3/><T35/><D66/><N who="1" m="25707" /><E62/><V104/><F73/><W21/><G21/><T46/><D35/><U102/><AGARI ba="1,2" hai="84,85,92,96,102" m="25707,18439,42603" machi="102" ten="30,2000,0" yaku="14,1,52,1" doraHai="89" who="1" fromWho="1" sc="255,-11,235,43,235,-6,255,-6" /><INIT seed="1,0,0,0,1,7" ten="244,278,229,249" oya="1" hai0="134,87,66,90,23,63,80,54,46,75,61,132,71" hai1="60,109,2,102,129,120,28,124,44,121,27,113,78" hai2="14,13,12,85,101,106,57,89,5,43,10,119,67" hai3="70,21,112,1,6,108,18,84,81,133,33,105,48" shuffle="mt19937ar,196F5A5A,99F57CE5,6E920BA7,0ED70A02,B76E7CCA,CB066A50,F5AE2218,21EFA4CF"/><U36/><E113/><V110/><F119/><W104/><G70/><T15/><D75/><U99/><E129/><V98/><F43/><W131/><G33/><T96/><D96/><U58/><E124/><V35/><F35/><W127/><G112/><T74/><D74/><U22/><E2/><V93/><REACH who="2" step="1"/><F110/><REACH who="2" step="2"/><W29/><G108/><T68/><D132/><U103/><E109/><V32/><F32/><W126/><G133/><T20/><D134/><U37/><E121/><V45/><F45/><W25/><G126/><T11/><D46/><U82/><E120/><V114/><F114/><W49/><G127/><T97/><D97/><U73/><E44/><V47/><F47/><W39/><G131/><T26/><D26/><U30/><E103/><V38/><F38/><W95/><G39/><T118/><D118/><U92/><REACH who="1" step="1"/><E30/><REACH who="1" step="2"/><V86/><F86/><W88/><G29/><T31/><D31/><U40/><E40/><V64/><F64/><AGARI ba="0,2" hai="22,27,28,36,37,58,60,64,73,78,82,92,99,102" machi="64" ten="30,11600,0" yaku="1,1,7,1,25,2,53,0" doraHai="7" doraHaiUra="51" who="1" fromWho="2" sc="244,0,268,136,219,-116,249,0" /><INIT seed="1,1,0,5,1,73" ten="244,404,103,249" oya="1" hai0="53,21,69,54,74,27,4,112,75,100,88,46,133" hai1="26,121,52,10,32,117,12,102,84,78,0,51,86" hai2="58,67,34,6,106,126,113,114,116,48,36,131,107" hai3="111,134,89,37,30,66,47,56,5,1,129,130,95" shuffle="mt19937ar,9E58CBDB,9C56157F,0E283457,C7B0E6F8,3F9EDEB0,D4984529,D02A9C21,98396ED7"/><U83/><E121/><V125/><F34/><W98/><G111/><T25/><D69/><U122/><E122/><V135/><F6/><W65/><G134/><T35/><D112/><N who="2" m="43114" /><F107/><W94/><G30/><T13/><D100/><U45/><E117/><V81/><F106/><W96/><G1/><T85/><D133/><U77/><E0/><V76/><F135/><W103/><G5/><T123/><D123/><U97/><E32/><V31/><F31/><W115/><G115/><T42/><D35/><U44/><E26/><V16/><F116/><W90/><G103/><T39/><D74/><U62/><E62/><N who="2" m="38359" /><F36/><W43/><REACH who="3" step="1"/><G56/><REACH who="3" step="2"/><T40/><D4/><N who="1" m="3143" /><E102/><V92/><F126/><W82/><G82/><T29/><D29/><U55/><E97/><V19/><F125/><W8/><G8/><T63/><D21/><U93/><E93/><V128/><F92/><W2/><G2/><T59/><D59/><N who="1" m="33183" /><E55/><V87/><F48/><W132/><G132/><T71/><D53/><U79/><E83/><V109/><F109/><W15/><G15/><T7/><D13/><U70/><E70/><V17/><AGARI ba="1,1" hai="16,17,19,76,81,87,128,131" m="38359,43114" machi="17" ten="40,5200,0" yaku="11,1,52,1,54,1" doraHai="73" who="2" fromWho="2" sc="244,-14,404,-27,103,65,239,-14" /><INIT seed="2,0,0,4,1,44" ten="230,377,168,225" oya="2" hai0="103,18,45,4,7,60,10,93,17,120,100,47,133" hai1="43,110,84,51,79,50,33,59,105,9,86,71,76" hai2="70,31,54,67,123,122,104,0,8,81,29,90,40" hai3="98,49,106,63,13,74,52,41,27,87,58,32,73" shuffle="mt19937ar,B9FD2426,6EB59014,ABC5E496,BE2E24C3,7DEE657A,2E558C73,366DC19E,2878C001"/><V80/><F104/><W109/><G109/><T53/><D120/><U88/><E105/><V2/><F40/><W126/><G126/><T68/><D133/><U14/><E71/><V20/><F70/><W12/><G74/><T117/><D117/><U101/><E33/><V72/><F67/><W108/><G73/><T42/><D68/><U130/><E101/><N who="0" m="38985" /><D93/><U113/><E113/><V85/><F54/><W89/><G106/><T111/><D111/><U127/><E110/><V25/><F31/><W107/><G107/><T94/><D94/><N who="1" m="54535" /><E127/><V116/><F116/><W82/><G108/><T102/><D102/><U66/><E130/><V112/><F112/><W30/><G98/><T135/><D135/><U35/><E35/><V92/><F81/><W124/><G124/><T97/><D18/><N who="1" m="8527" /><E86/><V39/><F39/><W134/><G134/><T132/><D97/><U48/><E43/><V38/><F38/><W1/><G1/><T77/><D132/><U64/><E59/><V11/><F2/><W56/><REACH who="3" step="1"/><G41/><REACH who="3" step="2"/><T125/><D42/><U15/><E15/><V128/><F128/><W19/><G19/><T16/><D17/><U118/><E118/><V5/><REACH who="2" step="1"/><F11/><REACH who="2" step="2"/><W36/><G36/><T21/><D10/><U115/><E115/><V62/><F62/><W26/><G26/><T55/><D60/><U119/><E119/><V83/><F83/><W96/><G96/><T131/><D125/><U114/><E114/><V121/><F121/><W3/><G3/><T37/><D131/><U24/><E24/><V6/><F6/><W129/><G129/><T46/><D4/><RYUUKYOKU ba="0,2" sc="230,-30,377,10,158,10,215,10" hai1="48,50,51,64,66,76,79" hai2="0,5,8,20,25,29,72,80,85,90,92,122,123" hai3="12,13,27,30,32,49,52,56,58,63,82,87,89" /><INIT seed="2,1,2,5,2,32" ten="200,387,168,225" oya="2" hai0="22,29,54,12,7,99,49,41,52,15,69,37,122" hai1="123,44,119,104,48,97,133,59,126,105,93,101,25" hai2="86,73,98,51,35,24,131,58,92,94,5,96,124" hai3="62,8,9,111,43,80,27,70,16,67,76,109,53" shuffle="mt19937ar,4416E926,5D981C6A,0FB4824A,F5489172,95A17754,7176279D,14619F74,0E4967DB"/><V23/><F35/><W120/><G120/><T0/><D122/><U13/><E123/><V90/><F73/><W38/><G53/><T60/><D37/><U40/><E119/><V103/><F131/><W3/><G43/><T26/><D0/><U2/><E2/><V110/><F110/><N who="3" m="41995" /><G38/><T75/><D75/><U117/><E117/><V46/><F124/><W112/><G112/><T79/><D79/><U18/><E126/><V65/><F5/><W127/><G127/><T6/><D69/><U47/><E133/><V64/><F58/><W66/><G66/><T45/><D99/><U108/><E108/><V130/><F98/><W14/><G27/><T106/><D106/><U71/><E71/><V121/><F130/><W118/><G118/><T33/><D33/><U116/><E116/><V128/><F128/><W102/><G102/><T114/><D114/><U57/><E105/><V55/><REACH who="2" step="1"/><F121/><REACH who="2" step="2"/><W61/><G61/><T115/><D115/><U82/><E97/><V83/><F83/><W63/><G63/><T78/><D60/><U84/><E82/><V125/><F125/><W85/><G3/><T72/><D6/><U39/><E59/><V17/><AGARI ba="1,3" hai="17,23,24,46,51,55,64,65,86,90,92,94,96,103" machi="17" ten="20,7800,0" yaku="1,1,0,1,7,1,8,1,53,0" doraHai="32" doraHaiUra="34" who="2" fromWho="2" sc="200,-27,387,-27,158,111,225,-27" /><INIT seed="2,2,0,0,5,74" ten="173,360,269,198" oya="2" hai0="68,26,91,84,102,126,28,83,37,47,130,16,100" hai1="133,86,97,24,32,58,22,42,11,108,25,88,72" hai2="111,59,131,54,21,6,40,77,19,116,10,90,1" hai3="56,121,125,55,118,31,49,65,135,64,38,110,75" shuffle="mt19937ar,7096A75F,A34F02FD,2089E2F6,066E6C0F,F35A671C,F8D7495A,C8FCF8C3,AFB3F4CE"/><V119/><F40/><W71/><G31/><T69/><D130/><U27/><E72/><V109/><F90/><W99/><G75/><T112/><D112/><U34/><E108/><N who="2" m="41547" /><F131/><W76/><G76/><T115/><D115/><U132/><E42/><V48/><F77/><W103/><G118/><T46/><D126/><U81/><E11/><V70/><F70/><W122/><G125/><T3/><D3/><U107/><E58/><V82/><F82/><W67/><G71/><T106/><D69/><U89/><E22/><V57/><F59/><W20/><G110/><T92/><D68/><U96/><E107/><V62/><F48/><W53/><G38/><T61/><D106/><U87/><E25/><AGARI ba="2,0" hai="1,6,10,19,21,25,54,57,62,116,119" m="41547" machi="25" ten="30,2900,0" yaku="14,1,10,1" doraHai="74" who="2" fromWho="1" sc="173,0,360,-35,269,35,198,0" /><INIT seed="2,3,0,2,3,79" ten="173,325,304,198" oya="2" hai0="12,15,47,29,111,36,34,46,135,49,120,98,59" hai1="7,75,56,64,70,16,44,8,68,102,0,3,72" hai2="30,80,23,126,100,69,115,127,131,125,42,108,10" hai3="123,21,88,112,134,122,121,41,107,130,5,1,77" shuffle="mt19937ar,45337C7E,78E6F2EE,03970AB1,36038DB3,0A8E42AB,D8080796,4CE8F0A6,5C173EE8"/><V66/><F115/><W114/><G107/><T35/><D120/><U61/><E3/><V38/><F100/><W51/><G130/><T62/><D36/><U113/><E113/><N who="3" m="43626" /><G134/><T55/><D135/><U96/><E44/><N who="2" m="23639" /><F10/><N who="3" m="2351" /><G21/><T81/><D111/><U28/><E28/><V117/><F117/><W104/><G104/><T52/><D46/><U97/><E97/><V132/><F132/><W93/><G77/><T19/><D98/><U67/><E16/><V32/><F23/><W83/><G83/><T39/><D39/><U9/><E9/><V101/><F101/><W133/><G133/><T25/><D35/><U78/><E78/><V6/><F6/><W82/><G82/><T63/><D81/><U87/><E87/><V99/><F99/><N who="3" m="57767" /><G51/><T119/><D119/><U20/><E20/><V33/><F131/><W73/><G41/><T109/><D109/><U43/><E43/><V27/><F108/><W31/><G73/><T22/><D63/><N who="1" m="40319" /><E56/><V24/><F80/><W54/><G31/><T60/><D62/><U18/><E18/><V74/><F74/><W17/><G17/><T86/><D86/><U48/><E48/><V40/><F40/><W106/><G106/><AGARI ba="3,0" hai="0,7,8,61,64,68,72,75,96,102,106" m="40319" machi="106" ten="30,2000,0" yaku="33,2" doraHai="79" who="1" fromWho="3" sc="173,0,325,29,304,0,198,-29" /><INIT seed="3,0,0,1,1,83" ten="173,354,304,169" oya="3" hai0="38,31,102,6,1,58,68,14,48,60,134,30,61" hai1="11,10,8,28,43,98,29,56,116,80,110,122,23" hai2="133,109,111,34,7,75,100,59,118,63,19,97,124" hai3="76,107,17,55,88,52,2,57,115,120,105,42,33" shuffle="mt19937ar,23357BAC,58B8AFA2,FE60EEE8,86F5D8BD,477819D1,836E669F,1EC264CF,EBADEB3A"/><W20/><G33/><T89/><D38/><U27/><E122/><V22/><F75/><W16/><G115/><T47/><D1/><U12/><E110/><V5/><F34/><W72/><G120/><T114/><D68/><U87/><E116/><V132/><F118/><W126/><G2/><T127/><D114/><U96/><E43/><V81/><F124/><W71/><G71/><T129/><D127/><U125/><E125/><V53/><F7/><W64/><G126/><T4/><D102/><U73/><E73/><V128/><F5/><N who="0" m="2154" /><D129/><U101/><E29/><N who="0" m="10761" /><D134/><U15/><E56/><V37/><F37/><W85/><G105/><T104/><D104/><U67/><E67/><V123/><F128/><W50/><G107/><T95/><D14/><N who="1" m="5163" /><E101/><V21/><F123/><W84/><G72/><T106/><D58/><U86/><E86/><N who="3" m="33386" /><G76/><AGARI ba="0,0" hai="8,10,11,23,27,28,76,80,87,96,98" m="5163" machi="76" ten="30,2000,0" yaku="8,1,52,1" doraHai="83" who="1" fromWho="3" sc="173,0,354,20,304,0,169,-20" owari="173,-18,374,38,304,5,149,-25" /></mjloggm>