<mjloggm ver="2.3"><GO type="225"/><UN n0="%E5%B1%B1%E5%B9%B8%E5%95%86%E5%BA%97" n1="%E3%83%AA%E3%83%AA%E3%82%A2%E3%83%BC%E3%83%8C" n2="%45%56%41%4E%53%49%55" n3="%E5%85%AD%E5%88%86%E5%84%80" dan="17,17,16,18" rate="2159,2126,2077,2161" sx="M,F,M,F"/><TAIKYOKU oya="0"/><INIT seed="0,0,0,1,5,124" ten="250,250,250,250" oya="0" hai0="12,74,100,86,67,63,66,114,127,36,19,23,83" hai1="17,70,129,90,97,78,33,30,10,42,77,60,38" hai2="62,51,2,18,135,49,34,31,95,22,47,87,9" hai3="80,111,56,50,119,96,0,94,105,128,118,16,99" shuffle="mt19937ar,98B7563B,3DF5FEA1,FDA06279,CA682525,8DF1EE23,7778035B,C9B3BA40,5AD60359"/><T123/><D36/><U43/><E30/><V92/><F135/><W46/><G0/><T79/><D123/><U76/><E33/><V93/><F87/><W104/><G111/><T29/><D127/><U112/><E112/><V35/><F62/><W82/><G56/><T85/><D114/><U5/><E17/><V117/><F117/><W101/><G94/><T134/><D134/><U14/><E38/><V133/><F133/><W8/><G8/><T81/><D100/><U52/><E129/><V89/><F89/><W13/><G128/><T69/><D67/><U53/><E70/><V48/><F31/><W122/><G122/><T7/><D7/><U71/><E71/><V109/><F109/><W40/><G99/><T54/><D29/><U44/><E60/><V98/><F98/><W4/><G4/><T106/><D106/><U120/><E120/><V57/><F57/><W41/><G105/><T11/><D54/><N who="1" m="21099" /><E44/><V130/><F47/><W26/><G41/><T115/><D115/><U113/><E113/><V72/><F72/><W58/><G58/><T73/><REACH who="0" step="1"/><D11/><REACH who="0" step="2"/><U84/><E43/><V20/><F9/><W88/><G119/><T61/><D61/><U55/><E55/><V68/><F68/><W25/><G118/><T102/><D102/><U131/><E42/><V126/><F126/><W45/><G45/><T24/><D24/><N who="3" m="9321" /><G101/><T103/><D103/><U28/><E28/><V110/><F110/><W107/><G107/><T121/><D121/><U27/><E27/><V32/><F35/><W1/><G104/><T3/><D3/><U64/><E10/><RYUUKYOKU ba="0,1" sc="240,30,250,-10,250,-10,250,-10" hai0="12,19,23,63,66,69,73,74,79,81,83,85,86" /><INIT seed="0,1,1,3,4,74" ten="270,240,240,240" oya="0" hai0="3,94,35,71,104,9,131,133,85,115,28,60,40" hai1="96,114,129,23,110,30,121,95,66,31,43,90,55" hai2="128,86,57,34,102,113,76,63,67,82,1,32,87" hai3="45,117,37,52,116,16,4,122,62,33,68,92,69" shuffle="mt19937ar,8A7F5950,85B3CE43,DAD86718,6F1296E8,E96391B9,AC6B6B4E,125FE5AA,715CA857"/><T10/><D104/><U59/><E121/><V65/><F113/><W64/><G33/><T124/><D115/><U44/><E114/><V109/><F109/><W61/><G4/><T6/><D40/><U88/><E110/><V51/><F1/><W14/><G122/><T0/><D133/><U13/><E66/><V112/><F112/><W97/><G37/><T126/><D71/><U56/><E129/><V105/><F128/><W123/><G123/><T15/><D60/><U118/><E90/><V5/><F5/><W77/><G77/><T78/><D131/><U49/><E118/><V17/><F67/><W47/><G69/><T24/><D94/><U111/><E111/><V132/><F132/><W120/><G120/><T89/><D89/><U8/><E23/><V20/><F86/><W107/><G107/><T73/><D85/><U127/><E127/><N who="0" m="48681" /><D10/><U125/><E125/><V21/><F51/><W103/><G117/><T93/><D93/><U7/><REACH who="1" step="1"/><E59/><REACH who="1" step="2"/><V134/><F134/><W25/><G116/><T39/><D39/><AGARI ba="1,2" hai="7,8,13,30,31,39,43,44,49,55,56,88,95,96" machi="39" ten="30,8000,1" yaku="1,1,2,1,7,1,54,1,53,1" doraHai="74" doraHaiUra="11" who="1" fromWho="0" sc="270,-83,230,103,240,0,240,0" /><INIT seed="1,0,0,4,5,34" ten="187,333,240,240" oya="1" hai0="72,62,90,52,28,46,57,51,87,4,55,105,96" hai1="40,134,71,31,21,16,98,65,2,104,54,1,86" hai2="25,85,112,32,66,27,17,130,43,81,74,10,128" hai3="63,133,132,37,117,110,8,84,44,56,100,107,78" shuffle="mt19937ar,67E0B78D,B6068CD6,A2FCC65F,60F40992,C3C10708,63581635,488734DC,690CC6FA"/><U19/><E40/><V101/><F74/><W68/><G68/><T111/><D72/><U82/><E134/><N who="3" m="51818" /><G110/><T77/><D111/><U99/><E31/><V20/><F112/><W0/><G117/><T116/><D116/><U83/><E65/><V88/><F66/><W23/><G23/><T102/><D77/><U125/><E71/><V39/><F101/><W126/><G126/><T95/><D28/><U59/><E125/><V113/><F113/><W109/><G109/><T36/><D4/><U64/><E64/><V3/><F27/><W70/><G70/><T12/><D12/><U118/><E19/><V94/><F81/><N who="3" m="47159" /><G56/><T38/><AGARI ba="0,0" hai="36,38,46,51,52,55,57,62,87,90,95,96,102,105" machi="38" ten="30,2000,0" yaku="0,1,54,1" doraHai="34" who="0" fromWho="0" sc="187,20,333,-10,240,-5,240,-5" /><INIT seed="2,0,0,5,1,10" ten="207,323,235,235" oya="2" hai0="135,47,125,72,87,102,103,23,49,25,75,97,123" hai1="59,36,15,86,96,13,29,19,20,122,130,104,92" hai2="101,109,77,16,9,46,106,132,7,126,65,67,60" hai3="39,48,18,134,76,127,98,32,52,53,118,95,35" shuffle="mt19937ar,1980193F,23DA7826,F837E5DF,13E825D9,255E2081,7E65F376,441CA7D4,8A56BDCB"/><V128/><F126/><W89/><G118/><T31/><D125/><U12/><E36/><V68/><F67/><W63/><G127/><T113/><D123/><U66/><E104/><V21/><F132/><W30/><G39/><T54/><D113/><U58/><E130/><V133/><F133/><W105/><G134/><T107/><D135/><U108/><E108/><V114/><F114/><W80/><G105/><T5/><D103/><N who="1" m="60807" /><E29/><V99/><F128/><W27/><G35/><T69/><D69/><U57/><E122/><V14/><F77/><W62/><G18/><T82/><REACH who="0" step="1"/><D5/><REACH who="0" step="2"/><U110/><E110/><V44/><REACH who="2" step="1"/><F109/><REACH who="2" step="2"/><W50/><G53/><T131/><D131/><U73/><E66/><V43/><F43/><W33/><G33/><T64/><D64/><U88/><E73/><V94/><F94/><AGARI ba="0,2" hai="12,13,15,19,20,57,58,59,86,88,94" m="60807" machi="94" ten="30,8000,1" yaku="8,1,52,3,54,1" doraHai="10" who="1" fromWho="2" sc="197,0,323,100,225,-80,235,0" /><INIT seed="3,0,0,0,3,12" ten="197,423,145,235" oya="3" hai0="102,122,26,131,114,134,92,65,117,72,14,119,51" hai1="88,16,52,93,104,132,44,135,42,63,133,18,79" hai2="27,30,105,77,85,43,127,59,5,23,24,82,125" hai3="45,128,97,84,99,25,67,49,6,126,32,39,74" shuffle="mt19937ar,FA5C6CFF,64D4057D,2EFBC1CD,DC00D3B1,04D21082,58B909DC,676ECB1D,34A32B39"/><W3/><G74/><T22/><D122/><U96/><E79/><V91/><F105/><W29/><G39/><T108/><D72/><U2/><E2/><V48/><F5/><W47/><G67/><T89/><D102/><N who="1" m="62535" /><E52/><V10/><F10/><W11/><G126/><T53/><D65/><U78/><E63/><V55/><F43/><W124/><G128/><T69/><D69/><U36/><E78/><V107/><F107/><W8/><G124/><T4/><D131/><U33/><E33/><V90/><F127/><W70/><G70/><T15/><D134/><U112/><E112/><V94/><F125/><W101/><G84/><AGARI ba="0,0" hai="16,18,36,42,44,84,88,93,132,133,135" m="62535" machi="84" ten="30,8000,1" yaku="20,1,52,2,54,2" doraHai="12" who="1" fromWho="3" sc="197,0,423,80,145,0,235,-80" owari="197,-5,503,49,145,-25,155,-19" /></mjloggm>