<mjloggm ver="2.3"><GO type="225"/><UN n0="%74%EF%BC%9C%6E" n1="%23%37%34%E5%A4%A7%E6%B2%BB%E9%83%8E" n2="%E3%82%88%E3%81%A3%E3%81%A1" n3="%6E%6F%72%69%73%69%6F" dan="16,16,16,16" rate="2046,2034,2080,2020" sx="F,M,M,M"/><TAIKYOKU oya="0"/><INIT seed="0,0,0,5,5,22" ten="250,250,250,250" oya="0" hai0="56,71,7,6,127,1,105,23,15,77,21,52,124" hai1="122,35,41,116,49,102,123,98,73,28,90,50,135" hai2="17,24,45,120,3,42,38,37,33,31,54,132,67" hai3="64,100,66,108,4,95,18,97,94,10,47,119,129" shuffle="mt19937ar,92C6E1DD,17136CA9,CFBAC6B4,B9094AC1,2529F369,F3B1DEEB,97A05C05,F78373E3"/><T58/><D71/><U69/><E69/><V43/><F3/><W20/><G108/><T26/><D105/><U125/><E116/><V2/><F2/><W32/><G32/><T126/><D1/><U76/><E135/><V111/><F67/><W72/><G72/><T130/><D77/><U109/><E109/><V0/><F0/><W51/><G119/><T121/><D121/><U84/><E76/><V14/><F111/><W93/><G10/><T106/><D106/><U11/><E73/><V12/><F120/><W96/><G4/><T74/><D74/><U9/><E125/><V103/><F103/><W79/><G79/><T61/><D130/><U25/><E123/><V88/><F132/><W68/><G68/><T63/><D15/><U36/><E36/><V104/><F104/><W114/><G114/><T81/><D81/><U128/><E122/><V134/><F134/><W87/><G87/><T5/><REACH who="0" step="1"/><D26/><REACH who="0" step="2"/><U60/><E128/><V75/><F75/><W70/><G129/><T89/><D89/><U39/><E90/><V83/><F12/><N who="3" m="9287" /><G70/><T80/><D80/><U92/><E25/><V86/><F37/><W110/><G110/><T85/><D85/><U115/><E84/><V91/><F38/><W30/><G100/><T65/><AGARI ba="0,1" hai="5,6,7,21,23,52,56,58,61,63,65,124,126,127" machi="65" ten="40,12000,1" yaku="1,1,0,1,18,1,54,1,53,0" doraHai="22" doraHaiUra="112" who="0" fromWho="0" sc="240,130,250,-40,250,-40,250,-40" /><INIT seed="0,1,0,2,1,69" ten="370,210,210,210" oya="0" hai0="104,6,18,27,122,29,38,84,52,11,57,51,95" hai1="111,28,71,79,24,96,66,44,93,129,30,87,81" hai2="89,107,105,94,119,64,91,70,25,127,102,67,68" hai3="128,75,59,22,3,0,90,76,54,103,2,14,117" shuffle="mt19937ar,B5D80801,BBD5CAFA,F31EB832,86D10235,4ED453E0,8D89FFF5,05E5EAD3,FD0E9918"/><T135/><D104/><U36/><E129/><V134/><F25/><W100/><G128/><T8/><D122/><U131/><E131/><V42/><F42/><W21/><G117/><T48/><D135/><U112/><E112/><V97/><F134/><W60/><G90/><T113/><D113/><U26/><E111/><V106/><F127/><W32/><G32/><T55/><D38/><U110/><E110/><V34/><F34/><W74/><G14/><T15/><D95/><U132/><E132/><V114/><F114/><W133/><G133/><T43/><D43/><U80/><E71/><V49/><F49/><W40/><G40/><T20/><D84/><U65/><E81/><V88/><REACH who="2" step="1"/><F119/><REACH who="2" step="2"/><W125/><G125/><T101/><D27/><U12/><E26/><V7/><F7/><W23/><REACH who="3" step="1"/><G76/><REACH who="3" step="2"/><T73/><D15/><U124/><E124/><V63/><F63/><W1/><N who="3" m="512" /><DORA hai="33" /><W123/><G123/><T126/><D126/><U47/><E12/><V98/><F98/><W41/><G41/><T50/><D6/><U86/><E96/><V108/><F108/><W17/><G17/><T118/><D18/><U130/><E79/><V99/><F99/><W120/><G120/><T53/><D118/><U46/><E130/><V5/><F5/><W121/><G121/><T56/><D29/><U39/><E30/><V10/><F10/><W109/><G109/><T19/><D8/><U116/><E28/><V92/><F92/><W77/><G77/><T37/><D11/><U61/><E93/><V35/><F35/><W62/><G62/><T31/><D31/><RYUUKYOKU ba="1,2" sc="370,-15,210,-15,200,15,200,15" hai2="64,67,68,70,88,89,91,94,97,102,105,106,107" hai3="21,22,23,54,59,60,74,75,100,103" /><INIT seed="1,2,2,0,5,84" ten="355,195,215,215" oya="1" hai0="97,13,126,83,1,24,49,26,108,133,99,3,9" hai1="59,41,2,134,107,66,60,50,46,34,36,67,94" hai2="73,56,44,123,11,93,53,135,61,74,80,5,15" hai3="12,104,81,8,113,79,63,43,4,88,124,106,39" shuffle="mt19937ar,94005921,4301B634,9E4D1BE9,9D5EA513,EDC3A56F,5A09738D,CB2011A9,99ACE245"/><U129/><E107/><V31/><F31/><W62/><G113/><T16/><D108/><U6/><E34/><V70/><F123/><W76/><G124/><T111/><D111/><U18/><E134/><V96/><F135/><W115/><G115/><T51/><D133/><U25/><E129/><V7/><F7/><W52/><G104/><T0/><D126/><U72/><E72/><V71/><F44/><W110/><G106/><T89/><D97/><U64/><E36/><V82/><F74/><W45/><G110/><T30/><D26/><U95/><E2/><V86/><F73/><W120/><G120/><T42/><D42/><U103/><E6/><V21/><F21/><W118/><G118/><T90/><D83/><U28/><E28/><V128/><F82/><W68/><G68/><T37/><D37/><U109/><E109/><V122/><F122/><W77/><REACH who="3" step="1"/><G52/><REACH who="3" step="2"/><T85/><D0/><U55/><E103/><V48/><F128/><W131/><G131/><T65/><D1/><U17/><REACH who="1" step="1"/><E25/><REACH who="1" step="2"/><V125/><F125/><W75/><G75/><T112/><D3/><U116/><E116/><V78/><F61/><W58/><G58/><T117/><D117/><U127/><E127/><V47/><F56/><W10/><G10/><T23/><D112/><U57/><E57/><V38/><F38/><W35/><G35/><T102/><D102/><AGARI ba="2,4" hai="5,11,15,47,48,53,70,71,78,80,86,93,96,102" machi="102" ten="30,1000,0" yaku="7,1" doraHai="84" who="2" fromWho="0" sc="355,-16,185,0,215,56,205,0" /><INIT seed="2,0,0,1,1,65" ten="339,185,271,205" oya="2" hai0="95,135,57,106,120,55,15,77,104,1,132,8,75" hai1="68,32,105,44,99,11,102,82,111,10,76,5,52" hai2="92,14,128,50,78,85,54,107,61,22,35,42,29" hai3="51,116,117,88,103,131,25,45,30,96,37,122,74" shuffle="mt19937ar,975478AF,A2244E18,15CA49C2,05D62E3F,6FB3FB02,EB836BFF,608E683A,257982DE"/><V133/><F107/><W121/><G74/><T34/><D120/><U108/><E32/><V16/><F133/><N who="0" m="51274" /><D34/><U109/><E68/><V70/><F42/><W71/><G71/><T97/><D1/><U91/><E91/><V19/><F19/><W56/><G131/><T84/><D84/><N who="1" m="48199" /><E5/><V98/><F128/><W134/><G134/><T23/><D23/><U67/><E67/><V63/><F35/><W130/><G130/><T123/><D123/><U69/><E69/><V129/><F29/><W112/><G112/><T39/><D39/><U94/><E105/><V58/><F70/><W72/><G72/><T6/><D77/><U31/><E31/><V114/><F114/><W38/><G122/><T41/><D75/><U28/><E28/><V125/><F125/><W47/><G121/><T86/><D86/><U100/><E100/><V9/><F129/><W7/><G7/><T24/><D104/><U110/><N who="1" m="27648" /><DORA hai="115" /><U40/><E52/><V119/><F119/><W2/><G2/><T81/><D55/><U20/><E20/><V113/><F22/><W118/><G56/><T33/><D57/><U87/><E87/><V36/><F113/><W93/><G103/><T4/><D106/><U3/><E3/><V0/><F0/><W17/><G30/><T64/><D4/><U53/><E53/><V126/><F85/><W49/><G45/><T43/><D64/><U73/><E73/><V83/><F54/><W127/><G47/><T89/><D33/><U48/><AGARI ba="0,0" hai="10,11,40,44,48,94,99,102" m="27648,48199" machi="48" ten="60,2000,0" yaku="14,1" doraHai="65,115" who="1" fromWho="1" sc="339,-5,185,20,271,-10,205,-5" /><INIT seed="3,0,0,1,4,13" ten="334,205,261,200" oya="3" hai0="25,28,48,134,10,1,35,99,84,7,58,70,81" hai1="29,56,100,57,4,119,79,71,6,86,0,49,16" hai2="53,132,120,27,107,89,3,87,128,44,22,122,2" hai3="101,117,9,108,97,127,106,72,41,20,129,130,113" shuffle="mt19937ar,7A0F42B7,ABF354E0,A8E2F035,ADB34152,61FC5B8E,BAABA33A,B4F4D505,3CE165C4"/><W66/><G117/><T52/><D70/><U83/><E119/><V105/><F128/><N who="3" m="49259" /><G113/><T19/><D134/><U103/><E71/><V133/><F53/><W96/><G72/><T46/><D99/><U15/><E29/><V125/><F44/><W18/><G127/><T23/><D46/><U64/><E0/><V50/><F50/><W115/><G115/><T94/><D94/><U111/><E111/><V39/><F39/><W121/><G121/><N who="2" m="46697" /><F125/><W135/><G135/><N who="2" m="51785" /><F107/><W112/><G112/><T75/><D75/><U114/><E114/><V40/><F40/><W126/><G126/><T88/><REACH who="0" step="1"/><D19/><REACH who="0" step="2"/><U116/><E116/><V77/><F105/><W63/><G108/><T78/><D78/><U38/><E38/><V26/><F77/><W74/><G74/><T85/><D85/><U104/><E104/><V82/><F27/><N who="3" m="14743" /><G96/><T32/><AGARI ba="0,1" hai="1,7,10,23,25,28,32,35,48,52,58,81,84,88" machi="32" ten="30,8000,1" yaku="1,1,0,1,54,2,53,1" doraHai="13" doraHaiUra="17" who="0" fromWho="0" sc="324,90,205,-20,261,-20,200,-40" owari="414,41,185,-16,241,-1,160,-24" /></mjloggm>