<mjloggm ver="2.3"><GO type="225"/><UN n0="%E5%BE%85%E3%81%A1%E3%81%A8%E3%82%89%E3%81%9A" n1="%E3%82%88%E3%81%A3%E3%81%A1" n2="%E3%81%B6%E3%81%A3%E3%81%A8%E3%81%B3%E4%BE%8D" n3="%E6%A1%9C%E8%8A%B1%E9%96%83%E3%80%85" dan="16,16,16,16" rate="2055,2072,2055,2026" sx="M,M,M,M"/><TAIKYOKU oya="0"/><INIT seed="0,0,0,3,1,21" ten="250,250,250,250" oya="0" hai0="86,58,32,92,14,99,95,27,108,12,72,24,46" hai1="55,3,62,88,65,70,53,104,31,106,85,19,119" hai2="117,45,116,69,124,48,57,40,54,4,39,77,66" hai3="93,126,2,113,84,80,87,131,89,127,82,51,115" shuffle="mt19937ar,5B97748A,C61093DE,31BC6DBE,B51D4E70,CDA0BBDB,259A6167,614489C8,0CFB0913"/><T102/><D72/><U28/><E3/><V78/><F4/><W22/><G2/><T120/><D120/><U11/><E119/><V94/><F124/><N who="3" m="47659" /><G51/><T64/><D32/><U83/><E31/><V37/><F37/><W5/><G5/><T8/><D108/><U59/><E53/><V123/><F123/><W0/><G0/><T42/><D92/><U79/><E28/><V30/><F30/><W1/><G1/><T7/><D86/><N who="3" m="32809" /><G22/><T34/><D34/><U125/><E125/><V81/><F94/><W44/><G44/><T71/><D14/><U128/><E128/><V103/><F103/><W135/><G135/><T91/><D102/><U10/><E79/><N who="2" m="30219" /><F81/><N who="3" m="31339" /><G131/><T25/><D71/><U23/><E10/><V60/><AGARI ba="0,0" hai="39,40,45,48,54,57,60,66,69,116,117" m="30219" machi="60" ten="30,1100,0" yaku="24,1" doraHai="21" who="2" fromWho="2" sc="250,-5,250,-3,250,11,250,-3" /><INIT seed="1,0,0,5,1,114" ten="245,247,261,247" oya="1" hai0="118,107,128,56,55,75,96,111,1,100,78,24,117" hai1="8,125,40,46,27,23,113,79,38,62,132,52,18" hai2="80,72,33,64,61,74,110,91,5,21,14,47,42" hai3="54,126,34,81,98,69,97,102,90,94,48,26,16" shuffle="mt19937ar,1597BA2E,D43B857A,9ECBE3ED,4234AA3E,0BA9DA29,A4431C4E,9786FDBE,9A78D1A0"/><U50/><E113/><V130/><F33/><W105/><G69/><T36/><D111/><U20/><E125/><V68/><F110/><W25/><G126/><T67/><D128/><U82/><E132/><V28/><F130/><W93/><G34/><T37/><D67/><U86/><E62/><V45/><F45/><W95/><G81/><T84/><D75/><U87/><E20/><V35/><F35/><W60/><G60/><T112/><D1/><U131/><E131/><V53/><F53/><W73/><G73/><T104/><D104/><U120/><E8/><V99/><F28/><W122/><G122/><T43/><D112/><U124/><E124/><V13/><F13/><W15/><G25/><T4/><D4/><U6/><E6/><V58/><F68/><W129/><G26/><T19/><D19/><U10/><E10/><V116/><F116/><W29/><G29/><T17/><D84/><U106/><E106/><V133/><F133/><W32/><G32/><T83/><D17/><U31/><E120/><V123/><F123/><W109/><G109/><T2/><D24/><U51/><E31/><V92/><F80/><W108/><G108/><T39/><D43/><U70/><E70/><V65/><F65/><W101/><G101/><T135/><D2/><U89/><REACH who="1" step="1"/><E52/><REACH who="1" step="2"/><V71/><F71/><W44/><G129/><T12/><D135/><U127/><E127/><V119/><F5/><W3/><G3/><T77/><D55/><U134/><E134/><V11/><F11/><AGARI ba="0,1" hai="11,15,16,44,48,54,90,93,94,95,97,98,102,105" machi="11" ten="30,2000,0" yaku="7,1,54,1" doraHai="114" who="3" fromWho="2" sc="245,0,237,0,261,-20,247,30" /><INIT seed="2,0,0,4,1,84" ten="245,237,241,277" oya="2" hai0="56,95,62,133,31,16,9,53,69,13,131,91,5" hai1="28,83,24,92,0,25,88,108,99,77,59,89,90" hai2="78,72,85,27,52,115,47,117,57,2,75,128,60" hai3="105,116,11,74,130,93,81,45,113,61,80,119,134" shuffle="mt19937ar,26BF1B17,014DEFA0,63B1C377,4D2AB42E,4B2C55B9,C7781CFB,B296856A,BD81E9D7"/><V37/><F115/><W43/><G105/><T42/><D133/><U26/><E0/><V76/><F117/><W38/><G134/><T8/><D131/><U96/><E108/><V7/><F128/><W121/><G130/><T6/><D69/><U97/><E59/><V127/><F127/><W118/><G121/><T135/><D135/><U30/><E92/><V48/><F37/><W20/><G113/><T33/><D42/><U50/><E50/><V55/><F27/><W19/><G74/><AGARI ba="0,0" hai="24,25,26,28,30,74,77,83,88,89,90,96,97,99" machi="74" ten="50,12000,2" yaku="29,2,52,3,54,1" doraHai="84" who="1" fromWho="3" sc="245,0,237,120,241,0,277,-120" /><INIT seed="3,0,0,5,0,126" ten="245,357,241,157" oya="3" hai0="104,96,15,100,17,48,74,75,31,115,19,135,97" hai1="79,24,14,134,86,107,91,33,78,109,54,95,102" hai2="133,39,76,50,9,127,20,12,41,49,4,47,23" hai3="103,57,45,70,5,93,63,92,77,89,129,123,0" shuffle="mt19937ar,F78E6C4E,A57FA433,F7EA40A3,096218E7,54594812,A30AE851,C35CCF77,258C48F7"/><W83/><G123/><T56/><D135/><U94/><E107/><V52/><F127/><W106/><G70/><T29/><D115/><U43/><E43/><V72/><F133/><W55/><G106/><T67/><D97/><U37/><E37/><V35/><F35/><W2/><G103/><T8/><D29/><U68/><E68/><V117/><F117/><W124/><G124/><T112/><D112/><U16/><E24/><V22/><F72/><W51/><G5/><T69/><D19/><U118/><E118/><V119/><F119/><W90/><G92/><T1/><D1/><U131/><E33/><V114/><F114/><W111/><G111/><T101/><D101/><U80/><E54/><V110/><F110/><W87/><G129/><T73/><D31/><U132/><E109/><V6/><F76/><W11/><G11/><T34/><D34/><U130/><E79/><V36/><REACH who="2" step="1"/><F6/><REACH who="2" step="2"/><W120/><G120/><T7/><D7/><U13/><E132/><V40/><F40/><W61/><G61/><T81/><D73/><U60/><E134/><V26/><F26/><W128/><G128/><T21/><D75/><U66/><E78/><V53/><F53/><W65/><REACH who="3" step="1"/><G90/><REACH who="3" step="2"/><T84/><D100/><U59/><E102/><V88/><F88/><W27/><G27/><T71/><D104/><U82/><E131/><V42/><F42/><W10/><G10/><T32/><D8/><U3/><E130/><V62/><F62/><W25/><G25/><T28/><D71/><U58/><E60/><V108/><F108/><W18/><G18/><T116/><D17/><RYUUKYOKU ba="0,2" sc="245,-15,357,-15,231,15,147,15" hai2="4,9,12,20,22,23,36,39,41,47,49,50,52" hai3="0,2,45,51,55,57,63,65,77,83,87,89,93" /><INIT seed="3,1,2,4,2,0" ten="230,342,246,162" oya="3" hai0="53,74,129,98,6,39,1,126,117,60,34,2,65" hai1="83,66,135,127,3,107,92,57,20,94,125,67,113" hai2="93,111,15,106,31,72,79,99,37,95,131,28,9" hai3="51,96,10,33,87,22,46,103,84,109,122,18,30" shuffle="mt19937ar,84957BFA,E87FCF77,5A4847C0,A4DB9545,5F4E0330,4F907898,EBA37BA1,4070B43A"/><W112/><G122/><T19/><D117/><U13/><E107/><V101/><F37/><W124/><G112/><T123/><D123/><U41/><E3/><V49/><F111/><W55/><G124/><N who="1" m="47690" /><E113/><V102/><F131/><W4/><G109/><T61/><D74/><U88/><E41/><V58/><F72/><W100/><G33/><T11/><D34/><U7/><E135/><V35/><F79/><W45/><G30/><T25/><D39/><U43/><E43/><V115/><F115/><W24/><G46/><T108/><D108/><U50/><E83/><V104/><F35/><W77/><G77/><T21/><D126/><U52/><E94/><V17/><F104/><W81/><G81/><T27/><D27/><U69/><E69/><V14/><F106/><W12/><REACH who="3" step="1"/><G103/><REACH who="3" step="2"/><T121/><D121/><U89/><E89/><V97/><F102/><W133/><G133/><T23/><D129/><U134/><E134/><V32/><F32/><W38/><G38/><T114/><D114/><U62/><E88/><V86/><F101/><W120/><G120/><T64/><D23/><U68/><E20/><V82/><F82/><W75/><G75/><T42/><D21/><U40/><E92/><AGARI ba="1,3" hai="4,10,12,18,22,24,45,51,55,84,87,92,96,100" machi="92" ten="30,11600,0" yaku="1,1,7,1,8,1,52,1,53,0" doraHai="0" doraHaiUra="76" who="3" fromWho="1" sc="230,0,342,-119,246,0,152,149" owari="230,-12,223,-18,246,0,301,30" /></mjloggm>