<mjloggm ver="2.3"><GO type="225"/><UN n0="%E6%9C%A7%E5%A4%8F%E6%9C%88" n1="%E2%98%85%E3%83%A6%E3%83%94%E3%83%86%E3%83%AB%E2%98%85" n2="%E6%A1%9C%E8%8A%B1%E9%96%83%E3%80%85" n3="%45%56%41%4E%53%49%55" dan="17,17,16,16" rate="2156,2079,2033,2067" sx="M,M,M,M"/><TAIKYOKU oya="0"/><INIT seed="0,0,0,4,1,19" ten="250,250,250,250" oya="0" hai0="32,103,4,38,80,127,128,51,109,101,121,100,53" hai1="83,90,48,135,11,62,96,99,126,87,56,50,104" hai2="28,75,114,8,95,69,117,5,82,47,64,71,13" hai3="132,59,40,125,118,88,58,76,92,45,9,85,93" shuffle="mt19937ar,C0CEADB3,F034967E,FB82B93A,E87B346F,A91AB17D,EC218EC6,4A5BBC59,8974EDB2"/><T7/><D121/><U60/><E135/><V42/><F114/><W31/><G118/><T91/><D38/><U1/><E126/><V33/><F117/><W36/><G125/><T34/><D127/><U77/><E104/><V86/><F75/><W116/><G116/><T81/><D128/><U107/><E107/><V119/><F119/><W35/><G132/><T134/><D134/><U84/><E1/><V15/><F95/><W2/><G76/><T108/><D51/><N who="1" m="19499" /><E11/><V20/><F33/><N who="0" m="12906" /><D53/><N who="1" m="33807" /><E62/><V122/><F122/><W73/><G73/><T25/><D25/><U37/><E37/><V131/><F131/><W57/><G35/><T43/><D43/><U98/><E87/><V6/><F86/><W30/><REACH who="3" step="1"/><G92/><AGARI ba="0,0" hai="77,83,84,90,92,96,98,99" m="33807,19499" machi="92" ten="30,1000,0" yaku="8,1" doraHai="19" who="1" fromWho="3" sc="250,0,250,10,250,0,250,-10" /><INIT seed="1,0,0,0,4,23" ten="250,260,250,240" oya="1" hai0="128,40,8,127,42,117,30,108,76,49,123,74,97" hai1="102,9,12,3,77,53,69,131,32,51,126,41,134" hai2="115,90,50,61,84,109,81,39,62,124,33,58,113" hai3="64,89,120,125,67,59,92,13,118,87,98,78,25" shuffle="mt19937ar,014D4F0C,86FB2748,8C697D5B,02AB785A,6184DC9D,CAD0A3E5,254D33B4,790634E9"/><U75/><E69/><V86/><F39/><W100/><G120/><T130/><D117/><U29/><E126/><V93/><F124/><W114/><G114/><N who="2" m="43529" /><F109/><W112/><G112/><T101/><D108/><U72/><E131/><V43/><F33/><W16/><G125/><T18/><D127/><U38/><E134/><V80/><F93/><W121/><G121/><T52/><D123/><U107/><E3/><V34/><F34/><W15/><G78/><T119/><D30/><U129/><E129/><N who="0" m="49769" /><D76/><U96/><E38/><V5/><F5/><W110/><G118/><T135/><D74/><U14/><E41/><V37/><F37/><W10/><G110/><T116/><D135/><U63/><E63/><V1/><F1/><W48/><G15/><N who="0" m="7527" /><D116/><U4/><E14/><V104/><F104/><W111/><G111/><T22/><D22/><U68/><E68/><V45/><F58/><W26/><G48/><T105/><D119/><U73/><E77/><AGARI ba="0,0" hai="43,45,50,61,62,77,80,81,84,86,90" m="43529" machi="77" ten="30,1000,0" yaku="11,1" doraHai="23" who="2" fromWho="1" sc="250,0,260,-10,250,10,240,0" /><INIT seed="2,0,0,3,3,3" ten="250,250,260,240" oya="2" hai0="30,34,20,71,117,0,125,27,67,135,126,96,13" hai1="37,45,134,63,85,22,124,77,112,114,111,129,33" hai2="74,49,86,87,127,41,98,75,52,31,35,47,4" hai3="6,103,130,42,9,90,94,78,5,7,10,70,108" shuffle="mt19937ar,C330F778,371B1208,B2451C34,AEE5EB1B,417F6EEB,BFF84D24,53F497A1,48EA7328"/><V64/><F64/><W12/><G70/><T101/><D135/><U73/><E22/><V29/><F127/><N who="0" m="48650" /><D0/><U61/><E85/><N who="2" m="32267" /><F75/><W89/><G108/><T81/><D81/><U109/><E33/><V133/><F74/><W120/><G120/><T56/><D71/><U17/><E17/><V46/><F35/><W113/><G113/><N who="1" m="43626" /><E124/><V60/><F133/><W38/><G130/><T69/><D69/><U25/><E25/><V62/><F98/><N who="3" m="59863" /><G38/><T55/><D67/><U122/><E134/><V65/><F4/><N who="3" m="3111" /><G78/><T91/><D117/><U106/><E106/><V100/><F100/><W44/><G42/><T79/><D79/><U57/><E129/><V28/><F65/><W53/><G10/><T43/><D43/><N who="1" m="22767" /><E77/><V132/><F132/><W59/><G44/><T19/><D91/><U110/><E73/><V105/><F105/><W14/><G14/><T72/><D72/><U26/><E26/><V8/><F8/><W2/><G2/><T36/><D36/><U66/><E63/><AGARI ba="0,0" hai="5,6,7,53,59,63,89,90" m="3111,59863" machi="63" ten="30,8000,1" yaku="8,1,52,4" doraHai="3" who="3" fromWho="1" sc="250,0,250,-80,260,0,240,80" /><INIT seed="3,0,0,2,5,52" ten="250,170,260,320" oya="3" hai0="46,133,14,74,123,86,6,101,127,76,49,27,57" hai1="78,135,95,15,88,20,16,34,22,111,2,28,43" hai2="102,25,17,24,70,113,62,39,54,99,119,7,129" hai3="4,13,83,85,96,65,108,131,19,106,63,128,29" shuffle="mt19937ar,04BED78F,73669DA2,A7E6BCBD,40EC8DBD,9B2528DF,61ADDBCB,A153C60E,9D1CBFB4"/><W116/><G116/><T10/><D123/><U90/><E135/><V100/><F119/><W53/><G108/><T9/><D133/><U58/><E111/><V118/><F118/><W91/><G4/><T50/><D74/><U33/><E2/><V77/><F7/><W60/><G53/><N who="0" m="31919" /><D127/><U30/><E43/><V80/><F39/><W56/><G63/><T132/><D132/><U64/><E78/><V51/><F113/><W87/><G29/><T82/><D101/><U40/><E40/><V21/><F129/><N who="3" m="49739" /><G87/><T97/><D97/><U89/><E95/><V8/><F99/><W66/><G96/><T117/><D117/><U112/><E112/><V84/><F62/><W107/><G66/><T72/><D72/><U32/><REACH who="1" step="1"/><E22/><AGARI ba="0,0" hai="13,19,22,56,60,65,83,85,91,106,107" m="49739" machi="22" ten="30,2900,0" yaku="19,1,52,1" doraHai="52" who="3" fromWho="1" sc="250,0,170,-29,260,0,320,29" owari="250,-10,141,-26,260,1,349,35" /></mjloggm>