<mjloggm ver="2.3"><GO type="225"/><UN n0="%23%37%34%E5%A4%A7%E6%B2%BB%E9%83%8E" n1="%E5%BE%85%E3%81%A1%E3%81%A8%E3%82%89%E3%81%9A" n2="%E3%81%B5%E3%82%8B%E3%81%AD%E3%81%93%40%E4%BD%95%E5%88%87%E3%82%8B" n3="%E8%B6%85%E3%83%92%E3%83%A2%E3%83%AA%E3%83%AD" dan="16,16,16,17" rate="2068,2043,2072,2064" sx="M,M,M,F"/><TAIKYOKU oya="0"/><INIT seed="0,0,0,0,2,25" ten="250,250,250,250" oya="0" hai0="89,70,93,4,104,71,69,92,26,87,53,58,35" hai1="105,24,30,126,124,8,66,119,36,96,34,109,78" hai2="50,90,102,81,16,23,76,49,11,9,123,52,57" hai3="54,40,33,113,121,74,97,64,5,13,107,131,75" shuffle="mt19937ar,37E81CE1,F1661CFE,5EFD5A77,C5839C22,5084E62E,26972142,4D4F21D0,65614C9B"/><T108/><D104/><U14/><E119/><V72/><F123/><W115/><G121/><T3/><D108/><U84/><E109/><V41/><F102/><W15/><G40/><T101/><D3/><U85/><E36/><V129/><F129/><W106/><G64/><T91/><D4/><U116/><E78/><V88/><F11/><W130/><G33/><T56/><D101/><N who="1" m="62631" /><E66/><V17/><F9/><W42/><G42/><T7/><D7/><N who="1" m="3359" /><E116/><V32/><F32/><W48/><G5/><T86/><REACH who="0" step="1"/><D53/><REACH who="0" step="2"/><U18/><E18/><V61/><F17/><W51/><G54/><T111/><D111/><U114/><E114/><V44/><REACH who="2" step="1"/><F61/><REACH who="2" step="2"/><W103/><G103/><T29/><AGARI ba="0,2" hai="26,29,35,56,58,69,70,71,86,87,89,91,92,93" machi="29" ten="40,12000,1" yaku="1,1,0,1,9,1,52,1,53,0" doraHai="25" doraHaiUra="45" who="0" fromWho="0" sc="240,140,250,-40,240,-40,250,-40" /><INIT seed="0,1,0,3,5,74" ten="380,210,200,210" oya="0" hai0="10,114,6,51,101,59,98,121,36,86,11,16,103" hai1="72,18,12,47,46,17,80,29,115,50,106,39,70" hai2="62,89,25,45,85,108,120,58,2,37,135,32,116" hai3="52,40,117,33,99,134,123,118,104,132,81,26,87" shuffle="mt19937ar,402575F8,B48CAA31,FB528FEC,1C0251B3,954347ED,8300A87D,54C26948,6160BA9F"/><T21/><D121/><U94/><E106/><V107/><F2/><W110/><G40/><T111/><D36/><U60/><E70/><V3/><F107/><W23/><G33/><T13/><D114/><U131/><E131/><V44/><F3/><W65/><G65/><T71/><D71/><U15/><E60/><V69/><F116/><W76/><G123/><T84/><D111/><U91/><E29/><V133/><F69/><W113/><G113/><T34/><D34/><U5/><E39/><V38/><F120/><W102/><G110/><T1/><D103/><U119/><E5/><V93/><F108/><W66/><G66/><T20/><D20/><U97/><E119/><V122/><F122/><W128/><G128/><T63/><D51/><U64/><E64/><V105/><F105/><W96/><G96/><T41/><D41/><U78/><E115/><V14/><F38/><W55/><G117/><T27/><D101/><U127/><E127/><V42/><F45/><W8/><G8/><T82/><D98/><U0/><E0/><V22/><F14/><W112/><G112/><T28/><D82/><U43/><REACH who="1" step="1"/><E46/><REACH who="1" step="2"/><V77/><F32/><W67/><G67/><AGARI ba="1,1" hai="1,6,10,11,13,16,21,27,28,59,63,67,84,86" machi="67" ten="30,2900,0" yaku="7,1,54,1" doraHai="74" who="0" fromWho="3" sc="380,42,200,0,200,0,210,-32" /><INIT seed="0,2,0,1,5,41" ten="422,200,200,178" oya="0" hai0="36,111,53,112,62,129,84,68,34,75,58,107,18" hai1="7,96,82,25,95,42,43,27,81,88,99,105,91" hai2="20,10,61,59,19,103,94,45,60,114,98,92,120" hai3="13,39,11,115,1,122,102,0,57,5,83,77,69" shuffle="mt19937ar,0D1740A7,BADAAFC1,1023E066,3A92A7BB,14B71935,CE4EB71A,994A5441,E6AF26AB"/><T49/><D75/><U31/><E7/><V2/><F114/><W119/><G69/><T134/><D112/><U35/><E25/><V63/><F120/><W128/><G115/><T65/><D107/><U71/><E71/><V6/><F92/><W131/><G119/><T66/><D34/><U87/><REACH who="1" step="1"/><E81/><REACH who="1" step="2"/><V47/><REACH who="2" step="1"/><F59/><REACH who="2" step="2"/><W44/><G57/><T126/><D58/><U28/><E28/><V124/><F124/><W54/><G122/><T51/><D126/><U110/><E110/><V12/><AGARI ba="2,2" hai="2,6,10,12,19,20,45,47,60,61,63,94,98,103" machi="12" ten="30,7900,0" yaku="1,1,0,1,52,2,53,0" doraHai="41" doraHaiUra="30" who="2" fromWho="2" sc="422,-41,190,-22,190,105,178,-22" /><INIT seed="1,0,0,0,5,40" ten="381,168,295,156" oya="1" hai0="123,84,31,38,132,41,111,125,87,69,117,115,23" hai1="131,2,78,11,118,50,12,119,127,64,101,68,108" hai2="106,42,59,134,109,113,61,62,45,0,104,48,4" hai3="83,58,94,51,39,105,25,103,13,9,5,47,75" shuffle="mt19937ar,2F947207,29D1D069,80DBBE89,1953EB98,7A764306,432CB687,F1C8F703,AB706C7C"/><U133/><E2/><V70/><F109/><W92/><G105/><T73/><RYUUKYOKU type="yao9" ba="0,0" sc="381,0,168,0,295,0,156,0" hai0="23,31,38,41,69,73,84,87,111,115,117,123,125,132" /><INIT seed="1,1,0,3,1,65" ten="381,168,295,156" oya="1" hai0="77,101,1,68,48,42,73,104,66,52,123,91,94" hai1="21,114,109,130,106,22,47,112,61,8,51,40,18" hai2="11,15,37,31,92,111,16,108,60,0,44,14,41" hai3="81,55,10,50,5,57,29,13,97,12,132,46,30" shuffle="mt19937ar,6A57F8D2,AD9B95F6,D9EA1E44,9F6B427E,30AF2643,D76A18EC,3B8E4B53,B776AD68"/><U122/><E122/><V4/><F31/><W76/><G132/><T62/><D1/><U32/><E106/><V75/><F75/><W110/><G110/><T127/><D123/><U20/><E32/><V119/><F119/><W35/><G35/><T33/><D33/><U117/><E117/><V17/><F92/><W80/><G97/><T28/><D28/><U100/><E100/><V38/><F38/><W118/><G118/><T125/><D42/><U83/><E130/><V69/><F14/><W113/><G113/><T49/><D49/><U99/><E99/><V85/><F85/><W19/><G57/><T6/><D6/><U59/><E109/><N who="2" m="42059" /><F0/><W24/><G24/><T63/><D63/><U3/><E83/><V74/><F74/><W102/><G102/><T98/><D77/><U56/><E56/><V103/><F103/><W71/><G71/><T116/><D73/><U115/><E3/><V27/><F27/><W126/><G126/><T43/><D43/><U78/><E78/><V134/><F134/><W23/><REACH who="3" step="1"/><G81/><REACH who="3" step="2"/><T70/><D116/><U54/><REACH who="1" step="1"/><E8/><REACH who="1" step="2"/><V58/><F69/><W79/><G79/><T53/><D70/><U107/><E107/><V9/><F9/><W67/><G67/><AGARI ba="1,2" hai="4,11,15,16,17,37,41,44,58,60,67" m="42059" machi="67" ten="30,2000,0" yaku="14,1,54,1" doraHai="65" who="2" fromWho="3" sc="381,0,158,0,295,43,146,-23" /><INIT seed="2,0,0,0,2,20" ten="381,158,338,123" oya="2" hai0="110,50,52,112,34,122,25,45,90,83,72,27,105" hai1="32,79,38,3,95,10,117,51,69,111,18,11,14" hai2="88,60,102,125,35,82,30,44,15,84,28,119,98" hai3="17,115,59,121,62,76,118,39,22,114,13,29,8" shuffle="mt19937ar,068454C8,0C39B630,A5FD3F2C,4F839989,AFDA1CD7,F226BAD6,D51E62C1,DD6D4DEB"/><V48/><F119/><W70/><G118/><T57/><D105/><U99/><E117/><V127/><F60/><W37/><G121/><T16/><D122/><U19/><E38/><V109/><F15/><W128/><G70/><T126/><D112/><N who="3" m="43049" /><G76/><T43/><D126/><N who="2" m="48138" /><F35/><W53/><G128/><T21/><D110/><U130/><E69/><V63/><F63/><W100/><G100/><T92/><D72/><U104/><E32/><V12/><F12/><W124/><G124/><T54/><D83/><U65/><E104/><N who="2" m="63575" /><F109/><W24/><AGARI ba="0,0" hai="8,13,17,22,24,29,37,39,53,59,62" m="43049" machi="24" ten="30,2000,0" yaku="11,1,52,1" doraHai="20" who="3" fromWho="3" sc="381,-5,158,-5,338,-10,123,20" /><INIT seed="3,0,0,2,5,15" ten="376,153,328,143" oya="3" hai0="7,131,47,56,27,8,73,88,133,111,61,30,59" hai1="81,52,62,13,93,48,128,116,34,2,119,90,117" hai2="21,87,106,92,54,36,51,23,9,45,97,99,41" hai3="95,134,22,121,130,38,127,71,50,85,70,75,86" shuffle="mt19937ar,7878B17A,9E4A1D8F,869E5716,81E73EB7,EB6AE556,F37274A1,42E02EB4,794A30A3"/><W57/><G75/><T58/><D73/><U35/><E2/><V82/><F106/><W0/><G38/><T110/><D133/><U18/><E128/><V31/><F31/><W101/><G121/><T49/><D131/><U115/><E62/><V39/><F39/><W68/><G130/><T118/><D118/><U17/><E81/><V123/><F123/><W64/><G0/><N who="0" m="103" /><D88/><U6/><E6/><V129/><F129/><W103/><G134/><T114/><D114/><U37/><E37/><V84/><F84/><W14/><G127/><T60/><D49/><U11/><E18/><V78/><F99/><W107/><G107/><T108/><D47/><N who="1" m="27679" /><E115/><V77/><F77/><W124/><G124/><T126/><D126/><U66/><E66/><V83/><F83/><W135/><G135/><T1/><D1/><U67/><E67/><V72/><F72/><W16/><G64/><T132/><D132/><U96/><AGARI ba="0,0" hai="11,13,17,34,35,90,93,96,116,117,119" m="27679" machi="96" ten="30,4000,0" yaku="12,1,52,1,54,1" doraHai="15" who="1" fromWho="1" sc="376,-10,153,40,328,-10,143,-20" owari="366,37,193,-16,318,7,123,-28" /></mjloggm>