<mjloggm ver="2.3"><GO type="185"/><UN n0="%E7%B1%B3%E5%85%89%E5%80%B6%E6%A5%BD%E9%83%A8" n1="%E3%80%93%E3%81%84%E3%81%A1%E3%81%AF%E3%82%89%E3%80%93" n2="%E3%81%B5%E3%81%8F%EF%BC%A3%EF%BD%88%EF%BD%81%EF%BD%8E%E2%99%AA" n3="" dan="16,18,16,0" rate="2131,2248,2153,1500" sx="F,M,F,C"/><TAIKYOKU oya="0"/><INIT seed="0,0,0,1,4,83" ten="350,350,350,0" oya="0" hai0="126,57,104,78,3,37,63,35,73,93,40,59,121" hai1="64,36,53,119,61,51,130,123,90,122,108,52,96" hai2="68,74,56,128,109,82,84,62,114,49,116,95,32" hai3="" shuffle="mt19937ar,BC4477DF,4F6CB1EB,F8C01BEC,871B6A20,CD69AB65,A3F40380,98BC1872,6478683A"/><T133/><N who="0" m="31008" /><T129/><D104/><U41/><N who="1" m="31264" /><U101/><N who="1" m="31520" /><U98/><E119/><V66/><F32/><T38/><D3/><U75/><E75/><V99/><F74/><T55/><D35/><U135/><E130/><V72/><F72/><T94/><D129/><U103/><E135/><V48/><F128/><T92/><D133/><U39/><E41/><V120/><N who="2" m="30752" /><V131/><F109/><T70/><D70/><U81/><E108/><V65/><F131/><T118/><D118/><U79/><E79/><V80/><F80/><T100/><D126/><U127/><E127/><V34/><F34/><T44/><D100/><U102/><E39/><V43/><F114/><T97/><D97/><U107/><E36/><V69/><F43/><T77/><D73/><U54/><E81/><V115/><F115/><T50/><REACH who="0" step="1"/><D37/><REACH who="0" step="2"/><U76/><E107/><V33/><F68/><T87/><D87/><U124/><E124/><V88/><F116/><T46/><D46/><U2/><E2/><V110/><F33/><T112/><D112/><U125/><E125/><V106/><F106/><T67/><AGARI ba="0,1" hai="38,40,44,50,55,57,59,63,67,77,78,92,93,94" m="31008" machi="67" ten="30,12000,2" yaku="1,1,0,1,52,1,53,3" doraHai="83" doraHaiUra="89" who="0" fromWho="0" sc="340,130,350,-60,350,-60,0,0" /><INIT seed="0,1,0,5,1,126" ten="470,290,290,0" oya="0" hai0="36,32,61,84,0,100,40,38,125,104,119,121,103" hai1="93,76,94,75,43,74,92,90,98,79,99,107,87" hai2="56,59,116,67,58,60,63,102,51,113,55,122,45" hai3="" shuffle="mt19937ar,A3D7F81B,314D27A2,9A6AE24F,B1895554,4E0EADC2,390954ED,580F0EA4,F3004B17"/><T66/><N who="0" m="31008" /><T82/><D0/><U128/><E43/><V135/><N who="2" m="31264" /><V49/><F102/><T52/><D32/><U105/><E128/><V132/><F116/><T109/><D119/><U53/><E53/><V47/><F113/><T81/><D125/><U114/><E114/><V37/><F37/><T50/><D82/><U86/><E94/><V115/><F115/><T80/><D80/><U124/><E124/><V118/><F118/><T120/><N who="0" m="30752" /><T62/><D62/><U46/><E46/><V134/><REACH who="2" step="1"/><F63/><REACH who="2" step="2"/><T69/><D103/><U96/><E96/><V70/><F70/><T35/><D35/><U34/><E34/><V85/><F85/><T111/><D36/><U91/><AGARI ba="1,1" hai="74,75,76,79,86,87,90,91,92,93,98,99,105,107" machi="91" ten="25,12000,3" yaku="0,1,22,2,35,6" doraHai="126" who="1" fromWho="1" sc="470,-81,290,132,280,-41,0,0" /><INIT seed="1,0,0,3,1,89" ten="389,422,239,0" oya="1" hai0="56,113,110,131,97,133,54,87,51,50,132,84,92" hai1="71,46,48,52,77,103,102,99,115,129,116,109,76" hai2="2,0,85,49,78,107,118,43,61,124,108,45,65" hai3="" shuffle="mt19937ar,0925C013,52229B68,DB0EAB0B,22288EF2,917C22EA,BB119730,1D3C8765,AFE746DD"/><U88/><E116/><V34/><F107/><T69/><D69/><U117/><E117/><V94/><F34/><T83/><D113/><U75/><E115/><V106/><F106/><T119/><D119/><U79/><E71/><V114/><F114/><T128/><D110/><U90/><E129/><N who="0" m="49737" /><D50/><U73/><E109/><V120/><N who="2" m="30752" /><V125/><F118/><T112/><D112/><U1/><E1/><V38/><F108/><T44/><D44/><U134/><E134/><N who="0" m="51817" /><D83/><U74/><REACH who="1" step="1"/><E103/><AGARI ba="0,0" hai="51,54,56,84,87,92,97,103" m="51817,49737" machi="103" ten="30,3900,0" yaku="19,1,20,1,52,1" doraHai="89" who="0" fromWho="1" sc="389,39,422,-39,239,0,0,0" /><INIT seed="2,0,0,4,0,38" ten="428,383,239,0" oya="2" hai0="83,89,43,132,35,73,128,103,50,58,86,117,122" hai1="119,48,120,74,65,64,0,40,84,92,126,72,129" hai2="135,42,100,93,44,78,76,134,115,90,3,49,130" hai3="" shuffle="mt19937ar,E3D68A04,B21B06A4,F77CC533,327CDF65,9EDBB392,4CC36ADB,D3C190B2,C2326634"/><V106/><F3/><T104/><N who="0" m="31264" /><T57/><D35/><U91/><N who="1" m="30752" /><U60/><E0/><V41/><F115/><T47/><D117/><U61/><E119/><V36/><F100/><T116/><D116/><U71/><E129/><V39/><F106/><T114/><D128/><U54/><E126/><V87/><F130/><T59/><D114/><U124/><E40/><V37/><REACH who="2" step="1"/><F41/><REACH who="2" step="2"/><T70/><D103/><U108/><E124/><V82/><F82/><T107/><D104/><U118/><E118/><V62/><F62/><T127/><D107/><U97/><E108/><V125/><F125/><T109/><D127/><U77/><E77/><AGARI ba="0,1" hai="36,37,39,42,44,49,76,77,78,87,90,93,134,135" machi="77" ten="50,4800,0" yaku="1,1,52,1,53,0" doraHai="38" doraHaiUra="32" who="2" fromWho="1" sc="428,0,383,-48,229,58,0,0" /><INIT seed="2,1,0,2,5,132" ten="428,335,287,0" oya="2" hai0="0,73,83,74,51,79,45,68,46,116,64,128,40" hai1="48,98,124,93,110,70,87,117,113,82,47,37,55" hai2="101,99,72,122,104,69,88,32,78,125,58,56,53" hai3="" shuffle="mt19937ar,8EE16179,281B7493,81025F54,15E44081,5B688EF8,4B587B84,8ABCA50E,9BD0D101"/><V129/><N who="2" m="31264" /><V91/><F69/><T80/><D0/><U85/><E110/><V108/><F32/><T1/><D1/><U106/><E117/><V44/><F108/><T49/><D116/><U109/><E113/><V92/><F129/><T118/><D118/><U52/><E109/><V81/><F91/><T66/><D68/><U100/><E37/><V84/><F125/><T111/><D111/><U62/><E124/><V43/><F53/><T71/><D71/><U120/><N who="1" m="30752" /><U112/><E112/><V134/><F134/><T135/><D135/><U107/><E87/><V119/><F119/><T126/><D128/><U35/><E35/><V105/><F104/><T96/><D96/><U54/><E70/><V133/><F133/><T76/><D126/><U57/><REACH who="1" step="1"/><E55/><AGARI ba="1,0" hai="40,45,46,49,51,55,64,66,73,74,76,79,80,83" machi="55" ten="30,2000,0" yaku="7,1,9,1" doraHai="132" who="0" fromWho="1" sc="428,22,335,-22,287,0,0,0" /><INIT seed="4,0,0,5,5,116" ten="450,313,287,0" oya="0" hai0="120,75,129,55,2,132,125,114,106,32,96,101,70" hai1="50,39,87,98,90,108,85,38,67,49,79,74,100" hai2="0,41,78,135,92,43,63,68,65,76,66,88,128" hai3="" shuffle="mt19937ar,468AE8BD,AB767F12,D7207447,01404A0F,0681DCE5,3E21ED7F,34822F87,25216006"/><T131/><D55/><U56/><E108/><V45/><F0/><T58/><D96/><U105/><E87/><V48/><F135/><T71/><D58/><U86/><E86/><V117/><F117/><T94/><D101/><U40/><E50/><V37/><F128/><T46/><D94/><U107/><E107/><V77/><F65/><T73/><D46/><U104/><E104/><V51/><REACH who="2" step="1"/><F41/><REACH who="2" step="2"/><T44/><D129/><U111/><E40/><V69/><F69/><T89/><D71/><U122/><N who="1" m="31264" /><U102/><E111/><V110/><F110/><T60/><D131/><U112/><E112/><V47/><F47/><T109/><D114/><U53/><E67/><V52/><F52/><T134/><D44/><U3/><E3/><V118/><F118/><T64/><D2/><U113/><E113/><V95/><F95/><T127/><D132/><U115/><E115/><V126/><F126/><T61/><D127/><U97/><E53/><V84/><AGARI ba="0,1" hai="37,43,45,48,51,63,66,68,76,77,78,84,88,92" machi="84" ten="30,5900,0" yaku="1,1,0,1,54,1,53,1" doraHai="116" doraHaiUra="62" who="2" fromWho="2" sc="450,-39,313,-20,277,69,0,0" /><INIT seed="5,0,0,0,1,112" ten="411,293,346,0" oya="1" hai0="63,118,52,119,35,82,94,45,128,47,66,90,130" hai1="103,84,124,91,105,60,113,89,107,68,70,88,121" hai2="100,134,55,34,43,39,37,0,126,79,85,133,81" hai3="" shuffle="mt19937ar,BFA04D8B,DF554BF7,9CF530D8,A7458EC1,48317912,7BF57352,77FAF036,2E3E5E49"/><U108/><N who="1" m="31008" /><U69/><E113/><V131/><F34/><T97/><D35/><U59/><E108/><V40/><F0/><T46/><D82/><U117/><E124/><V77/><F100/><T102/><D102/><U49/><E117/><N who="0" m="44553" /><D52/><U50/><E84/><V33/><F33/><T104/><D104/><U125/><E125/><V48/><F126/><T92/><D94/><U71/><N who="1" m="17408" /><DORA hai="114" /><U44/><E103/><V41/><F79/><T54/><D66/><U53/><REACH who="1" step="1"/><E50/><REACH who="1" step="2"/><V57/><F131/><T111/><D111/><U58/><E58/><AGARI ba="0,1" hai="45,46,47,54,58,63,90,92,97,128,130" m="44553" machi="58" ten="40,12000,2" yaku="12,1,52,6" doraHai="112,114" who="0" fromWho="1" sc="411,130,283,-120,346,0,0,0" /><INIT seed="6,0,0,2,2,132" ten="541,163,346,0" oya="2" hai0="56,77,75,102,90,135,98,67,125,83,127,66,62" hai1="53,110,124,59,60,119,112,97,121,101,86,48,111" hai2="126,73,95,134,128,120,81,63,96,133,84,85,51" hai3="" shuffle="mt19937ar,A0C62BE7,26079CF6,AD129490,F914A16B,D650474D,BD2636AB,132C56BD,EEC44781"/><V35/><N who="2" m="30752" /><V1/><F35/><T107/><D135/><N who="2" m="51722" /><F1/><T44/><D44/><U79/><N who="1" m="31008" /><U82/><E119/><V89/><F51/><T71/><D71/><U64/><E111/><V39/><F39/><T114/><D114/><U74/><E112/><V55/><F128/><T57/><D90/><U2/><E2/><V41/><F41/><T33/><D33/><U78/><E78/><V42/><F42/><T129/><D129/><U54/><E74/><V122/><N who="2" m="31264" /><V69/><F126/><T58/><D62/><U92/><E110/><V43/><F43/><T76/><D76/><U72/><E72/><V0/><F0/><T91/><D91/><U68/><E54/><V93/><F55/><T46/><D46/><U65/><E65/><V99/><F73/><T88/><D88/><U61/><E48/><V106/><F106/><T100/><D67/><U123/><N who="1" m="31520" /><U32/><E32/><V49/><F49/><T118/><D66/><U36/><E36/><V130/><F130/><T3/><D3/><U105/><E105/><V50/><F50/><T109/><D107/><U47/><E47/><V45/><F45/><T117/><D109/><U52/><E53/><V104/><F104/><T40/><D75/><RYUUKYOKU ba="0,0" sc="541,-10,163,20,346,-10,0,0" hai1="52,59,60,61,64,68,79,82,86,92,97,101,124" owari="531,48,183,-42,336,-6,0,0" /></mjloggm>