<mjloggm ver="2.3"><GO type="225"/><UN n0="%E3%83%9C%E3%83%84" n1="%E4%BA%8C%E4%B8%89%E8%B5%A4%E4%BA%94%EF%BC%94%EF%BC%96%EF%BC%98" n2="%74%EF%BC%9C%6E" n3="%E3%82%AF%E3%83%AB%E3%83%AB%E2%98%86" dan="16,16,16,16" rate="2052,2080,2074,2055" sx="M,M,F,F"/><TAIKYOKU oya="0"/><INIT seed="0,0,0,2,3,130" ten="250,250,250,250" oya="0" hai0="1,39,126,57,59,65,88,9,10,99,72,90,55" hai1="80,109,106,7,60,89,38,23,33,104,71,123,108" hai2="64,112,129,50,131,49,51,122,41,4,43,83,36" hai3="114,32,66,22,77,5,58,85,91,28,113,121,128" shuffle="mt19937ar,0E789EEF,420BCFC0,8D84F0F0,B0CE2101,580AFD95,ADFEFF14,CAB07D01,B3F4064D"/><T73/><D39/><U44/><E33/><V81/><F4/><W3/><G32/><T98/><D65/><N who="1" m="41383" /><E123/><V6/><F6/><W54/><G66/><T86/><D86/><U116/><E116/><V25/><F25/><W87/><G128/><N who="2" m="49225" /><F122/><W120/><G120/><T101/><D55/><U78/><E89/><V26/><F26/><W103/><G121/><T14/><D101/><U100/><E23/><V125/><F112/><W111/><G103/><T20/><D14/><U97/><E7/><V45/><F125/><W127/><G127/><T34/><D34/><U53/><E106/><V110/><F110/><N who="1" m="42601" /><E53/><V117/><F117/><W42/><G54/><T48/><D20/><U8/><E8/><V17/><F17/><W52/><G22/><T56/><D126/><U107/><E107/><V84/><F64/><W93/><G91/><T76/><D1/><U92/><E104/><V40/><F81/><W63/><G3/><T75/><D76/><AGARI ba="0,0" hai="36,40,41,43,45,49,50,51,76,83,84" m="49225" machi="76" ten="30,1000,0" yaku="19,1" doraHai="130" who="2" fromWho="0" sc="250,-10,250,0,250,10,250,0" /><INIT seed="1,0,0,4,2,68" ten="240,250,260,250" oya="1" hai0="4,66,96,126,54,100,45,112,0,85,110,28,71" hai1="62,58,55,108,107,87,63,102,132,69,88,80,21" hai2="115,25,65,125,76,19,44,33,106,31,27,24,60" hai3="111,14,120,52,133,95,56,94,109,53,26,114,37" shuffle="mt19937ar,1D528E1A,4F36DBE1,B3164E17,9ABDF61B,0AF65554,A422C28E,32414606,3965C084"/><U105/><E132/><V119/><F119/><W103/><G120/><T11/><D112/><U113/><E113/><V29/><F115/><W6/><G114/><T78/><D110/><U59/><E69/><V41/><F106/><W13/><G133/><T91/><D126/><U83/><E108/><N who="3" m="41546" /><G26/><T121/><D78/><U32/><E32/><V134/><F134/><W17/><G6/><T74/><D74/><U123/><E123/><V46/><F125/><W15/><G17/><T42/><D28/><U124/><E124/><V84/><F19/><W16/><G16/><T22/><D54/><N who="3" m="21097" /><G56/><T40/><D22/><U127/><E127/><V70/><F31/><W8/><G8/><T90/><D11/><U73/><E21/><V57/><F70/><W18/><G18/><T117/><D4/><U93/><E59/><V20/><F33/><W75/><G75/><T2/><D71/><U99/><REACH who="1" step="1"/><E63/><REACH who="1" step="2"/><V92/><F20/><W35/><G35/><T86/><D121/><U5/><E5/><V61/><F61/><W101/><G37/><T12/><D117/><U64/><E64/><V98/><F65/><W122/><G122/><T23/><D66/><U30/><E30/><V72/><F60/><W47/><G47/><T131/><D45/><U77/><AGARI ba="0,1" hai="55,58,62,73,77,80,83,87,88,93,99,102,105,107" machi="77" ten="30,6000,0" yaku="1,1,0,1,54,1,53,0" doraHai="68" doraHaiUra="128" who="1" fromWho="1" sc="240,-20,240,70,260,-20,250,-20" /><INIT seed="1,1,0,2,0,120" ten="220,310,240,230" oya="1" hai0="87,85,135,19,36,103,134,0,92,16,45,110,61" hai1="97,106,94,52,32,129,108,43,47,46,72,82,84" hai2="29,65,130,81,112,125,40,5,26,4,93,98,11" hai3="75,68,62,54,111,57,69,90,20,50,18,121,83" shuffle="mt19937ar,53DE7E16,71C31967,BC7525AC,EE2410FF,281E2841,129EE226,1D5AC72A,DFBA4627"/><U96/><E32/><V2/><F4/><W118/><G121/><T48/><D0/><U127/><E72/><V114/><F125/><W9/><G118/><T49/><D36/><U128/><E127/><V91/><F130/><N who="1" m="50281" /><E106/><V24/><F40/><W117/><G117/><T126/><D126/><U44/><E43/><V64/><F81/><W89/><G9/><T116/><D61/><U99/><E94/><V23/><REACH who="2" step="1"/><F26/><REACH who="2" step="2"/><W123/><G123/><T109/><D116/><U63/><E82/><V25/><F25/><W1/><G83/><T102/><D45/><U88/><E46/><V13/><F13/><W6/><G6/><T35/><D92/><U53/><E44/><V17/><F17/><W74/><G18/><T70/><D35/><U107/><E47/><V77/><F77/><W131/><G131/><T7/><D7/><U14/><E14/><V58/><F58/><W104/><G57/><T31/><D31/><U132/><E107/><V113/><AGARI ba="1,1" hai="2,5,11,23,24,29,64,65,91,93,98,112,113,114" machi="113" ten="30,4000,0" yaku="1,1,0,1,11,1,53,0" doraHai="120" doraHaiUra="105" who="2" fromWho="2" sc="220,-11,310,-21,230,53,230,-11" /><INIT seed="2,0,0,2,0,92" ten="209,289,283,219" oya="2" hai0="21,22,57,18,54,118,133,93,119,68,132,51,23" hai1="72,74,0,59,34,49,84,114,12,90,107,69,81" hai2="110,128,117,50,66,129,103,4,126,20,45,27,48" hai3="105,135,62,61,31,53,19,30,14,8,42,96,43" shuffle="mt19937ar,70FF88B9,C6B0B848,4ABB567E,79500C55,D29E6AC2,9E06F8A6,9191666F,80B4FD08"/><V122/><F122/><W134/><G43/><T32/><D68/><U44/><E69/><V99/><F117/><N who="0" m="44554" /><D32/><U85/><E0/><V67/><F4/><W55/><G42/><T106/><D106/><U35/><E114/><V102/><F102/><W75/><G75/><T58/><D58/><U9/><E107/><N who="2" m="63999" /><F126/><W29/><G105/><T76/><D76/><U6/><E59/><V73/><F73/><W65/><G96/><T131/><D131/><N who="2" m="50250" /><F110/><W40/><G40/><T120/><D120/><U5/><E72/><V26/><F26/><W60/><REACH who="3" step="1"/><G65/><REACH who="3" step="2"/><N who="2" m="24585" /><F45/><W130/><G130/><T86/><D132/><AGARI ba="0,1" hai="8,14,19,29,30,31,53,55,60,61,62,132,134,135" machi="132" ten="50,3200,0" yaku="1,1,20,1,53,0" doraHai="92" doraHaiUra="41" who="3" fromWho="0" sc="209,-32,289,0,283,0,209,42" /><INIT seed="3,0,0,3,2,14" ten="177,289,283,251" oya="3" hai0="11,119,124,18,4,30,129,40,97,55,76,13,56" hai1="33,126,63,32,69,42,95,45,50,123,104,130,83" hai2="92,35,102,131,132,9,109,78,77,107,87,22,103" hai3="15,70,80,67,82,134,128,112,135,118,120,47,133" shuffle="mt19937ar,00021C99,E39BC71B,CF864EEA,15F68948,033D1DC3,16DDA407,14E83E15,523CC23D"/><W115/><G118/><T0/><D119/><U7/><E104/><V94/><F35/><W75/><G120/><T65/><D124/><U31/><E123/><V105/><F9/><W81/><G75/><T52/><D129/><U58/><E130/><V101/><F131/><W62/><G128/><T1/><D40/><U91/><E126/><V10/><F10/><W79/><G79/><N who="2" m="30217" /><F22/><W26/><G47/><T27/><D76/><U68/><E7/><V113/><F113/><W37/><G37/><T127/><D127/><U44/><E83/><V19/><F19/><W125/><G125/><T74/><D97/><U24/><E33/><V98/><F109/><W29/><REACH who="3" step="1"/><G15/><REACH who="3" step="2"/><T66/><D74/><U64/><E44/><V61/><F132/><W6/><G6/><T60/><D0/><U90/><E90/><N who="2" m="53343" /><F61/><W96/><G96/><AGARI ba="0,1" hai="24,31,32,42,45,50,58,63,64,68,69,91,95,96" machi="96" ten="30,1000,0" yaku="7,1" doraHai="14" who="1" fromWho="3" sc="177,0,289,20,283,0,241,-10" owari="177,-22,309,31,283,3,231,-12" /></mjloggm>