<mjloggm ver="2.3"><GO type="185"/><UN n0="%E3%81%A8%E3%81%84%E3%81%A4%E3%81%BE%E3%81%99%E3%81%9F%E3%81%81%E2%99%AA" n1="%E7%B1%B3%E5%85%89%E5%80%B6%E6%A5%BD%E9%83%A8" n2="%E4%B8%89%E7%94%B0%E6%9D%91%E8%8C%9C" n3="" dan="16,16,17,0" rate="2111,2171,2187,1500" sx="M,F,F,C"/><TAIKYOKU oya="0"/><INIT seed="0,0,0,3,3,38" ten="350,350,350,0" oya="0" hai0="1,118,111,49,42,71,63,61,54,133,75,64,110" hai1="115,69,123,127,119,40,37,131,114,45,72,85,57" hai2="84,103,80,46,121,92,77,74,98,94,55,83,41" hai3="" shuffle="mt19937ar,4F7AF011,9EED7BDB,D1B1DF50,D29DE772,AD3923E9,5C2537DA,274DC774,CC3A70E6"/><T36/><D1/><U105/><E85/><V129/><N who="2" m="31008" /><V43/><F129/><T90/><D75/><U109/><E57/><V76/><F94/><T59/><D118/><U97/><E40/><V132/><F132/><T135/><D90/><U122/><E45/><V134/><F134/><N who="0" m="51210" /><D63/><U88/><N who="1" m="31264" /><U116/><N who="1" m="31520" /><U78/><E37/><V44/><REACH who="2" step="1"/><F46/><AGARI ba="0,0" hai="36,42,46,49,54,59,61,64,71,110,111" m="51210" machi="46" ten="30,12000,1" yaku="24,1,20,1,34,2,52,1" doraHai="38" who="0" fromWho="2" sc="350,120,350,0,350,-120,0,0" /><INIT seed="0,1,0,2,5,76" ten="470,350,230,0" oya="0" hai0="129,54,128,126,85,133,104,71,0,68,58,49,101" hai1="65,83,106,125,117,78,94,97,116,56,88,131,113" hai2="41,95,64,89,45,36,46,92,66,109,130,114,107" hai3="" shuffle="mt19937ar,E0E0CECF,6450EBCA,CF80DAB9,93E071A9,D7CB4D8C,3A9D8C31,4F2BECF3,D9FA9C07"/><T2/><D104/><U108/><E113/><V103/><F114/><T47/><D101/><U38/><E38/><V119/><F107/><T79/><D133/><U50/><E131/><N who="0" m="50249" /><D126/><U135/><E125/><V44/><F130/><T70/><D79/><U105/><E135/><V134/><F134/><T127/><D127/><U51/><E108/><V80/><F109/><T118/><D118/><U111/><E111/><V98/><F119/><T62/><D85/><U34/><E34/><V67/><REACH who="2" step="1"/><F80/><REACH who="2" step="2"/><T53/><AGARI ba="1,1" hai="0,2,47,49,53,54,58,62,68,70,71" m="50249" machi="53" ten="40,1400,0" yaku="19,1" doraHai="76" who="0" fromWho="0" sc="470,26,350,-8,220,-8,0,0" /><INIT seed="0,2,0,5,5,52" ten="496,342,212,0" oya="0" hai0="87,36,84,122,96,54,102,103,40,118,127,134,83" hai1="132,100,128,38,97,124,32,93,120,108,55,105,37" hai2="71,72,63,34,47,45,107,58,78,43,130,129,113" hai3="" shuffle="mt19937ar,E6123757,DE0EC067,890A6EFE,EA367626,11B0ACE7,3C84D243,0010AB0E,271E4B5F"/><T117/><N who="0" m="31264" /><T89/><D134/><U133/><E55/><V75/><F107/><T125/><D54/><U123/><E93/><V3/><F34/><T90/><D40/><U64/><E97/><V44/><F3/><T74/><D36/><U88/><E100/><V77/><F113/><T86/><D74/><U68/><E88/><N who="0" m="33897" /><D83/><U56/><E64/><V135/><F135/><T67/><D67/><U98/><E98/><V104/><F104/><T80/><D80/><U50/><E50/><V76/><F43/><T46/><D46/><U79/><E79/><V99/><F71/><T41/><D41/><U60/><E38/><V106/><F106/><T110/><D110/><U0/><E60/><V49/><F49/><T109/><D109/><U42/><E42/><V81/><F81/><T116/><D96/><U1/><E1/><V65/><REACH who="2" step="1"/><F99/><REACH who="2" step="2"/><T112/><D112/><U131/><N who="1" m="30752" /><U35/><E132/><V57/><F57/><T115/><D115/><U82/><E56/><V62/><F62/><T53/><D53/><U94/><E82/><V61/><F61/><T114/><D114/><U51/><E133/><V85/><F85/><T39/><D39/><U2/><E0/><V101/><F101/><AGARI ba="2,1" hai="84,86,87,101,102,103,116,117,118,125,127" m="33897,31264" machi="101" ten="40,18000,2" yaku="28,2,34,2,52,1,54,1" doraHai="52" who="0" fromWho="2" sc="496,194,342,0,202,-184,0,0" /><INIT seed="0,3,0,1,2,52" ten="690,342,18,0" oya="0" hai0="45,54,90,77,53,110,48,133,128,64,32,86,127" hai1="85,113,59,36,126,132,83,117,55,75,63,81,2" hai2="49,121,51,60,108,99,98,106,47,100,43,112,73" hai3="" shuffle="mt19937ar,42F52D97,5050266C,FE0CD7FA,8275B39B,24D1A139,554FA170,6025E9E2,B5EEA410"/><T103/><D32/><U101/><E2/><V116/><N who="2" m="31008" /><V41/><F116/><T97/><D133/><U80/><E36/><V111/><F112/><T123/><N who="0" m="31520" /><T135/><D77/><U95/><E117/><V38/><F73/><T56/><D135/><U35/><E35/><V37/><F60/><T40/><D128/><U104/><E113/><V109/><REACH who="2" step="1"/><F99/><REACH who="2" step="2"/><T124/><D110/><U1/><E75/><V65/><F65/><T125/><D64/><U88/><E1/><V69/><F69/><T44/><D97/><U96/><E132/><V76/><F76/><T78/><D78/><U92/><REACH who="1" step="1"/><E126/><REACH who="1" step="2"/><V57/><F57/><T91/><D127/><U84/><E84/><V34/><F34/><T118/><D125/><U71/><E71/><V134/><F134/><T115/><D124/><U82/><AGARI ba="3,2" hai="55,59,63,80,81,82,83,85,88,92,95,96,101,104" machi="82" ten="30,5900,0" yaku="1,1,0,1,52,1,54,1,53,0" doraHai="52" doraHaiUra="129" who="1" fromWho="1" sc="690,-42,332,85,8,-23,0,0" owari="648,60,417,2,-15,-62,0,0" /></mjloggm>