<mjloggm ver="2.3"><GO type="225"/><UN n0="%E3%82%B9%E3%83%91%E3%83%BC%E3%82%AF%E3%82%B9" n1="%E3%83%9C%E3%83%84" n2="%52%65%64%4D%61%67%69%63" n3="%61%6E%62%79%33" dan="16,16,16,16" rate="2074,2046,2032,2077" sx="F,M,M,M"/><TAIKYOKU oya="0"/><INIT seed="0,0,0,2,5,16" ten="250,250,250,250" oya="0" hai0="51,118,71,3,133,42,22,87,24,94,9,8,117" hai1="80,1,84,34,86,114,126,41,6,52,37,119,19" hai2="129,103,61,108,109,5,131,49,39,31,50,98,7" hai3="132,47,12,102,4,74,11,56,25,45,63,99,35" shuffle="mt19937ar,A190F6B6,53801144,F3DB9579,131D7A7F,C33F0FF4,E532F94D,810388CE,6EB0C2C8"/><T122/><D122/><U73/><E119/><V38/><F31/><W78/><G132/><T2/><D71/><U90/><E34/><V113/><F113/><W81/><G35/><T68/><D68/><U0/><E114/><V101/><F61/><W23/><G99/><AGARI ba="0,0" hai="5,7,38,39,49,50,98,99,101,103,108,109,129,131" machi="99" ten="25,1600,0" yaku="22,2" doraHai="16" who="2" fromWho="3" sc="250,0,250,0,250,16,250,-16" /><INIT seed="1,0,0,0,3,128" ten="250,250,266,234" oya="1" hai0="88,31,15,124,43,80,129,94,53,82,1,113,119" hai1="107,104,115,102,120,34,84,39,0,55,85,33,32" hai2="98,29,48,97,16,105,69,51,126,49,46,64,11" hai3="8,65,130,72,62,36,12,121,110,83,22,95,21" shuffle="mt19937ar,F533E1E2,88464C2C,31332C3D,2D488C17,FF186045,8044281D,8C848B4C,D212D468"/><U77/><E120/><V50/><F126/><W131/><G36/><T7/><D1/><U30/><E115/><V89/><F29/><W14/><G121/><T63/><D113/><U5/><E39/><V44/><F69/><W91/><G110/><T81/><D119/><U135/><E30/><V74/><F74/><W78/><G22/><T10/><D124/><U106/><E102/><V101/><F64/><W99/><G21/><T6/><D129/><N who="3" m="49161" /><G8/><T38/><D31/><U9/><E135/><V116/><F116/><W28/><G28/><T76/><D76/><U23/><E77/><V112/><F112/><W52/><G52/><T13/><D38/><U87/><E23/><V3/><F3/><W27/><G27/><T45/><D43/><U92/><REACH who="1" step="1"/><E55/><REACH who="1" step="2"/><V68/><F101/><W2/><G78/><T123/><D123/><U42/><E42/><V17/><F46/><W118/><G118/><T79/><D79/><U58/><E58/><V108/><F44/><W122/><G122/><T67/><D45/><U20/><E20/><V25/><F68/><W127/><G127/><T61/><D53/><U19/><E19/><V70/><F17/><W134/><G134/><T103/><D103/><U90/><AGARI ba="0,1" hai="0,5,9,32,33,34,84,85,87,90,92,104,106,107" machi="90" ten="40,3900,0" yaku="1,1,0,1,53,0" doraHai="128" doraHaiUra="24" who="1" fromWho="1" sc="250,-13,240,49,266,-13,234,-13" /><INIT seed="1,1,0,4,2,10" ten="237,289,253,221" oya="1" hai0="39,57,94,7,22,132,79,45,69,126,91,24,37" hai1="55,50,33,18,87,56,32,129,116,99,12,96,51" hai2="16,90,67,11,118,127,1,89,13,131,122,29,123" hai3="100,82,101,134,0,61,120,65,43,8,130,15,93" shuffle="mt19937ar,722F65E0,D6E2AF56,1A29E045,3678A9BB,F55E127F,88B03892,1BC2DE08,DED02CF4"/><U46/><E116/><V14/><F118/><W106/><G0/><T77/><D69/><U114/><E114/><V83/><F127/><W9/><G106/><T34/><D126/><U117/><E129/><V110/><F131/><W53/><G120/><T111/><D34/><U103/><E87/><V98/><F1/><W30/><G130/><T2/><D2/><U19/><E19/><V102/><F29/><W108/><G134/><T105/><D105/><U47/><E117/><V40/><F40/><W20/><G43/><T119/><D7/><U4/><E4/><V84/><F110/><W63/><G82/><T54/><D111/><U70/><E70/><V52/><F67/><W66/><G53/><T64/><D64/><U133/><E133/><V27/><F90/><W17/><G108/><T62/><D132/><U75/><E56/><V121/><F52/><W6/><G30/><T104/><D104/><U71/><E75/><V68/><F68/><W97/><G100/><T5/><D119/><U125/><E125/><V38/><F38/><W31/><G31/><T72/><D72/><U88/><E71/><V49/><F49/><W135/><G135/><T26/><D37/><U36/><E36/><V74/><F74/><W42/><G42/><T28/><D39/><U60/><E55/><V58/><F58/><N who="3" m="37047" /><G6/><T35/><D5/><U113/><E103/><V76/><F123/><W107/><G107/><T44/><D44/><U41/><E46/><V25/><F122/><W85/><G85/><N who="0" m="52591" /><D45/><U78/><E47/><V128/><F128/><W124/><G124/><T73/><D73/><RYUUKYOKU ba="1,0" sc="237,15,289,-15,253,-15,221,15" hai0="22,24,26,28,35,54,57,62,77,79" hai3="8,9,15,17,20,63,66,93,97,101" /><INIT seed="2,2,0,2,0,127" ten="252,274,238,236" oya="2" hai0="102,89,68,86,84,119,6,19,70,11,41,77,64" hai1="81,130,94,9,76,106,16,88,132,32,120,51,59" hai2="135,12,73,57,105,35,58,37,14,104,115,17,111" hai3="74,129,38,126,27,116,10,108,7,71,67,8,98" shuffle="mt19937ar,93429877,6DF4B91D,60BA4E95,80407635,EAA17622,87099F85,BC0127EF,29912549"/><V110/><F115/><W3/><G116/><T0/><D119/><U36/><E36/><V103/><F37/><W13/><G38/><T47/><D102/><U92/><E32/><V128/><F35/><W79/><G126/><T90/><D64/><U124/><E106/><V100/><F73/><W66/><G27/><T80/><D19/><U49/><E124/><V34/><F34/><W20/><G20/><T85/><D77/><U44/><E130/><V50/><F50/><W53/><G129/><T43/><D85/><N who="1" m="48295" /><E132/><V15/><F17/><W93/><G71/><T2/><D0/><U72/><E72/><V75/><F75/><W114/><G114/><T18/><D18/><U54/><E120/><V55/><F55/><W82/><G53/><T87/><D87/><N who="1" m="52255" /><E94/><V1/><F1/><W48/><G3/><T101/><D101/><N who="2" m="38986" /><F135/><W23/><G74/><T109/><D68/><U125/><E125/><V118/><F128/><W5/><G5/><T61/><D70/><U133/><E133/><V99/><F118/><W39/><G7/><T60/><D2/><U42/><E16/><V40/><F40/><W22/><G39/><T45/><D41/><U121/><E121/><V29/><F29/><W4/><G4/><T56/><D43/><U24/><E24/><V113/><F113/><W62/><G8/><AGARI ba="2,0" hai="8,9,42,44,49,51,54,59" m="52255,48295" machi="8" ten="30,2000,0" yaku="8,1,54,1" doraHai="127" who="1" fromWho="3" sc="252,0,274,26,238,0,236,-26" /><INIT seed="3,0,0,4,3,117" ten="252,300,238,210" oya="3" hai0="96,33,115,15,103,69,55,119,43,118,97,59,4" hai1="11,30,17,89,78,90,48,16,102,44,54,45,121" hai2="105,70,106,94,88,120,38,85,57,21,134,131,128" hai3="12,65,87,49,108,99,95,19,74,112,27,46,0" shuffle="mt19937ar,4D716648,7AF03C65,BFC56D04,5EE9C4EA,D8AC096E,DBC86AFC,AE9204EB,36BEB8C8"/><W51/><G74/><T63/><D33/><U107/><E121/><V100/><F70/><W41/><G0/><T13/><D115/><U34/><E78/><V79/><F38/><W40/><G112/><T62/><D43/><U2/><E107/><N who="2" m="40971" /><F21/><W123/><G123/><T52/><D69/><U111/><E102/><V26/><F26/><W82/><G27/><T53/><D4/><U135/><E34/><V130/><F57/><W114/><G65/><T28/><D28/><U72/><E30/><V36/><F36/><W76/><G114/><T91/><D91/><U104/><E104/><V14/><F14/><N who="0" m="5130" /><D103/><U66/><E72/><V86/><F120/><W42/><G49/><T64/><D64/><U18/><E66/><V61/><F61/><N who="0" m="23050" /><D59/><U83/><E2/><V113/><F113/><W24/><G24/><T20/><D20/><U22/><E22/><V125/><F125/><W109/><G108/><T25/><D25/><U60/><E111/><V71/><F71/><W68/><G68/><T56/><D56/><U5/><E60/><V80/><F100/><N who="3" m="60543" /><G109/><T29/><D29/><U6/><E5/><V92/><F134/><W3/><G3/><T32/><D32/><U67/><E135/><V31/><F31/><W7/><G7/><T77/><D118/><U23/><E67/><V116/><F116/><W81/><G81/><AGARI ba="0,0" hai="79,80,81,85,86,88,92,94,128,130,131" m="40971" machi="81" ten="40,8000,1" yaku="19,1,34,2,54,1" doraHai="117" who="2" fromWho="3" sc="252,0,300,0,238,80,210,-80" owari="252,-10,300,5,318,32,130,-27" /></mjloggm>