<mjloggm ver="2.3"><GO type="225"/><UN n0="%E3%82%B9%E3%83%91%E3%83%BC%E3%82%AF%E3%82%B9" n1="%E5%88%BB%E5%AD%90%E5%B8%82%E6%B0%91" n2="%E8%B6%85%E3%83%92%E3%83%A2%E3%83%AA%E3%83%AD" n3="%E4%BA%8C%E4%B8%89%E8%B5%A4%E4%BA%94%EF%BC%94%EF%BC%96%EF%BC%98" dan="16,17,17,16" rate="2068,2133,2097,2078" sx="F,M,F,M"/><TAIKYOKU oya="0"/><INIT seed="0,0,0,3,3,97" ten="250,250,250,250" oya="0" hai0="83,31,4,35,46,30,127,95,47,28,112,53,131" hai1="11,1,88,117,104,0,110,25,27,13,39,120,60" hai2="122,72,42,23,38,21,56,103,15,64,57,40,24" hai3="63,114,133,135,108,67,20,71,106,87,94,81,80" shuffle="mt19937ar,FC5AE970,1146DD50,240AD9DA,CC96FB52,DEB21056,1F9D7F25,C06428EA,6278E871"/><T89/><D112/><U61/><E39/><V19/><F72/><W111/><G106/><T105/><D105/><U18/><E104/><V16/><F122/><W125/><G114/><T45/><D127/><U32/><E120/><V41/><F38/><W75/><G125/><T118/><D118/><U36/><E36/><V85/><F64/><W84/><G75/><T82/><D35/><U96/><E117/><V5/><F5/><W43/><G43/><T107/><D107/><U86/><E96/><V126/><F126/><W74/><G74/><T69/><D69/><U65/><E60/><V119/><F119/><W9/><G20/><T34/><D34/><U91/><E91/><V113/><F113/><W102/><G9/><T37/><D37/><U66/><E66/><V49/><F103/><W22/><G22/><T29/><D131/><U14/><E14/><V73/><F73/><W17/><G17/><T124/><D124/><U115/><E115/><V7/><F7/><W3/><G3/><T132/><D132/><N who="3" m="50761" /><G81/><N who="0" m="30731" /><D4/><U134/><E134/><V48/><REACH who="2" step="1"/><F85/><REACH who="2" step="2"/><W59/><G87/><N who="0" m="52671" /><D31/><U128/><E86/><V79/><F79/><W10/><G84/><T6/><D6/><U116/><E116/><V100/><F100/><W2/><G80/><T76/><D76/><U99/><E88/><V55/><F55/><AGARI ba="0,1" hai="28,29,30,45,46,47,53,55" m="52671,30731" machi="55" ten="40,2000,0" yaku="8,1" doraHai="97" who="0" fromWho="2" sc="250,30,250,0,240,-20,250,0" /><INIT seed="0,1,0,0,0,23" ten="280,250,220,250" oya="0" hai0="122,24,129,66,89,96,7,30,25,131,60,22,57" hai1="53,44,56,32,114,51,109,79,105,0,46,80,43" hai2="20,3,95,41,21,65,48,133,130,119,39,11,97" hai3="135,40,134,112,84,14,38,126,26,73,8,10,5" shuffle="mt19937ar,F99A0A74,A57B8F77,7108C723,4D321EEC,2F8AF615,658E448B,B9D8C13E,4C3E51E9"/><T125/><D122/><U118/><E32/><V82/><F39/><W74/><G112/><T19/><D7/><U116/><E0/><V102/><F130/><N who="0" m="49674" /><D125/><U78/><E105/><V69/><F133/><N who="3" m="50699" /><G126/><T36/><D36/><U107/><E107/><V86/><F119/><W132/><G132/><T106/><D106/><U17/><E114/><V101/><F101/><W128/><G128/><T71/><D96/><U121/><E121/><V59/><F69/><W108/><G108/><T68/><D89/><U12/><E109/><V111/><F111/><W58/><G84/><T45/><D45/><U64/><E64/><V50/><F3/><W34/><G58/><T77/><D77/><U88/><E44/><N who="2" m="25615" /><F11/><W103/><G103/><T76/><D76/><U90/><E116/><V33/><F33/><AGARI ba="1,0" hai="19,22,24,25,30,33,57,60,66,68,71" m="49674" machi="33" ten="30,5800,0" yaku="19,1,52,2" doraHai="23" who="0" fromWho="2" sc="280,61,250,0,220,-61,250,0" /><INIT seed="0,2,0,0,4,60" ten="341,250,159,250" oya="0" hai0="108,109,93,17,73,126,99,121,16,106,124,14,71" hai1="49,0,122,39,53,12,29,133,46,18,135,28,37" hai2="127,36,21,1,81,11,8,130,45,24,66,50,84" hai3="67,42,77,70,4,32,41,86,114,129,132,56,83" shuffle="mt19937ar,05AF1A60,3C0484EA,486CE908,B4C01343,7F50E994,E670EC5D,28AA161E,59856A28"/><T34/><D121/><U102/><E0/><V131/><F36/><N who="1" m="13897" /><E102/><V26/><F127/><N who="0" m="48682" /><D106/><U88/><E88/><V100/><F100/><W6/><G114/><T10/><D73/><U52/><E53/><V69/><F26/><W3/><G132/><N who="1" m="50762" /><E122/><V105/><F105/><W76/><G3/><T101/><D34/><U82/><E82/><V113/><F113/><W134/><G32/><T9/><D71/><U120/><E120/><V59/><F69/><W47/><G70/><T110/><D9/><AGARI ba="2,0" hai="9,12,18,28,29,46,49,52" m="50762,13897" machi="9" ten="30,2000,0" yaku="20,1,54,1" doraHai="60" who="1" fromWho="0" sc="341,-26,250,26,159,0,250,0" /><INIT seed="1,0,0,4,2,129" ten="315,276,159,250" oya="1" hai0="47,91,30,61,42,83,103,107,16,71,101,76,118" hai1="90,24,80,38,58,55,75,29,68,96,125,11,40" hai2="70,121,25,51,23,82,20,87,19,26,95,53,89" hai3="64,84,65,49,98,59,66,63,62,6,15,36,97" shuffle="mt19937ar,40463616,A4302111,94657A7D,541EB08B,4D7EA428,2320FA14,D7C59640,0B63AF08"/><U114/><E68/><V56/><F70/><W122/><G36/><T10/><D118/><U7/><E114/><V50/><F121/><W37/><G37/><T60/><D30/><U85/><E125/><V116/><F116/><W67/><G122/><T35/><D35/><U93/><E75/><V2/><F2/><W33/><G33/><T73/><D91/><U88/><E38/><V112/><F112/><W3/><G3/><T86/><D73/><U43/><E24/><V4/><F4/><W48/><G84/><T21/><D10/><U79/><E29/><V77/><F50/><N who="3" m="19563" /><G63/><T126/><D126/><U9/><E79/><V72/><REACH who="2" step="1"/><F23/><REACH who="2" step="2"/><W46/><G46/><T8/><D21/><U18/><E7/><V44/><F44/><W34/><G34/><T69/><D69/><U81/><E9/><AGARI ba="0,1" hai="6,9,15,59,62,64,65,66,67,97,98" m="19563" machi="9" ten="30,1000,0" yaku="8,1" doraHai="129" who="3" fromWho="1" sc="315,0,276,-10,149,0,250,20" /><INIT seed="2,0,0,0,3,36" ten="315,266,149,270" oya="2" hai0="120,33,105,17,7,83,19,25,127,74,51,119,32" hai1="10,1,8,82,89,90,103,110,86,60,62,111,41" hai2="91,28,116,57,47,21,48,35,131,2,44,39,67" hai3="118,129,132,71,125,40,98,24,88,95,134,31,59" shuffle="mt19937ar,46F9426A,BB66E068,4DB9DD03,6612B2D1,AD252500,82F1D539,AE503888,99A17F6B"/><V13/><F2/><W94/><G118/><T38/><D38/><U4/><E103/><V93/><F116/><W46/><G71/><T58/><D105/><U53/><E41/><V45/><F131/><W43/><G129/><T22/><D119/><U52/><E10/><V115/><F115/><W124/><G59/><T76/><D120/><U123/><E123/><V63/><F35/><N who="3" m="20967" /><G95/><T73/><D73/><U104/><E104/><V69/><F39/><N who="3" m="21791" /><G43/><T84/><D84/><U106/><E106/><V34/><F34/><W117/><G117/><T0/><D32/><U12/><E12/><V11/><F28/><W130/><G130/><T65/><D33/><U107/><E107/><V122/><F122/><W72/><G72/><T77/><D74/><U18/><E18/><V5/><F21/><W75/><G75/><T68/><D22/><U54/><REACH who="1" step="1"/><E90/><REACH who="1" step="2"/><V92/><REACH who="2" step="1"/><F91/><REACH who="2" step="2"/><W80/><G80/><T66/><D83/><U37/><E37/><V23/><F23/><W27/><G27/><T87/><D25/><U113/><E113/><V16/><F16/><W42/><G42/><T101/><D17/><U135/><E135/><AGARI ba="0,2" hai="88,94,98,124,125,132,134,135" m="21791,20967" machi="135" ten="30,3900,0" yaku="20,1,52,1,54,1" doraHai="36" who="3" fromWho="1" sc="315,0,256,-39,139,0,270,59" /><INIT seed="3,0,0,5,2,69" ten="315,217,139,329" oya="3" hai0="101,68,35,18,119,10,132,100,15,102,80,95,65" hai1="77,45,63,6,31,120,46,115,92,123,7,131,108" hai2="130,54,89,52,75,126,17,81,67,103,40,91,29" hai3="24,42,127,74,16,79,51,0,86,30,87,73,5" shuffle="mt19937ar,F06CBA93,58D94197,DD44D564,8956C213,BBE05354,92AE1404,5D4421F5,F2EE9135"/><W82/><G127/><T66/><D119/><U104/><E77/><V78/><F126/><W76/><G16/><N who="0" m="8311" /><D35/><U72/><E104/><V13/><F130/><W56/><G0/><T49/><D68/><U41/><E31/><V98/><F67/><N who="0" m="25610" /><D132/><U62/><E92/><V113/><F113/><W90/><G5/><T20/><D80/><U71/><E71/><V99/><F29/><W36/><G36/><T1/><D1/><U83/><E83/><V64/><F64/><W8/><G8/><T93/><D49/><U70/><E46/><V14/><F40/><W27/><G74/><T2/><D2/><U122/><E122/><V114/><F114/><W26/><G73/><T28/><D28/><U110/><E72/><V84/><F14/><AGARI ba="0,0" hai="14,18,20,93,95,100,101,102" m="25610,8311" machi="14" ten="30,2000,0" yaku="8,1,54,1" doraHai="69" who="0" fromWho="2" sc="315,20,217,0,139,-20,329,0" owari="335,33,217,-13,119,-28,329,8" /></mjloggm>