<mjloggm ver="2.3"><GO type="225"/><UN n0="%E6%9C%9D%E6%AF%94%E5%A5%88%E8%8B%B1%E7%90%86%E5%AD%90" n1="%E4%BA%8C%E4%B8%89%E8%B5%A4%E4%BA%94%EF%BC%94%EF%BC%96%EF%BC%98" n2="%73%69%64%65" n3="%E5%BE%85%E3%81%A1%E3%81%A8%E3%82%89%E3%81%9A" dan="16,16,17,16" rate="2070,2087,2096,2047" sx="F,M,M,M"/><TAIKYOKU oya="0"/><INIT seed="0,0,0,3,2,45" ten="250,250,250,250" oya="0" hai0="39,104,46,65,102,10,72,25,19,26,4,74,88" hai1="8,117,83,111,126,81,36,132,35,50,89,97,127" hai2="49,7,41,56,22,128,42,134,51,135,63,34,99" hai3="130,114,23,59,15,91,14,92,0,105,5,110,44" shuffle="mt19937ar,61A65CB2,026A4C47,ED6C45D7,D6CFD4CE,7EB7B9E4,57F18AF4,C5F9CD72,B143D9DD"/><T100/><D65/><U113/><E36/><V95/><F34/><W64/><G110/><T80/><D100/><U106/><E35/><V12/><F128/><W75/><G0/><N who="0" m="263" /><D74/><U124/><E117/><V71/><F71/><W31/><G75/><T11/><D88/><U66/><E66/><V90/><F7/><W43/><G130/><T57/><D57/><U9/><E111/><V47/><F12/><W76/><G76/><N who="0" m="44039" /><D102/><N who="1" m="62799" /><E113/><V54/><F22/><W21/><G105/><T73/><D73/><U122/><E122/><V115/><F115/><W109/><G109/><T20/><D104/><U32/><E32/><V133/><REACH who="2" step="1"/><F42/><REACH who="2" step="2"/><W52/><G114/><T69/><D69/><U13/><E13/><V33/><F33/><W93/><G5/><T1/><D1/><U119/><E127/><V96/><F96/><W62/><G21/><T38/><D11/><U55/><E126/><V6/><F6/><W79/><G14/><T27/><D20/><U103/><E124/><V121/><F121/><W82/><G15/><T94/><D26/><U61/><E8/><V30/><F30/><W2/><G23/><T131/><D27/><U101/><E9/><V16/><F16/><W70/><G31/><T3/><D25/><U123/><E123/><V118/><F118/><W37/><G2/><T28/><D3/><U58/><E119/><V40/><F40/><W84/><REACH who="3" step="1"/><G79/><REACH who="3" step="2"/><T17/><D28/><U24/><E24/><V86/><F86/><W67/><G67/><T60/><D131/><U77/><E77/><V78/><F78/><W85/><G85/><T18/><D18/><RYUUKYOKU ba="0,2" sc="250,-15,250,-15,240,15,240,15" hai2="41,47,49,51,54,56,63,90,95,99,133,134,135" hai3="37,43,44,52,59,62,64,70,82,84,91,92,93" /><INIT seed="1,1,2,2,5,116" ten="235,235,255,255" oya="1" hai0="130,61,70,114,25,43,112,134,40,73,100,88,132" hai1="58,109,54,74,105,80,41,62,33,110,78,122,101" hai2="121,32,6,55,57,102,63,124,60,0,92,67,91" hai3="38,1,31,111,107,24,5,56,86,123,45,120,93" shuffle="mt19937ar,B5690A19,F25DD98C,7626044D,6B9898BD,C9751BCB,D9BFDAEB,489AA536,D0D10D3A"/><U34/><E41/><V3/><F32/><W15/><G107/><T11/><D73/><U90/><E90/><V66/><F124/><W64/><G111/><N who="1" m="42506" /><E122/><V13/><F102/><W7/><G1/><T20/><D100/><U14/><E14/><V68/><F121/><W27/><G45/><T29/><D130/><U98/><AGARI ba="1,2" hai="33,34,54,58,62,74,78,80,98,101,105" m="42506" machi="98" ten="30,3000,0" yaku="14,1,10,1" doraHai="116" who="1" fromWho="1" sc="235,-11,235,53,255,-11,255,-11" /><INIT seed="1,2,0,3,2,60" ten="224,288,244,244" oya="1" hai0="84,122,57,90,105,119,24,94,51,13,61,64,103" hai1="26,12,9,80,99,111,17,126,5,68,127,18,89" hai2="98,87,112,71,1,124,14,117,46,54,97,79,42" hai3="62,77,93,21,59,55,91,44,16,123,106,41,45" shuffle="mt19937ar,87903D61,8308BF51,BB4DA629,F5C4CC16,7483EC17,1E63ED7B,36791811,FBC56DCB"/><U92/><E68/><V115/><F1/><W27/><G106/><T25/><D119/><U129/><E129/><V32/><F32/><W108/><G108/><T128/><D128/><U3/><E111/><V10/><F71/><W30/><G123/><T102/><D122/><U133/><E133/><V135/><F117/><W125/><G125/><N who="1" m="47626" /><E26/><N who="0" m="10345" /><D105/><U130/><E130/><V65/><F54/><W49/><G77/><T74/><D74/><U121/><E121/><V101/><F124/><W66/><G45/><T28/><D28/><U31/><E31/><V116/><F116/><W70/><G30/><T96/><D51/><U134/><E134/><V113/><F135/><W73/><G73/><T100/><D13/><U2/><E80/><V132/><F132/><W75/><G75/><T38/><D38/><U53/><E53/><V0/><F0/><AGARI ba="2,0" hai="0,2,3,5,9,12,17,18,89,92,99" m="47626" machi="0" ten="30,1500,0" yaku="18,1" doraHai="60" who="1" fromWho="2" sc="224,0,288,21,244,-21,244,0" /><INIT seed="1,3,0,2,4,104" ten="224,309,223,244" oya="1" hai0="60,70,5,83,47,107,9,126,53,69,134,68,99" hai1="2,59,90,127,105,34,16,75,28,38,15,14,112" hai2="1,78,21,17,86,44,11,97,130,76,71,61,100" hai3="32,4,25,49,27,82,110,103,54,13,10,3,119" shuffle="mt19937ar,930A4AE9,4179F28C,C04C910D,2C6B8777,AEFDBD6F,7A515376,7E4BE6D7,F887FEBB"/><U128/><E112/><V87/><F130/><W40/><G110/><T108/><D108/><U29/><E105/><V39/><F1/><W63/><G119/><T12/><D134/><U33/><E38/><V121/><F11/><W64/><G3/><T7/><D126/><U111/><E2/><V72/><F71/><W43/><G103/><T22/><D22/><U57/><E111/><V98/><F61/><W55/><G55/><T85/><D5/><U109/><E109/><V23/><F121/><W89/><G27/><T0/><D0/><U58/><E127/><V35/><F35/><W30/><G89/><T20/><D20/><U133/><E133/><V118/><F100/><W135/><G82/><T36/><D36/><U91/><E58/><V124/><F39/><W8/><G8/><T101/><D47/><U125/><E125/><V92/><F44/><W31/><G31/><T116/><D116/><U102/><E102/><V106/><F106/><W122/><G122/><T74/><D53/><U62/><E62/><V45/><F45/><W41/><G135/><T84/><REACH who="0" step="1"/><D60/><REACH who="0" step="2"/><U114/><E114/><V113/><F23/><W66/><G63/><T24/><D24/><U79/><E128/><V96/><F113/><W48/><REACH who="3" step="1"/><G54/><REACH who="3" step="2"/><T46/><D46/><U80/><E33/><V95/><F124/><W56/><G56/><T115/><D115/><U129/><E34/><V65/><F118/><W37/><G37/><T26/><D26/><U81/><E129/><V42/><F21/><W51/><AGARI ba="3,2" hai="4,10,13,25,30,32,40,41,43,48,49,51,64,66" machi="51" ten="30,2000,0" yaku="1,1,0,1,53,0" doraHai="104" doraHaiUra="120" who="3" fromWho="3" sc="214,-8,309,-13,223,-8,234,49" /><INIT seed="2,0,0,2,3,109" ten="206,296,215,283" oya="2" hai0="41,102,101,116,36,133,54,22,65,43,85,44,61" hai1="79,67,92,60,37,16,31,23,66,129,13,118,82" hai2="103,119,12,33,73,89,126,59,135,96,9,39,88" hai3="19,87,106,1,28,18,112,64,29,7,53,113,17" shuffle="mt19937ar,C3EC5651,F6B99EEB,14402507,832EE7F5,4BFA1688,7400B621,4F5B6A38,092B5C6C"/><V127/><F73/><W45/><G106/><T2/><D2/><U84/><E118/><V20/><F33/><W69/><G69/><T10/><D133/><U75/><E37/><V3/><F39/><W46/><G64/><T49/><D116/><U90/><E129/><V38/><F38/><W132/><G132/><T121/><D121/><U100/><E31/><N who="3" m="11850" /><G87/><T130/><D130/><U111/><E111/><V51/><F3/><W98/><G98/><T58/><D22/><U27/><E100/><V8/><F119/><W21/><G21/><T72/><D72/><U6/><E60/><V77/><F77/><W110/><G53/><T91/><D10/><U15/><E15/><V48/><F20/><W40/><G110/><T124/><D124/><N who="2" m="47658" /><F135/><W30/><G30/><T83/><REACH who="0" step="1"/><D41/><REACH who="0" step="2"/><U0/><E0/><V70/><F9/><N who="3" m="2287" /><G40/><T117/><D117/><U47/><E75/><V81/><F8/><W99/><G99/><T55/><D55/><U5/><E23/><V35/><F96/><W93/><G93/><T131/><D131/><U95/><E67/><V14/><F14/><W105/><G105/><T125/><D125/><U52/><E66/><V74/><F12/><W115/><AGARI ba="0,1" hai="17,18,19,45,46,112,113,115" m="2287,11850" machi="115" ten="40,8000,1" yaku="11,1,52,3" doraHai="109" who="3" fromWho="3" sc="196,-20,296,-20,215,-40,283,90" /><INIT seed="3,0,0,1,3,18" ten="176,276,175,373" oya="3" hai0="15,31,114,100,26,92,87,2,105,123,14,11,70" hai1="12,16,85,21,41,59,64,81,84,95,82,50,3" hai2="67,86,124,61,30,83,89,34,122,119,79,45,110" hai3="22,135,128,38,17,93,134,97,78,37,98,126,36" shuffle="mt19937ar,1EFED342,18A3CA5E,8063E708,D54121F4,B5B73C7B,866CD6BC,9F0EC74A,9D5EC1B9"/><W96/><G126/><T116/><D123/><U73/><E73/><V52/><F119/><W40/><G128/><T107/><D116/><U131/><E3/><V74/><F124/><W68/><G68/><T125/><D125/><U127/><E131/><V129/><F129/><W20/><G78/><T106/><D70/><U71/><E127/><V121/><F110/><W55/><G55/><T1/><D15/><U58/><E71/><V99/><F99/><N who="3" m="37963" /><G17/><T62/><D100/><U13/><E13/><V23/><F34/><W29/><G29/><T118/><D118/><U88/><E64/><V132/><F132/><N who="3" m="50731" /><G40/><T72/><D114/><U115/><E115/><V6/><F6/><W47/><G47/><T133/><D133/><U49/><E82/><N who="2" m="49367" /><F67/><W66/><G66/><T103/><D103/><AGARI ba="0,0" hai="20,22,36,37,38,93,98,103" m="50731,37963" machi="103" ten="40,7700,0" yaku="20,1,52,2" doraHai="18" who="3" fromWho="0" sc="176,-77,276,0,175,0,373,77" owari="99,-30,276,3,175,-17,450,44" /></mjloggm>