<mjloggm ver="2.3"><GO type="185"/><UN n0="%E3%81%B5%E3%81%8F%EF%BC%A3%EF%BD%88%EF%BD%81%EF%BD%8E%E2%99%AA" n1="%EF%BC%BC%28%EF%BC%BE%6F%EF%BC%BE%29%EF%BC%8F%E2%98%85" n2="%E7%B1%B3%E5%85%89%E5%80%B6%E6%A5%BD%E9%83%A8" n3="" dan="16,17,16,0" rate="2198,2148,2170,1500" sx="F,M,F,C"/><TAIKYOKU oya="0"/><INIT seed="0,0,0,1,4,41" ten="350,350,350,0" oya="0" hai0="78,63,82,121,48,131,105,83,32,36,113,45,67" hai1="94,87,101,69,127,96,117,47,68,49,66,115,1" hai2="57,116,123,58,109,46,37,88,85,99,125,124,77" hai3="" shuffle="mt19937ar,FFB902B0,997FD134,9653DAB9,FD706ECB,BA37F931,D015E95A,E4B1E38A,12325F90"/><T95/><N who="0" m="31008" /><T93/><D105/><U130/><E1/><V50/><N who="2" m="31520" /><V126/><F37/><T84/><D131/><U35/><E35/><V38/><F38/><T2/><D113/><U61/><E117/><V53/><F116/><T128/><D128/><U52/><E130/><V3/><F3/><T71/><D32/><U42/><E115/><V119/><F119/><T98/><D2/><U72/><E72/><V106/><F77/><T118/><D98/><U132/><E132/><V103/><F109/><T122/><N who="0" m="31264" /><T129/><D129/><U73/><E73/><V56/><F57/><T34/><D34/><U74/><E74/><V89/><F89/><T91/><D36/><U110/><E110/><V39/><F39/><T43/><D118/><U79/><E42/><V134/><F134/><T0/><D0/><U62/><E127/><V80/><AGARI ba="0,0" hai="46,50,53,56,58,80,85,88,99,103,106,124,125,126" m="31520" machi="80" ten="30,6000,1" yaku="0,1,18,1,52,2,54,1" doraHai="41" who="2" fromWho="2" sc="350,-40,350,-20,350,60,0,0" /><INIT seed="1,0,0,5,0,74" ten="310,330,410,0" oya="1" hai0="114,134,94,73,39,65,50,47,1,48,132,63,34" hai1="42,82,38,76,103,77,127,54,91,44,71,35,70" hai2="125,52,83,119,36,122,55,32,88,109,49,101,126" hai3="" shuffle="mt19937ar,4858D88C,2BEADD56,3A57C96F,B34BC2F7,A04F9115,8F337C1F,8C2FF68C,43E2C1F1"/><U46/><E35/><V85/><N who="2" m="31264" /><V3/><F36/><T86/><D73/><U61/><E127/><N who="2" m="48651" /><F3/><T56/><D34/><U64/><E71/><V107/><F32/><T96/><D1/><U66/><E66/><V115/><F119/><T68/><D114/><U58/><E46/><V99/><F115/><T72/><D72/><U121/><N who="1" m="31008" /><U67/><E103/><V111/><F55/><T113/><D113/><U87/><E67/><V102/><F101/><T51/><D86/><U40/><E40/><V100/><F102/><T118/><D118/><U128/><E128/><V78/><F78/><T92/><D68/><U98/><E98/><V69/><F69/><T2/><D96/><U90/><E90/><V33/><F33/><T57/><D57/><AGARI ba="0,0" hai="49,52,57,83,85,88,99,100,107,109,111" m="48651,31264" machi="57" ten="30,7700,0" yaku="18,1,52,1,54,2" doraHai="74" who="2" fromWho="0" sc="310,-77,330,0,410,77,0,0" /><INIT seed="2,0,0,1,0,134" ten="233,330,487,0" oya="2" hai0="44,66,35,34,43,94,125,61,113,109,47,105,95" hai1="135,99,123,72,129,70,121,85,122,77,45,118,68" hai2="1,57,106,38,92,110,127,112,90,33,93,78,96" hai3="" shuffle="mt19937ar,624F29F2,7D42FEF3,A2A80FA0,B55107B9,A6F59849,6D8576C6,711AD866,82CA09E2"/><V131/><F33/><T58/><D105/><U54/><N who="1" m="31008" /><U80/><N who="1" m="31264" /><U48/><N who="1" m="31520" /><U49/><E135/><V89/><F1/><T53/><D95/><U79/><E129/><V81/><F131/><T64/><D94/><U50/><E118/><V100/><F38/><T36/><D34/><U124/><E124/><V40/><F40/><T65/><D35/><U76/><E99/><V32/><F32/><T55/><D109/><U111/><E111/><V73/><F57/><T59/><D113/><U82/><E79/><V56/><F56/><T0/><D0/><U108/><E108/><V133/><F112/><T107/><D107/><U103/><E103/><V3/><F3/><T51/><D125/><U83/><E83/><V42/><F133/><T119/><D119/><U128/><E128/><V126/><F42/><T37/><D37/><U116/><REACH who="1" step="1"/><E116/><REACH who="1" step="2"/><V102/><F110/><T71/><REACH who="0" step="1"/><D71/><AGARI ba="0,1" hai="45,48,49,50,54,68,70,71,72,76,77,80,82,85" m="31520,31264,31008" machi="71" ten="40,8000,1" yaku="1,1,2,1,52,3,53,0" doraHai="134" doraHaiUra="60" who="1" fromWho="0" sc="233,-80,320,90,487,0,0,0" /><INIT seed="4,0,0,3,4,96" ten="153,410,487,0" oya="0" hai0="125,127,90,3,98,78,97,88,68,44,92,85,123" hai1="70,119,114,122,49,42,51,40,35,108,111,105,91" hai2="75,120,57,117,45,87,62,134,71,81,43,101,129" hai3="" shuffle="mt19937ar,ED30E781,561A7417,974B87A4,1C574083,71ADCC68,6829AB97,64E9D37F,C42F2275"/><T38/><N who="0" m="31520" /><T67/><D3/><U61/><N who="1" m="31264" /><U133/><E35/><V59/><N who="2" m="30752" /><V115/><F75/><T131/><D131/><U72/><E72/><V54/><F117/><T77/><D67/><U60/><E105/><V63/><F134/><T32/><D68/><U55/><E91/><V56/><F129/><T100/><D44/><U58/><E119/><V94/><F115/><T39/><D32/><U110/><E133/><V2/><F2/><T109/><D109/><U135/><E135/><V76/><F71/><T0/><D0/><U46/><E114/><V82/><F82/><T34/><D34/><U1/><E1/><V79/><F76/><T86/><D92/><U93/><E93/><V107/><F107/><T126/><D125/><U74/><E74/><V112/><F112/><T80/><D100/><U103/><E103/><V66/><F94/><T84/><REACH who="0" step="1"/><D84/><REACH who="0" step="2"/><U128/><E128/><V53/><F101/><T48/><D48/><N who="1" m="18507" /><E46/><V33/><F33/><T124/><D124/><U116/><E116/><V89/><F45/><T99/><D99/><U118/><E118/><V41/><F66/><AGARI ba="0,1" hai="40,42,55,58,60,61,66,70,108,110,111" m="18507,31264" machi="66" ten="40,5200,0" yaku="34,2,52,1" doraHai="96" who="1" fromWho="2" sc="143,0,410,62,487,-52,0,0" /><INIT seed="5,0,0,3,0,70" ten="143,472,435,0" oya="1" hai0="126,119,87,2,55,113,37,41,63,54,50,107,91" hai1="89,88,77,68,115,40,56,90,44,95,106,1,85" hai2="99,112,94,80,131,36,93,57,83,109,114,60,71" hai3="" shuffle="mt19937ar,6BD4E657,5041E0D5,3389C5E4,3FD763A7,8AEF252D,539C8BC7,161175D1,97784BE8"/><U98/><E1/><V111/><F71/><T76/><D2/><U3/><E3/><V117/><F36/><T39/><D107/><U124/><E68/><V53/><F117/><T123/><N who="0" m="31520" /><T34/><D34/><U78/><E124/><V104/><F104/><T134/><D76/><U72/><E115/><N who="2" m="44075" /><F131/><T66/><D91/><U121/><N who="1" m="31008" /><U125/><E125/><V129/><F129/><T97/><D97/><U32/><E32/><V67/><F67/><T62/><D87/><U59/><E106/><V96/><F109/><T64/><D113/><U103/><E72/><V86/><F111/><T79/><D79/><U110/><E110/><V47/><F47/><T118/><D41/><U135/><E78/><V120/><N who="2" m="30752" /><V74/><F74/><T73/><D73/><U84/><E84/><V127/><F127/><T82/><D126/><U45/><E45/><V61/><F86/><T128/><D82/><N who="2" m="31274" /><F61/><T69/><D69/><U122/><N who="1" m="31264" /><U81/><REACH who="1" step="1"/><E135/><REACH who="1" step="2"/><V48/><F99/><T101/><D128/><U132/><E132/><V100/><F94/><T52/><D134/><U33/><E33/><V133/><F133/><T65/><D119/><U42/><E42/><V51/><AGARI ba="0,1" hai="48,51,53,57,60,93,96,100" m="31274,30752,44075" machi="51" ten="30,3000,0" yaku="15,1,11,1,52,1" doraHai="70" who="2" fromWho="2" sc="143,-10,462,-20,435,40,0,0" /><INIT seed="6,0,0,5,0,88" ten="133,442,475,0" oya="2" hai0="1,59,85,39,127,74,103,66,128,93,121,60,131" hai1="92,58,132,99,130,46,40,43,111,3,78,75,113" hai2="101,49,129,77,134,83,54,64,53,33,55,41,70" hai3="" shuffle="mt19937ar,D3A6F92C,B3BD7A4B,0E024C60,29F113EC,871068E5,5DB2431B,25F36865,34D2B293"/><V125/><F33/><T124/><D93/><U34/><E34/><V73/><F129/><T87/><D103/><U82/><E3/><V86/><F134/><T98/><D98/><U118/><E111/><V72/><F125/><T42/><D60/><U116/><E130/><V62/><F101/><T109/><D59/><U35/><E35/><V50/><F41/><T36/><D66/><U112/><E132/><V126/><F126/><T84/><D42/><U2/><E2/><V107/><F107/><T96/><D1/><U45/><E58/><V38/><F38/><T81/><D36/><U69/><E69/><V0/><F0/><T68/><D39/><U37/><E46/><V100/><F100/><T104/><D68/><U135/><E135/><V120/><N who="2" m="30752" /><V56/><F54/><T108/><D108/><U119/><E40/><V114/><F114/><T95/><D109/><U106/><E106/><V65/><F64/><T123/><D104/><U51/><E37/><V97/><F97/><T91/><D96/><U115/><E99/><V63/><F70/><T52/><D127/><U48/><E51/><V89/><F50/><T80/><D124/><U110/><E110/><V76/><F49/><T90/><D131/><U102/><E102/><RYUUKYOKU ba="0,0" sc="133,-10,442,20,475,-10,0,0" hai1="43,45,48,75,78,82,92,112,113,115,116,118,119" owari="123,-48,462,6,465,42,0,0" /></mjloggm>