<mjloggm ver="2.3"><GO type="225"/><UN n0="%E3%83%81%E3%83%A3%E3%82%AA%E3%83%AA" n1="%EF%BC%88%EF%BC%8A%EF%BC%9E%EF%BC%9C%EF%BC%89" n2="%E9%9B%AA%E5%9B%BD%E8%82%B2%E3%81%A1" n3="%E9%9B%81%E7%BA%8F" dan="17,17,17,16" rate="2160,2168,2152,2045" sx="M,F,M,M"/><TAIKYOKU oya="0"/><INIT seed="0,0,0,4,0,57" ten="250,250,250,250" oya="0" hai0="104,39,52,26,31,22,36,68,82,40,10,35,98" hai1="120,6,118,8,25,99,114,14,13,61,15,75,20" hai2="71,48,30,60,93,11,112,54,91,78,16,69,110" hai3="62,32,33,23,41,27,129,128,4,37,63,111,83" shuffle="mt19937ar,7AFB3354,C2AFCE0F,70A5C428,B89D7B52,457283E4,0E3492E4,5A809542,2D972C86"/><T19/><D82/><U12/><E75/><V46/><F112/><W42/><G4/><T132/><D68/><U77/><E77/><V28/><F110/><W49/><G37/><T87/><D87/><U125/><E120/><V121/><F78/><W102/><G102/><T9/><D132/><U113/><E118/><V96/><F121/><W21/><G83/><T85/><D85/><U66/><E99/><V74/><F74/><W76/><G76/><T101/><D39/><U45/><E45/><V58/><F71/><W70/><G70/><T81/><D81/><U89/><E89/><V67/><F69/><W56/><G56/><T18/><D18/><U119/><E119/><V80/><F80/><W55/><G55/><T79/><D79/><U64/><E125/><V106/><F106/><W84/><G84/><T109/><D109/><U103/><E103/><V24/><F11/><W95/><G49/><T7/><D7/><U126/><E126/><V38/><F38/><W130/><G27/><T100/><D100/><U59/><REACH who="1" step="1"/><E66/><REACH who="1" step="2"/><V51/><F51/><W86/><G86/><T122/><D122/><U0/><E0/><V3/><F3/><W116/><G130/><T105/><D105/><U17/><AGARI ba="0,1" hai="6,8,12,13,14,15,17,20,25,59,61,64,113,114" machi="17" ten="30,4000,0" yaku="1,1,0,1,52,1,53,0" doraHai="57" doraHaiUra="135" who="1" fromWho="1" sc="250,-20,240,50,250,-10,250,-10" /><INIT seed="1,0,0,3,5,18" ten="230,290,240,240" oya="1" hai0="90,118,70,56,60,78,111,17,38,93,8,82,79" hai1="59,13,129,52,42,130,2,6,83,126,54,21,1" hai2="107,41,106,85,104,37,45,57,121,27,76,58,9" hai3="25,40,125,97,100,81,63,44,51,123,4,23,50" shuffle="mt19937ar,11754FF9,B339D436,14022D57,A6FBA781,529AA3E0,2C3D0827,0042929E,9BB94CE6"/><U67/><E42/><V102/><F121/><W26/><G123/><T16/><D70/><U65/><E126/><V35/><F102/><W96/><G125/><T114/><D38/><U34/><E34/><V105/><N who="2" m="27136" /><DORA hai="68" /><V19/><F9/><W116/><G4/><T73/><D114/><U112/><E112/><V7/><F7/><W39/><G26/><T43/><D43/><U22/><E83/><V119/><F119/><W134/><G134/><T53/><D118/><U46/><E6/><V135/><F135/><W75/><G116/><T31/><D111/><U98/><E98/><V62/><F62/><W94/><G97/><T80/><D31/><U84/><E13/><V11/><F11/><W48/><G63/><T71/><D71/><U14/><E14/><V10/><F10/><W131/><G131/><T32/><D32/><U103/><E59/><V133/><F133/><W24/><REACH who="3" step="1"/><G23/><REACH who="3" step="2"/><T108/><D108/><U113/><E113/><V33/><F33/><W127/><G127/><T88/><D8/><U110/><E110/><V92/><F35/><W15/><G15/><T3/><D3/><U109/><E109/><V89/><REACH who="2" step="1"/><F76/><AGARI ba="0,1" hai="24,25,39,40,44,48,50,51,75,76,81,94,96,100" machi="76" ten="40,2600,0" yaku="1,1,52,1,53,0" doraHai="18,68" doraHaiUra="128,61" who="3" fromWho="2" sc="230,0,290,0,240,-26,230,36" /><INIT seed="2,0,0,5,0,39" ten="230,290,214,266" oya="2" hai0="78,46,28,27,74,107,3,41,55,51,34,67,20" hai1="118,96,135,33,19,0,18,32,108,13,120,82,83" hai2="44,53,65,116,14,56,134,50,112,43,113,58,54" hai3="7,117,81,45,99,35,85,52,89,11,79,49,114" shuffle="mt19937ar,4F5290A5,0C4B28B4,38B10C96,A48825C1,33DFAFFD,A4BFC4D9,2433D568,31A4C345"/><V71/><F14/><W121/><G117/><T97/><D3/><U104/><E0/><V25/><F25/><W110/><G110/><T124/><D67/><U10/><E118/><V77/><F77/><W48/><G121/><T29/><D124/><U47/><E120/><V101/><F101/><W1/><G35/><T91/><D74/><U88/><E108/><V111/><F116/><W119/><G119/><T8/><D78/><U62/><E104/><V109/><F134/><W31/><G31/><T126/><D126/><U102/><E102/><V86/><F86/><W30/><G30/><T15/><D29/><U95/><E135/><V36/><F111/><W40/><G114/><N who="2" m="44137" /><F109/><W23/><G23/><T80/><D107/><U100/><E19/><V90/><F90/><W75/><G99/><T69/><D69/><U2/><E2/><V122/><F122/><W24/><G24/><T5/><D34/><U131/><E100/><V92/><F92/><W133/><G133/><T76/><D76/><U21/><E82/><V94/><F94/><W98/><G98/><T57/><D97/><U115/><E83/><V84/><F84/><W105/><G105/><T26/><D26/><U37/><E115/><V123/><F123/><W68/><G68/><T66/><D66/><U64/><E32/><V17/><F17/><W130/><G130/><T127/><D127/><U132/><E131/><V87/><F87/><W60/><G60/><N who="0" m="35903" /><D80/><U61/><E33/><V70/><F65/><W73/><G79/><T6/><D91/><U59/><E88/><V103/><F103/><W4/><G4/><AGARI ba="0,0" hai="4,5,6,8,15,20,27,28,41,46,51" m="35903" machi="4" ten="30,3900,0" yaku="6,1,8,1,52,1" doraHai="39" who="0" fromWho="3" sc="230,39,290,0,214,0,266,-39" /><INIT seed="3,0,0,4,5,53" ten="269,290,214,227" oya="3" hai0="124,2,115,88,103,65,6,76,100,132,82,20,123" hai1="4,96,27,56,122,55,119,104,109,135,3,14,31" hai2="131,25,39,106,38,23,45,0,70,58,91,37,66" hai3="33,29,40,129,34,84,102,11,73,118,24,51,19" shuffle="mt19937ar,5F897DD1,4FC41683,48AC2B52,10E604CF,865A84AE,511238B5,BF840620,0EE04E6A"/><W35/><G73/><T116/><D123/><U17/><E122/><V16/><F131/><W120/><G120/><T71/><D116/><U133/><E119/><V111/><F111/><W7/><G118/><T78/><D132/><N who="1" m="50763" /><E109/><V28/><F106/><W127/><G129/><T5/><D20/><N who="1" m="11319" /><E96/><V134/><F0/><W26/><G127/><T98/><D124/><U22/><E104/><V75/><F134/><W60/><G102/><T62/><D115/><U52/><E56/><V32/><F75/><W1/><G84/><T97/><D97/><U79/><E79/><V42/><F70/><W126/><G126/><T61/><D71/><U48/><E48/><V105/><F105/><W18/><G60/><T90/><D98/><U15/><E15/><V80/><F91/><W12/><G51/><T9/><D2/><U130/><E130/><V114/><F114/><W43/><G19/><T112/><D112/><U95/><E95/><V30/><F80/><W85/><G85/><T110/><D110/><U41/><E41/><V10/><F10/><AGARI ba="0,0" hai="3,4,10,22,27,31,52,55" m="11319,50763" machi="10" ten="30,2000,0" yaku="20,1,54,1" doraHai="53" who="1" fromWho="2" sc="269,0,290,20,214,-20,227,0" owari="269,2,310,31,194,-21,227,-12" /></mjloggm>