<mjloggm ver="2.3"><GO type="225"/><UN n0="%E3%82%88%E3%81%A3%E3%81%A1" n1="%E9%95%B7%E5%B2%A1%E5%A4%A7%E6%98%8E%E7%A5%9E" n2="%E3%83%81%E3%83%A3%E3%82%AA%E3%83%AA" n3="%E5%88%BB%E5%AD%90%E5%B8%82%E6%B0%91" dan="16,16,17,17" rate="2069,2054,2181,2112" sx="M,F,M,M"/><TAIKYOKU oya="0"/><INIT seed="0,0,0,2,5,55" ten="250,250,250,250" oya="0" hai0="19,119,45,72,92,68,11,70,112,115,33,39,84" hai1="103,113,40,1,48,42,133,129,7,121,14,6,96" hai2="2,86,62,46,43,67,104,4,135,69,125,97,82" hai3="34,109,114,77,94,58,101,128,26,49,25,27,79" shuffle="mt19937ar,CDC59B21,DF301F57,01FE0943,0218FA67,67916B1A,21ACAF5C,58578122,CDF947FA"/><T59/><D72/><U22/><E121/><V63/><F63/><W116/><G114/><T95/><D33/><U126/><E113/><V38/><F125/><W44/><G116/><T51/><D39/><U54/><E126/><V117/><F117/><W9/><G34/><T120/><D120/><U20/><E133/><V57/><F135/><W21/><G109/><T90/><D119/><U0/><E129/><V87/><F82/><W124/><G124/><T98/><D68/><U5/><E0/><V71/><F71/><W88/><G128/><T61/><D70/><U75/><E1/><V110/><F110/><W64/><G101/><T80/><D92/><N who="1" m="58759" /><E75/><V13/><F2/><W24/><G9/><T28/><D28/><U32/><E32/><V73/><F73/><W12/><G12/><T3/><D3/><U102/><E102/><V31/><F31/><N who="3" m="17807" /><G64/><T131/><D131/><U18/><E20/><V30/><F30/><W107/><G107/><T127/><D127/><U47/><AGARI ba="0,0" hai="5,6,7,14,18,22,40,42,47,48,54" m="58759" machi="47" ten="30,1100,0" yaku="8,1" doraHai="55" who="1" fromWho="1" sc="250,-5,250,11,250,-3,250,-3" /><INIT seed="1,0,0,1,4,45" ten="245,261,247,247" oya="1" hai0="71,34,69,52,134,44,114,36,87,108,104,16,0" hai1="74,107,93,19,68,28,83,116,5,103,26,40,27" hai2="30,72,85,7,126,118,22,13,24,29,3,119,65" hai3="123,130,81,110,133,129,21,94,25,84,58,10,121" shuffle="mt19937ar,87632DD6,FA24A1A7,9BF0BBAC,57BBBA70,525CAEC0,04B58FB0,F0A130AA,1FC91212"/><U57/><E68/><V66/><F72/><W135/><G10/><T18/><D34/><U78/><E116/><V2/><F85/><W115/><G58/><T61/><D0/><N who="2" m="42" /><F66/><W122/><G115/><T76/><D104/><U80/><E5/><V55/><F55/><W99/><G110/><T31/><D114/><U100/><E107/><V82/><F82/><W75/><G21/><T41/><D31/><N who="2" m="11786" /><F65/><W49/><G25/><T113/><D113/><U120/><E83/><V17/><F126/><W51/><G75/><T37/><D37/><U127/><E127/><V79/><F79/><N who="3" m="46143" /><G51/><T4/><D4/><U14/><E40/><V105/><F105/><W128/><G49/><T92/><D108/><U32/><E57/><V59/><F59/><W42/><G42/><T6/><D6/><U97/><E100/><AGARI ba="0,0" hai="94,99,100,121,122,123,128,129,130,133,135" m="46143" machi="100" ten="40,5200,0" yaku="19,1,34,2" doraHai="45" who="3" fromWho="1" sc="245,0,261,-52,247,0,247,52" /><INIT seed="2,0,0,0,0,18" ten="245,209,247,299" oya="2" hai0="70,103,115,42,65,114,38,83,79,127,110,98,66" hai1="117,28,41,126,116,77,62,90,20,135,50,76,101" hai2="97,64,73,49,32,58,81,6,63,105,11,31,27" hai3="130,111,1,21,24,2,16,129,35,94,87,37,14" shuffle="mt19937ar,F2BF053E,879A4238,6DA3B7EE,448A9075,E98D230B,6C4678D3,065E6A23,A13E457A"/><V74/><F49/><W15/><G37/><T93/><D127/><U128/><E101/><V84/><F97/><W120/><G120/><T122/><D122/><U54/><E126/><V109/><F105/><W7/><G111/><T107/><D110/><U112/><E112/><V95/><F95/><W25/><G94/><T39/><D93/><U51/><E128/><N who="3" m="49258" /><G87/><T40/><D65/><U26/><E135/><V108/><F108/><W30/><G7/><T121/><D121/><U113/><E113/><V33/><F33/><W13/><AGARI ba="0,0" hai="1,2,13,14,15,16,21,24,25,30,35" m="49258" machi="13" ten="30,8000,1" yaku="19,1,34,2,52,1,54,1" doraHai="18" who="3" fromWho="3" sc="245,-20,209,-20,247,-40,299,80" /><INIT seed="3,0,0,2,4,122" ten="225,189,207,379" oya="3" hai0="78,77,22,5,97,93,115,61,114,111,91,47,39" hai1="102,120,13,121,30,62,83,35,113,53,110,17,99" hai2="129,8,44,130,79,89,41,127,38,18,80,32,63" hai3="0,109,96,108,119,1,87,67,71,104,60,98,125" shuffle="mt19937ar,B8693DDE,1391A7C8,769910B5,4CF4C0BD,9215DC01,99B58C5B,0FED0775,5A19C98B"/><W123/><G87/><T19/><D111/><U69/><E113/><N who="0" m="43017" /><D5/><U33/><E110/><V68/><F32/><W64/><G96/><T76/><D61/><U4/><E4/><V101/><F101/><W37/><G64/><T36/><D47/><U27/><E35/><V31/><F31/><W107/><G125/><T72/><D72/><U54/><E83/><V58/><F68/><W131/><G131/><N who="2" m="50185" /><F127/><W128/><G128/><T3/><D3/><U15/><E15/><AGARI ba="0,0" hai="15,19,22,36,39,76,77,78,91,93,97" m="43017" machi="15" ten="30,1000,0" yaku="11,1" doraHai="122" who="0" fromWho="1" sc="225,10,189,-10,207,0,379,0" owari="235,-1,179,-22,207,-14,379,37" /></mjloggm>