<mjloggm ver="2.3"><GO type="185"/><UN n0="%E4%B8%89%E7%94%B0%E6%9D%91%E8%8C%9C" n1="%E4%B8%80%E6%9D%A1%E5%85%BC%E5%AE%9A%E2%99%AA" n2="%E3%81%A8%E3%81%8A%E3%82%8B%53%43%31" n3="" dan="17,16,16,0" rate="2171,2142,2084,1500" sx="F,M,M,C"/><TAIKYOKU oya="0"/><INIT seed="0,0,0,0,4,106" ten="350,350,350,0" oya="0" hai0="104,33,40,58,80,77,87,43,109,67,1,89,53" hai1="113,117,118,115,119,88,74,125,120,112,39,101,72" hai2="95,68,129,102,103,121,32,3,84,81,0,59,131" hai3="" shuffle="mt19937ar,9408E677,9FB1168A,5F89FB7F,B45A7F51,607C46C0,8408F63D,C55AF997,840613A7"/><T51/><D1/><U94/><E39/><V127/><N who="2" m="31008" /><V35/><F68/><T2/><D33/><N who="2" m="12874" /><F127/><T65/><D2/><N who="2" m="554" /><F59/><T57/><D104/><U132/><N who="1" m="30752" /><U105/><E132/><V128/><F95/><T54/><D109/><U111/><E111/><V97/><F97/><T114/><D114/><U50/><E50/><V96/><F96/><T70/><D70/><U85/><E125/><V83/><F84/><T71/><D71/><U133/><E133/><V73/><F73/><T69/><D69/><U66/><E66/><N who="0" m="25097" /><D89/><U107/><E107/><V110/><F110/><T92/><D92/><U42/><E42/><V75/><F75/><T122/><N who="0" m="31264" /><T100/><D100/><AGARI ba="0,0" hai="81,83,100,102,103,128,129,131" m="554,12874,31008" machi="100" ten="40,8000,1" yaku="28,2,19,1,52,1" doraHai="106" who="2" fromWho="0" sc="350,-80,350,0,350,80,0,0" /><INIT seed="1,0,0,5,2,131" ten="270,350,430,0" oya="1" hai0="63,96,59,54,107,88,50,74,71,75,108,82,121" hai1="65,102,122,39,135,37,124,79,86,116,40,109,51" hai2="119,123,98,53,34,115,95,111,61,60,103,91,48" hai3="" shuffle="mt19937ar,3702B3A0,0D5A13AD,87E4B1D6,1C0D63D1,B4DE1E3A,79CD56B3,4CA049D5,8425D3AC"/><U80/><N who="1" m="31264" /><U130/><E116/><V32/><N who="2" m="31520" /><V92/><F119/><T64/><N who="0" m="31008" /><T134/><D134/><U90/><E130/><V93/><F111/><T46/><D108/><U38/><E109/><V110/><F110/><T83/><D107/><U47/><E124/><V84/><F115/><T58/><D58/><U128/><E128/><V125/><F125/><T87/><D96/><U69/><E102/><V113/><F113/><T43/><REACH who="0" step="1"/><D83/><REACH who="0" step="2"/><U126/><E126/><V94/><F32/><T67/><D67/><U129/><E129/><V76/><F34/><T85/><D85/><U36/><E135/><V117/><F117/><T49/><AGARI ba="0,1" hai="43,46,49,50,54,59,63,64,71,74,75,82,87,88" m="31008" machi="49" ten="20,9000,2" yaku="1,1,0,1,7,1,52,1,54,1,53,1" doraHai="131" doraHaiUra="52" who="0" fromWho="0" sc="260,100,350,-60,430,-30,0,0" /><INIT seed="2,0,0,2,4,131" ten="360,290,400,0" oya="2" hai0="77,97,65,122,54,87,64,134,67,73,81,62,52" hai1="89,118,132,85,121,112,104,78,129,75,76,2,95" hai2="90,45,83,135,120,53,91,44,3,130,56,105,113" hai3="" shuffle="mt19937ar,9684790C,BB753502,8DCB351F,6F1DBDE8,0C86B202,14129224,C86CE741,C5C26BE8"/><V128/><N who="2" m="30752" /><V125/><F113/><T49/><N who="0" m="31264" /><T88/><D134/><U35/><N who="1" m="31008" /><U37/><E35/><V46/><F3/><T1/><D1/><U98/><E37/><V114/><F114/><T92/><D62/><U93/><E2/><V47/><F47/><T39/><D39/><U127/><E112/><V48/><F105/><T69/><D69/><U123/><N who="1" m="31520" /><U32/><E32/><V107/><F107/><T51/><D51/><U55/><E132/><V110/><F135/><T126/><D126/><U34/><E34/><V38/><F125/><T116/><D116/><U133/><E133/><V94/><F38/><T102/><REACH who="0" step="1"/><D49/><REACH who="0" step="2"/><U99/><E118/><V70/><F70/><T63/><D63/><U80/><E127/><V74/><F110/><T124/><D124/><U119/><E119/><V0/><F0/><T72/><D72/><U79/><E129/><V96/><REACH who="2" step="1"/><F74/><REACH who="2" step="2"/><T59/><D59/><U41/><E41/><V42/><F42/><T60/><D60/><U100/><REACH who="1" step="1"/><E55/><REACH who="1" step="2"/><V101/><F101/><AGARI ba="0,3" hai="75,76,78,79,80,85,89,93,95,98,99,100,101,104" m="31520,31008" machi="101" ten="30,32000,5" yaku="1,1,2,1,7,1,24,2,35,6,52,2,53,0" doraHai="131" doraHaiUra="57" who="1" fromWho="2" sc="350,0,280,350,390,-320,0,0" /><INIT seed="4,0,0,4,1,135" ten="350,630,70,0" oya="0" hai0="127,103,134,75,33,63,101,1,128,62,133,88,49" hai1="66,59,60,35,77,50,122,72,116,58,115,123,89" hai2="90,95,100,109,45,94,110,113,132,119,38,118,87" hai3="" shuffle="mt19937ar,A1F4A43F,C3075D76,0FB5CD35,C48EFBDD,3E8A6734,7558D9CA,16C97E6B,5AF30777"/><T37/><D1/><U104/><E104/><V102/><F38/><T46/><D33/><U107/><N who="1" m="31264" /><U83/><N who="1" m="31520" /><U92/><E107/><V55/><F45/><T0/><D37/><U86/><E35/><V130/><F55/><T39/><D0/><U48/><E115/><V81/><F132/><N who="0" m="50794" /><D39/><U129/><E129/><V40/><F40/><T82/><D128/><U69/><E116/><N who="2" m="44587" /><F130/><T3/><D3/><U53/><REACH who="1" step="1"/><E50/><REACH who="1" step="2"/><V106/><F113/><T43/><D49/><U125/><E125/><V80/><F106/><T67/><D127/><U65/><E65/><V42/><F42/><T47/><D67/><U96/><E96/><V111/><F102/><T2/><D43/><U74/><E74/><V112/><F112/><T91/><D101/><U56/><AGARI ba="0,1" hai="48,53,56,58,59,60,66,69,72,77,83,86,89,92" m="31520,31264" machi="56" ten="20,9000,2" yaku="1,1,0,1,7,1,52,2,53,1" doraHai="135" doraHaiUra="44" who="1" fromWho="1" sc="350,-60,620,100,70,-30,0,0" /><INIT seed="5,0,0,0,2,67" ten="290,720,40,0" oya="1" hai0="55,69,123,130,93,48,56,38,105,112,121,108,110" hai1="44,133,75,58,80,87,32,1,88,107,127,39,49" hai2="70,109,94,46,59,74,97,132,134,72,113,53,124" hai3="" shuffle="mt19937ar,79B3DD21,97F9296D,9C92EAB5,88056865,4684D18A,23DC941B,927A4533,E6802B17"/><U100/><E1/><V90/><F109/><T64/><N who="0" m="31008" /><T101/><N who="0" m="31520" /><T77/><D105/><U63/><E32/><V3/><F3/><T42/><D77/><U91/><E39/><V84/><F70/><T81/><D81/><U2/><E2/><V71/><F71/><T118/><D118/><U62/><E75/><V40/><F113/><T37/><D112/><U45/><E133/><N who="2" m="51307" /><F84/><T52/><D55/><U115/><E115/><V119/><F124/><T82/><D37/><U135/><E135/><V106/><F106/><T76/><D38/><U122/><N who="1" m="31264" /><U99/><E127/><V103/><F103/><T65/><D101/><U129/><E129/><V47/><F119/><T89/><D130/><U111/><E111/><V61/><F46/><T60/><D110/><U41/><E44/><V51/><AGARI ba="0,0" hai="40,47,51,53,59,61,72,74,90,94,97" m="51307" machi="51" ten="30,800,0" yaku="20,1" doraHai="67" who="2" fromWho="2" sc="290,-3,720,-5,40,8,0,0" /><INIT seed="6,0,0,1,4,83" ten="287,715,48,0" oya="2" hai0="1,117,32,102,61,49,64,81,55,75,113,70,91" hai1="82,122,65,38,104,34,58,112,135,86,121,72,99" hai2="48,67,60,131,125,129,85,42,73,127,35,118,62" hai3="" shuffle="mt19937ar,8F7BB681,82996D61,E9E0D207,3069981C,5D6C343C,32CE94BC,60E7A852,97827CDC"/><V45/><F73/><T39/><D117/><U110/><E58/><V69/><F35/><T101/><D39/><U103/><E65/><V97/><F97/><T54/><D1/><U111/><E38/><V78/><F118/><T66/><D113/><U124/><E34/><V98/><F98/><T106/><D106/><U120/><E112/><V90/><F78/><T109/><D64/><U57/><E57/><V114/><F62/><T37/><D37/><U33/><E33/><V84/><F114/><T89/><D32/><U88/><E124/><N who="2" m="47691" /><F90/><T43/><D91/><U134/><E72/><V87/><AGARI ba="0,0" hai="42,45,48,60,67,69,84,85,87,129,131" m="47691" machi="87" ten="40,8000,1" yaku="18,1,52,3" doraHai="83" who="2" fromWho="2" sc="287,-40,715,-40,48,80,0,0" /><INIT seed="6,1,0,5,0,128" ten="247,675,128,0" oya="2" hai0="75,56,109,105,114,3,132,42,124,121,95,33,80" hai1="111,50,52,103,74,82,38,113,43,46,67,81,86" hai2="106,69,51,77,84,53,68,78,72,93,91,37,66" hai3="" shuffle="mt19937ar,2A23FF78,ACE0E326,3638AE82,FB98B6E4,0D205B36,96EA80FE,7EF17686,7D9C14DB"/><V47/><F106/><T130/><D95/><U83/><E111/><V71/><F37/><T35/><D56/><U116/><E113/><V102/><F102/><T125/><D80/><U97/><E67/><V107/><F107/><T32/><D42/><U76/><E74/><V57/><REACH who="2" step="1"/><F72/><REACH who="2" step="2"/><T55/><N who="0" m="31008" /><T129/><D32/><U119/><E119/><V123/><N who="2" m="31520" /><V135/><F135/><T73/><D33/><U133/><E133/><V94/><F94/><T58/><D35/><U85/><E116/><V126/><F126/><T99/><D132/><U115/><E85/><V131/><F131/><T64/><D73/><U122/><N who="1" m="31264" /><U70/><E115/><V92/><F92/><T61/><D75/><U89/><E82/><V45/><F45/><T101/><D125/><U65/><E83/><V96/><F96/><T49/><D124/><U100/><E97/><V90/><F90/><T108/><D114/><U2/><E89/><V36/><F36/><T0/><D129/><U59/><E103/><V118/><F118/><T40/><D130/><U88/><E100/><V112/><F112/><T87/><D109/><U110/><E88/><V79/><F79/><T48/><D108/><U120/><N who="1" m="30752" /><U62/><E110/><RYUUKYOKU ba="1,1" sc="247,-20,675,10,118,10,0,0" hai1="2,38,43,46,50,52,59,62,65,70,76,81,86" hai2="47,51,53,57,66,68,69,71,77,78,84,91,93" /><INIT seed="6,2,1,1,5,92" ten="227,685,128,0" oya="2" hai0="60,106,56,49,118,132,34,64,105,38,97,72,36" hai1="111,116,77,44,51,39,46,65,98,123,87,117,108" hai2="71,73,74,57,89,126,35,125,58,45,95,79,99" hai3="" shuffle="mt19937ar,67A0C42F,01D763B2,CFCCB722,F42AEB80,F465DAF6,75F1F843,BEC3B7AA,2F7774F6"/><V112/><F71/><T52/><D118/><N who="1" m="45675" /><E65/><V114/><F35/><T2/><D34/><U86/><N who="1" m="31520" /><U33/><E33/><V37/><F37/><T61/><D2/><U107/><E39/><V55/><F45/><N who="1" m="17513" /><E51/><V124/><F58/><T122/><N who="0" m="31264" /><T103/><D72/><N who="2" m="27754" /><F79/><T131/><D131/><U113/><E113/><V70/><F70/><T62/><D132/><U91/><E77/><V78/><F78/><T96/><D64/><U69/><E69/><V128/><F128/><T59/><D59/><U134/><E134/><V75/><N who="2" m="27762" /><V50/><AGARI ba="2,1" hai="50,55,57,89,95,99,112,114,124,125,126" m="27762" machi="50" ten="50,6400,0" yaku="4,1,18,1,52,1" doraHai="92" who="2" fromWho="2" sc="227,-34,685,-34,128,78,0,0" /><INIT seed="6,3,0,5,2,66" ten="193,651,206,0" oya="2" hai0="78,42,118,79,40,68,97,43,92,101,1,125,121" hai1="123,110,130,100,61,120,111,2,81,53,47,63,60" hai2="58,54,45,46,127,65,83,80,104,117,124,88,44" hai3="" shuffle="mt19937ar,5357D965,61A6B87C,F8E2A4C7,BF5FED31,46B85793,E95C72C4,FDCA72C9,CAA00577"/><V109/><F104/><T94/><N who="0" m="31008" /><T115/><D1/><U3/><E100/><V102/><F102/><T35/><D35/><U113/><E81/><V116/><F65/><T64/><D118/><N who="2" m="45674" /><F109/><T114/><D125/><N who="2" m="48202" /><F88/><T59/><D59/><U126/><E126/><V36/><F36/><T77/><REACH who="0" step="1"/><D94/><REACH who="0" step="2"/><U133/><E110/><V75/><F75/><T50/><D50/><AGARI ba="3,1" hai="44,45,46,50,54,58,80,83" m="48202,45674" machi="50" ten="40,2000,0" yaku="18,1" doraHai="66" who="2" fromWho="0" sc="183,-26,651,0,206,36,0,0" /><INIT seed="6,4,0,2,3,46" ten="157,651,242,0" oya="2" hai0="37,79,66,60,80,133,95,129,111,87,86,84,48" hai1="91,115,131,42,1,102,88,100,58,57,116,72,77" hai2="44,39,112,34,96,51,123,104,89,40,41,110,38" hai3="" shuffle="mt19937ar,FE2D526F,B6E7DEB8,51117F7D,05D65F1E,0E366AC0,5AB3121C,CA603CA4,63E53A29"/><V81/><N who="2" m="31520" /><V121/><N who="2" m="31008" /><V113/><F34/><T56/><D37/><U69/><E42/><V85/><F110/><T71/><D111/><U62/><E62/><V107/><F107/><T127/><D133/><U99/><E77/><V47/><F51/><T76/><D127/><U32/><E58/><V109/><F109/><T120/><N who="0" m="30752" /><T50/><D129/><U65/><E57/><V94/><REACH who="2" step="1"/><F104/><REACH who="2" step="2"/><T53/><D48/><U126/><E32/><V82/><F82/><T117/><D117/><U3/><E116/><V0/><F0/><T43/><D43/><U45/><E3/><V83/><F83/><T124/><D124/><U52/><E1/><V68/><F68/><T49/><D80/><U70/><E126/><V108/><F108/><T61/><D49/><U64/><E69/><V105/><F105/><T134/><D134/><U92/><E70/><V132/><F132/><T63/><REACH who="0" step="1"/><D95/><REACH who="0" step="2"/><U90/><E92/><V106/><F106/><T125/><D125/><U73/><E45/><V35/><F35/><T114/><D114/><U55/><E115/><V122/><N who="2" m="31264" /><V2/><F2/><T98/><D98/><U59/><E99/><V135/><F135/><T130/><D130/><U78/><E131/><RYUUKYOKU ba="4,2" sc="147,10,651,-20,232,10,0,0" hai0="50,53,56,60,61,63,66,71,76,79,84,86,87" hai2="38,39,40,41,44,47,81,85,89,94,96,112,113" /><INIT seed="6,5,2,3,3,82" ten="157,631,242,0" oya="2" hai0="42,51,94,45,98,116,78,53,87,101,70,132,37" hai1="72,47,33,77,97,35,69,112,40,48,89,88,103" hai2="104,39,38,109,3,121,61,34,81,135,74,73,67" hai3="" shuffle="mt19937ar,5F45A8E9,A26C5146,B62771C5,F7B0213E,96BC7EEE,0E9A93D8,94CA54A6,0223975E"/><V119/><RYUUKYOKU type="yao9" ba="5,2" sc="157,0,631,0,242,0,0,0" hai2="3,34,38,39,61,67,73,74,81,104,109,119,121,135" /><INIT seed="6,6,2,5,1,3" ten="157,631,242,0" oya="2" hai0="82,80,56,93,0,109,99,125,54,62,124,105,2" hai1="66,37,122,75,97,116,73,102,101,130,43,36,81" hai2="108,110,40,100,89,86,135,96,50,1,74,134,60" hai3="" shuffle="mt19937ar,64861084,C2BBBEA6,674CE9B3,5110B847,7BC87606,7CF221CE,B5E09E71,ADE0640A"/><V57/><F74/><T98/><D109/><N who="2" m="42090" /><F1/><T39/><D39/><U68/><N who="1" m="31264" /><U113/><E102/><V88/><F40/><T128/><D0/><U118/><E113/><V45/><F45/><T48/><D2/><U59/><E59/><V77/><F77/><T126/><D128/><U94/><E130/><V55/><F60/><T129/><D129/><U91/><E101/><V76/><F76/><T106/><D99/><U44/><E36/><V63/><F63/><T90/><REACH who="0" step="1"/><D62/><REACH who="0" step="2"/><U42/><E68/><V85/><F85/><T35/><D35/><U38/><E66/><V107/><F86/><T119/><D119/><N who="1" m="45611" /><E81/><V120/><N who="2" m="30752" /><V51/><F51/><T127/><N who="0" m="31744" /><DORA hai="83" /><T41/><D41/><U121/><N who="1" m="31008" /><U123/><N who="1" m="31520" /><U70/><E70/><V32/><F32/><T103/><D103/><U112/><E112/><V52/><F55/><T92/><D92/><U104/><E104/><V132/><AGARI ba="6,3" hai="50,52,57,88,89,96,100,107,132,134,135" m="30752,42090" machi="132" ten="40,8000,1" yaku="20,1,10,1,52,1,54,2" doraHai="3,83" who="2" fromWho="2" sc="147,-46,631,-46,242,122,0,0" /><INIT seed="6,7,0,3,2,112" ten="101,585,364,0" oya="2" hai0="53,70,104,57,132,67,89,111,127,126,38,99,64" hai1="71,66,63,131,72,83,110,120,92,42,78,87,62" hai2="105,88,48,60,96,40,100,118,102,59,0,109,103" hai3="" shuffle="mt19937ar,11D56DA9,44C927CD,9B45E6A3,B832E81E,AE767206,68862E2C,9F002146,647BE3DD"/><V75/><F0/><T122/><D53/><U74/><N who="1" m="30752" /><U135/><E110/><V76/><F118/><T93/><D57/><U94/><E135/><V47/><F109/><T43/><D64/><U108/><E108/><V121/><N who="2" m="31008" /><V114/><F114/><T90/><D43/><U125/><E125/><V56/><F56/><T50/><D67/><U119/><E119/><V117/><F117/><T98/><D50/><U35/><E35/><V55/><F75/><T84/><D90/><U97/><E131/><V2/><F76/><T41/><D89/><U69/><E42/><V52/><F2/><T134/><D41/><U101/><E94/><V58/><F88/><T82/><D93/><U49/><E49/><AGARI ba="7,0" hai="40,47,48,49,52,55,58,59,60,96,100,102,103,105" m="31008" machi="49" ten="30,5800,0" yaku="7,1,52,1,54,1" doraHai="112" who="2" fromWho="1" sc="101,0,585,-72,364,72,0,0" /><INIT seed="6,8,0,4,4,34" ten="101,513,436,0" oya="2" hai0="111,73,129,0,115,99,134,67,127,95,105,106,50" hai1="133,98,60,66,2,107,90,3,131,113,68,116,85" hai2="97,36,32,72,114,47,101,104,56,94,44,43,118" hai3="" shuffle="mt19937ar,D4CB6CDF,721A5F78,39590907,7C23D3A1,FD6E14CC,20420091,47455EE9,0CABD844"/><V33/><F118/><T103/><D95/><U80/><E116/><V120/><N who="2" m="30752" /><V79/><F114/><T54/><D99/><U77/><E113/><V96/><F47/><T64/><D103/><U108/><E108/><V124/><F124/><T65/><D64/><U42/><E133/><V89/><REACH who="2" step="1"/><F56/><REACH who="2" step="2"/><T49/><D127/><U75/><E131/><V110/><F110/><T93/><D129/><U126/><E42/><V119/><F119/><T39/><D111/><U70/><E126/><V76/><F76/><T92/><D115/><U40/><E70/><V84/><F84/><T132/><D134/><U112/><E40/><V41/><F41/><T135/><D132/><U86/><E112/><V62/><F62/><T35/><D135/><U87/><REACH who="1" step="1"/><E90/><REACH who="1" step="2"/><V61/><F61/><T125/><D35/><U78/><E78/><V63/><F63/><T123/><D125/><U38/><E38/><V45/><F45/><T82/><D123/><U117/><E117/><V59/><F59/><T1/><D39/><U128/><E128/><V57/><F57/><T51/><D73/><U88/><E88/><V109/><F109/><T69/><D69/><U122/><N who="1" m="31264" /><U74/><E74/><V130/><F130/><T55/><D67/><RYUUKYOKU ba="8,2" sc="101,-20,503,10,426,10,0,0" hai1="2,3,60,66,68,75,77,80,85,86,87,98,107" hai2="32,33,36,43,44,72,79,89,94,96,97,101,104" /><INIT seed="6,9,2,2,3,114" ten="81,513,436,0" oya="2" hai0="34,125,55,86,116,3,91,121,92,85,103,2,37" hai1="127,96,60,39,51,95,109,132,56,87,113,80,120" hai2="58,101,98,82,119,135,107,89,47,52,126,54,122" hai3="" shuffle="mt19937ar,A9EB826B,186ACA2B,D683AA2A,0E3E99EC,F7F9915D,4B394C91,04446B54,F3592164"/><V77/><N who="2" m="31264" /><V41/><F119/><T93/><D85/><U49/><N who="1" m="30752" /><U74/><E39/><V115/><F115/><T40/><D86/><U67/><E113/><V111/><F135/><T124/><D92/><U38/><E109/><V68/><F68/><T99/><D93/><U57/><E132/><V46/><F111/><T64/><D99/><U71/><E38/><V133/><F133/><T76/><D103/><U45/><E127/><V66/><F126/><T84/><D76/><U90/><E74/><V79/><F89/><T73/><D91/><U43/><E49/><V65/><F54/><T0/><D55/><U63/><E63/><V105/><F105/><T88/><D88/><AGARI ba="9,2" hai="43,45,51,56,57,60,67,71,80,87,88,90,95,96" m="30752" machi="88" ten="30,3900,0" yaku="7,1,52,1,54,1" doraHai="114" who="1" fromWho="0" sc="81,-57,513,77,436,0,0,0" owari="24,-58,590,54,436,4,0,0" /></mjloggm>