<mjloggm ver="2.3"><GO type="225"/><UN n0="%E3%83%80%E3%83%A0%E3%83%9E%E3%83%8B%E3%82%A2" n1="%23%37%34%E5%A4%A7%E6%B2%BB%E9%83%8E" n2="%E3%83%9C%E3%83%84" n3="%E3%82%AF%E3%83%AB%E3%83%AB%E2%98%86" dan="16,16,16,16" rate="2107,2061,2048,2059" sx="M,M,M,F"/><TAIKYOKU oya="0"/><INIT seed="0,0,0,3,1,28" ten="250,250,250,250" oya="0" hai0="82,80,104,132,44,115,120,57,123,61,11,16,79" hai1="31,37,91,45,83,23,129,21,59,74,33,99,12" hai2="3,24,63,6,13,1,100,109,117,93,92,106,95" hai3="66,72,121,41,19,116,51,85,113,36,40,71,87" shuffle="mt19937ar,C21AA896,354BD763,A786ADFB,8910B234,A3E6B625,0D1C49C6,6DA7F797,FA976C88"/><T94/><D104/><U125/><E129/><V39/><F109/><W130/><G72/><T69/><D115/><U73/><E125/><V5/><F39/><W101/><G36/><T76/><D69/><U32/><E59/><V42/><F42/><W17/><G113/><T108/><D132/><U50/><E37/><V25/><F117/><W124/><G116/><T2/><D108/><U114/><E114/><V84/><F63/><W60/><G101/><T103/><D44/><U47/><E31/><V128/><F128/><W55/><G130/><T26/><D2/><U14/><E50/><V127/><F84/><W77/><G124/><T89/><D103/><U62/><E62/><V9/><F127/><W0/><G0/><T34/><D34/><U46/><E99/><V81/><F81/><N who="0" m="31338" /><D123/><U78/><E83/><V133/><F133/><W86/><G77/><T54/><D120/><U35/><E91/><V90/><F90/><W10/><G121/><T102/><D102/><U49/><E49/><V75/><F75/><N who="1" m="28681" /><E78/><V29/><F1/><W64/><G64/><T7/><D7/><U48/><E48/><V131/><F6/><W134/><G134/><T122/><D122/><U96/><E96/><N who="2" m="61703" /><F3/><W107/><G107/><T38/><D38/><U43/><E43/><V20/><F131/><W58/><G10/><T88/><D89/><U110/><E110/><V67/><F67/><W119/><G119/><T111/><D111/><U68/><E68/><V27/><F5/><W30/><G30/><T18/><D11/><U126/><E126/><V65/><F65/><W56/><G71/><RYUUKYOKU ba="0,0" sc="250,-30,250,10,250,10,250,10" hai1="12,14,21,23,32,33,35,45,46,47" hai2="9,13,20,24,25,27,29,92,93,95" hai3="17,19,40,41,51,55,56,58,60,66,85,86,87" /><INIT seed="1,1,0,1,0,97" ten="220,260,260,260" oya="1" hai0="58,50,115,23,129,25,120,86,133,39,62,7,47" hai1="72,77,135,64,22,68,83,60,126,53,107,19,123" hai2="119,54,110,35,131,11,104,127,45,113,121,33,37" hai3="13,124,74,99,90,130,93,4,117,49,18,96,21" shuffle="mt19937ar,D2281C6A,3997F739,F2C2C099,B61A9ACE,BDFE61A6,C8047D5C,9ADB318A,6289CBFC"/><U65/><E123/><V1/><F54/><W48/><G74/><T87/><D39/><U6/><E135/><V95/><F95/><W132/><G132/><T30/><D115/><U102/><E126/><V40/><F11/><W67/><G124/><T108/><D133/><U88/><E6/><V84/><F84/><W10/><G130/><T8/><D120/><U85/><E65/><V5/><F5/><W20/><G117/><T125/><D129/><U52/><E107/><V134/><F45/><W94/><G67/><T29/><D29/><U55/><E102/><V71/><F40/><W51/><REACH who="3" step="1"/><G4/><REACH who="3" step="2"/><T112/><D112/><U82/><REACH who="1" step="1"/><E55/><REACH who="1" step="2"/><V0/><F0/><W9/><G9/><T56/><D125/><U57/><E57/><V3/><F1/><W24/><G24/><AGARI ba="1,2" hai="19,22,24,52,53,60,64,68,72,77,82,83,85,88" machi="24" ten="30,12000,1" yaku="1,1,7,1,54,2,53,1" doraHai="97" doraHaiUra="63" who="1" fromWho="3" sc="220,0,250,143,260,0,250,-123" /><INIT seed="1,2,0,4,0,9" ten="220,393,260,127" oya="1" hai0="82,62,92,119,16,130,69,122,109,42,98,64,131" hai1="51,71,61,40,57,68,6,89,45,48,121,126,107" hai2="32,118,135,14,96,85,46,12,124,94,97,24,117" hai3="113,75,58,43,127,80,128,91,59,1,29,4,63" shuffle="mt19937ar,732D3C65,9687ABB6,682B8317,EE26A25F,EEE4E268,4DEAE071,B1BA342B,1B35E5B6"/><U115/><E107/><V86/><F135/><W49/><G113/><T13/><D119/><U22/><E115/><V66/><F124/><W77/><G127/><T83/><D42/><U47/><E126/><V110/><F66/><W108/><G108/><T120/><D109/><U34/><E34/><V0/><F0/><W3/><G128/><N who="0" m="49195" /><D92/><U27/><E6/><V73/><F110/><W81/><G29/><T125/><D98/><U76/><E76/><V33/><F24/><W50/><G50/><T53/><D53/><U10/><E10/><V11/><F11/><W99/><G4/><T114/><D114/><U88/><E121/><N who="0" m="46697" /><D125/><U70/><E48/><V39/><F94/><W36/><G36/><T129/><D129/><U60/><E47/><V37/><F73/><W78/><G99/><T56/><D56/><U102/><E102/><V52/><F52/><W72/><G91/><T67/><D67/><U65/><REACH who="1" step="1"/><E60/><REACH who="1" step="2"/><V21/><F21/><AGARI ba="2,1" hai="13,16,21,62,64,69,82,83" m="46697,49195" machi="21" ten="30,7700,0" yaku="19,1,13,1,52,1,54,1" doraHai="9" who="0" fromWho="2" sc="220,93,383,0,260,-83,127,0" /><INIT seed="2,0,0,3,5,55" ten="313,383,177,127" oya="2" hai0="17,43,102,11,103,129,74,59,57,93,85,116,105" hai1="128,90,47,13,18,96,115,49,3,98,101,132,71" hai2="110,25,67,1,83,22,63,32,21,33,111,73,28" hai3="135,78,62,66,70,100,0,26,6,2,134,106,91" shuffle="mt19937ar,8D1FC903,CC68A023,EED1F796,2817FC34,509EE03B,257067E9,62F97425,0F85156B"/><V80/><F1/><W56/><G78/><T120/><D74/><U8/><E115/><V84/><F32/><W61/><G100/><N who="0" m="38443" /><D105/><U75/><E75/><V109/><F73/><W20/><G106/><T65/><D120/><U114/><E114/><V125/><F125/><W131/><G131/><T16/><D65/><U121/><E71/><V24/><F24/><W118/><G118/><T38/><D38/><U36/><E36/><V107/><F107/><W68/><G68/><T7/><D43/><U14/><E3/><V37/><F37/><W58/><G91/><N who="0" m="53487" /><D129/><U4/><E128/><V23/><REACH who="2" step="1"/><F84/><REACH who="2" step="2"/><W92/><G92/><T29/><D116/><U19/><E121/><V10/><F10/><W123/><G123/><T27/><D11/><U54/><E8/><V40/><F40/><W97/><G97/><T108/><D108/><U35/><E98/><V119/><F119/><W124/><G124/><T69/><D69/><AGARI ba="0,1" hai="21,22,23,25,28,33,63,67,69,80,83,109,110,111" machi="69" ten="50,9600,0" yaku="1,1,14,1,10,1,53,0" doraHai="55" doraHaiUra="112" who="2" fromWho="0" sc="313,-96,383,0,167,106,127,0" /><INIT seed="2,1,0,0,0,132" ten="217,383,273,127" oya="2" hai0="128,70,74,26,91,114,4,14,47,17,124,13,79" hai1="16,131,31,93,51,77,64,102,30,68,111,134,133" hai2="97,92,87,101,125,12,115,43,60,120,116,100,75" hai3="52,82,105,104,65,5,109,61,3,35,88,63,32" shuffle="mt19937ar,AB71E0C3,2C63B14A,7BB1FEB6,627E929F,D6D22E63,BEF1D97D,6FC0D68E,8B7D4A39"/><V72/><F120/><W37/><G37/><T15/><D70/><U28/><E111/><V56/><F116/><W27/><G109/><T76/><D114/><U107/><E107/><V62/><F115/><W33/><G5/><T117/><D117/><U127/><E77/><N who="0" m="29769" /><D74/><U122/><E122/><V123/><F123/><W8/><G8/><T36/><D36/><U45/><E131/><V85/><F43/><W71/><G3/><T10/><D10/><U19/><E68/><V55/><F12/><W1/><G1/><T50/><D128/><U84/><E64/><V0/><F0/><W46/><G27/><T54/><D4/><U108/><E108/><V40/><F40/><W11/><G11/><T25/><D17/><U73/><E73/><V34/><F34/><W42/><G42/><T83/><D124/><U98/><E84/><AGARI ba="1,0" hai="13,14,15,25,26,47,50,54,83,84,91" m="29769" machi="84" ten="30,1000,0" yaku="8,1" doraHai="132" who="0" fromWho="1" sc="217,13,383,-13,273,0,127,0" /><INIT seed="3,0,0,3,1,95" ten="230,370,273,127" oya="3" hai0="28,105,48,12,94,119,132,55,41,8,129,81,0" hai1="56,34,14,38,74,60,114,29,121,75,45,47,76" hai2="61,130,84,18,107,116,99,117,86,42,96,127,33" hai3="58,125,51,87,39,3,44,26,70,91,65,109,68" shuffle="mt19937ar,5C899F7A,EDC77946,5C11C7CF,4EF73986,0B69C8F3,36B09510,47DC3D28,1EB093F3"/><W6/><G39/><T57/><D105/><U5/><E114/><V23/><F33/><W1/><G125/><T98/><D0/><U50/><E121/><V79/><F107/><W72/><G72/><T7/><D119/><U59/><E38/><V20/><F127/><W24/><G70/><T13/><D132/><U22/><E34/><V69/><F130/><W78/><G68/><T10/><D129/><U128/><E128/><V110/><F110/><W133/><G78/><T17/><D28/><U63/><E76/><V92/><F42/><W131/><G131/><T16/><D41/><U35/><E35/><V46/><F46/><W101/><G133/><T111/><D111/><U67/><E75/><V73/><F69/><W113/><G113/><T100/><D81/><U52/><E74/><V36/><F73/><W11/><G3/><T120/><D120/><U19/><E29/><V104/><F61/><W54/><G109/><T53/><D53/><U126/><E126/><V135/><F36/><W134/><G134/><T90/><D100/><U40/><E47/><V21/><F135/><W118/><G118/><T77/><D77/><U43/><E5/><AGARI ba="0,0" hai="5,7,8,10,12,13,16,17,48,55,57,90,94,98" machi="5" ten="30,8000,1" yaku="7,1,9,1,8,1,52,1,54,1" doraHai="95" who="0" fromWho="1" sc="230,80,370,-80,273,0,127,0" owari="310,31,290,4,273,-8,127,-27" /></mjloggm>