<mjloggm ver="2.3"><GO type="225"/><UN n0="%E6%9C%80%E9%80%9F%E3%82%AF%E3%83%B3%E2%99%AA" n1="%E3%82%88%E3%81%A3%E3%81%A1" n2="%E6%9C%A7%E5%A4%8F%E6%9C%88" n3="%E9%9B%81%E7%BA%8F" dan="16,16,17,16" rate="2075,2073,2140,2069" sx="M,M,M,M"/><TAIKYOKU oya="0"/><INIT seed="0,0,0,2,2,63" ten="250,250,250,250" oya="0" hai0="101,21,117,120,51,122,109,25,32,27,78,70,90" hai1="61,60,53,132,83,99,115,57,12,52,41,86,42" hai2="15,113,111,48,77,31,30,50,72,98,131,9,36" hai3="108,102,37,58,123,110,116,10,79,124,54,49,107" shuffle="mt19937ar,3B001186,8884476B,9A76FFC6,0396D25D,FE534C1C,7E9B4495,D1CC4C1E,F6C7666A"/><T69/><D117/><U34/><E34/><V85/><F36/><W112/><G116/><T94/><D101/><U125/><E115/><V16/><F113/><W71/><G112/><T76/><D32/><U118/><E118/><V121/><F121/><W5/><G37/><T7/><D7/><U74/><E74/><V14/><F72/><W97/><G123/><T82/><D51/><N who="2" m="19498" /><F111/><N who="3" m="42539" /><G71/><T134/><D109/><U11/><E125/><V8/><F98/><W130/><G130/><T105/><D105/><U81/><E99/><V33/><F33/><W44/><G79/><T62/><D82/><U93/><E132/><V17/><F131/><W104/><G124/><T4/><D134/><U2/><E2/><V46/><F46/><W73/><G73/><T68/><D4/><U91/><E53/><V129/><F129/><W75/><G75/><T26/><D62/><U103/><E60/><V38/><F38/><W55/><G107/><T18/><D78/><U64/><E103/><V0/><F0/><N who="3" m="295" /><G58/><T29/><D76/><U65/><E83/><AGARI ba="0,0" hai="8,9,14,15,16,17,30,31,77,83,85" m="19498" machi="83" ten="30,2000,0" yaku="8,1,54,1" doraHai="63" who="2" fromWho="1" sc="250,0,250,-20,250,20,250,0" /><INIT seed="1,0,0,2,3,3" ten="250,230,270,250" oya="1" hai0="70,11,67,123,21,89,129,47,12,71,116,8,34" hai1="65,48,25,82,24,76,135,16,58,110,86,40,111" hai2="100,120,112,52,128,79,36,37,66,94,127,43,118" hai3="126,77,22,42,121,114,9,26,90,46,23,33,51" shuffle="mt19937ar,F42C29D8,4D05D724,22F436AF,F6651079,996FDC43,3D183745,4B9C60EB,D64B5419"/><U41/><E135/><V78/><F118/><W35/><G114/><T84/><D116/><U107/><E107/><V27/><F120/><W125/><G77/><T68/><D34/><U18/><E65/><V30/><F127/><N who="3" m="48651" /><G121/><T28/><D67/><U17/><E58/><V134/><F134/><W117/><G117/><T95/><D123/><U75/><E75/><V5/><F66/><W122/><G122/><T13/><D129/><U133/><E133/><V91/><F100/><W29/><G23/><T1/><D1/><U74/><E74/><V87/><F128/><W2/><G90/><T61/><D61/><U124/><E124/><V115/><F43/><N who="1" m="16457" /><E48/><V109/><F109/><AGARI ba="0,0" hai="16,17,18,24,25,76,82,86,109,110,111" m="16457" machi="109" ten="30,5800,0" yaku="14,1,10,1,54,1" doraHai="3" who="1" fromWho="2" sc="250,0,230,58,270,-58,250,0" /><INIT seed="1,1,0,0,0,42" ten="250,288,212,250" oya="1" hai0="22,52,5,45,12,34,119,76,88,94,69,126,67" hai1="74,61,21,77,78,20,59,124,116,0,84,65,114" hai2="15,11,57,113,108,104,55,99,33,86,125,79,134" hai3="91,36,121,72,23,62,41,14,89,8,46,71,96" shuffle="mt19937ar,4F4605C4,D033C7C2,4FDEAF8A,6CDC7A7F,5AE2B4F0,A662401B,6FA55760,92E7964B"/><U44/><E0/><V132/><F33/><W131/><G121/><T128/><D119/><U95/><E74/><V133/><F108/><W68/><G72/><T4/><D34/><U81/><E116/><V117/><F117/><W24/><G131/><T107/><D107/><U73/><E114/><V3/><F3/><W127/><G127/><T115/><D115/><U98/><E124/><V49/><F125/><W92/><G62/><T1/><D1/><U110/><E110/><V54/><F113/><W2/><G2/><T35/><D35/><U47/><E77/><V13/><F11/><W100/><G71/><T39/><D126/><U58/><E58/><V82/><REACH who="2" step="1"/><F55/><REACH who="2" step="2"/><W6/><REACH who="3" step="1"/><G68/><REACH who="3" step="2"/><T31/><D69/><U18/><E73/><V64/><F64/><W50/><G50/><N who="0" m="28751" /><D67/><U83/><E20/><V70/><F70/><W123/><G123/><T32/><D32/><U29/><E21/><V37/><F37/><W129/><G129/><T26/><D39/><U111/><E111/><V106/><F106/><W101/><G101/><AGARI ba="1,2" hai="13,15,49,54,57,79,82,86,99,101,104,132,133,134" machi="101" ten="40,5200,0" yaku="1,1,20,1,53,1" doraHai="42" doraHaiUra="93" who="2" fromWho="3" sc="250,0,288,0,202,75,240,-55" /><INIT seed="2,0,0,5,0,46" ten="250,288,277,185" oya="2" hai0="89,29,7,80,104,83,22,44,43,125,1,111,88" hai1="91,40,103,124,52,37,58,59,42,47,6,65,61" hai2="62,130,28,131,63,133,51,77,3,49,76,48,106" hai3="26,57,94,19,96,123,14,109,110,121,24,81,92" shuffle="mt19937ar,3993C7B0,F287B738,40870A80,D39240CD,A18B67E0,C2EDFD4E,06C76F4F,3BEBFF72"/><V45/><F3/><W122/><G57/><T100/><D104/><U134/><E103/><V5/><F106/><W135/><G81/><T86/><D100/><U97/><E6/><V4/><F133/><W60/><G60/><N who="2" m="23081" /><F28/><W18/><G96/><T54/><D111/><N who="3" m="42505" /><G135/><T17/><D125/><U126/><E134/><V67/><F67/><W11/><G94/><T107/><D107/><U10/><E10/><V71/><F71/><W56/><G56/><T39/><D29/><U35/><E35/><V16/><F45/><W25/><G92/><T64/><D64/><U108/><E108/><V85/><F16/><AGARI ba="0,0" hai="11,14,16,18,19,24,25,26,121,122,123" m="42505" machi="16" ten="40,8000,1" yaku="14,1,34,2,54,1" doraHai="46" who="3" fromWho="2" sc="250,0,288,0,277,-80,185,80" /><INIT seed="3,0,0,4,2,120" ten="250,288,197,265" oya="3" hai0="18,122,34,1,125,105,41,77,21,10,9,100,70" hai1="45,6,85,52,130,72,63,59,2,76,117,16,67" hai2="15,135,62,81,102,127,92,89,103,20,51,79,4" hai3="14,11,60,93,78,53,55,131,3,33,111,8,114" shuffle="mt19937ar,9F340F91,3EA047F8,B4795AED,E8C61C06,9AC92A80,AD628297,E5394A6F,5DFFBAC4"/><W65/><G33/><T17/><D122/><U121/><E72/><V64/><F135/><W95/><G114/><T109/><D34/><U134/><E121/><V129/><F129/><W48/><G78/><T39/><D70/><U23/><E130/><V30/><F127/><W25/><G131/><T124/><D77/><U80/><E134/><V69/><F51/><W87/><G3/><T84/><D84/><U26/><E117/><V28/><F4/><W101/><G25/><N who="0" m="14511" /><D1/><U73/><E2/><V132/><F132/><W71/><G8/><T13/><D105/><U110/><E110/><V99/><F28/><W47/><G111/><T57/><D100/><U90/><E6/><V128/><F128/><W118/><G118/><T116/><D116/><U7/><E7/><V46/><F46/><W133/><G133/><T29/><D29/><U66/><E45/><V86/><REACH who="2" step="1"/><F30/><REACH who="2" step="2"/><W50/><G50/><T115/><D125/><U96/><E73/><V38/><F38/><W12/><G48/><T54/><D39/><U43/><E43/><V107/><F107/><W37/><G47/><T98/><D41/><U126/><E126/><V42/><F42/><W112/><G37/><T123/><D124/><U35/><E35/><V49/><F49/><W94/><G112/><T119/><D115/><U75/><E75/><V91/><F91/><W83/><G101/><T61/><D123/><U22/><E22/><V113/><F113/><W68/><G11/><N who="0" m="6463" /><D119/><U82/><E82/><V27/><F27/><W106/><G106/><T32/><D9/><U44/><E44/><V58/><F58/><RYUUKYOKU ba="0,1" sc="250,-15,288,15,187,15,265,-15" hai1="16,23,26,52,59,63,66,67,76,80,85,90,96" hai2="15,20,62,64,69,79,81,86,89,92,99,102,103" owari="235,-11,313,31,202,-20,250,0" /></mjloggm>