<mjloggm ver="2.3"><GO type="225"/><UN n0="%E5%88%BB%E5%AD%90%E5%B8%82%E6%B0%91" n1="%E3%82%AF%E3%83%AB%E3%83%AB%E2%98%86" n2="%E3%83%81%E3%83%A3%E3%82%AA%E3%83%AA" n3="%E3%82%88%E3%81%A3%E3%81%A1" dan="17,16,17,16" rate="2118,2042,2178,2071" sx="M,F,M,M"/><TAIKYOKU oya="0"/><INIT seed="0,0,0,1,4,37" ten="250,250,250,250" oya="0" hai0="74,129,90,25,3,81,16,52,40,32,30,31,124" hai1="115,28,73,22,38,92,102,62,6,69,107,54,18" hai2="76,67,55,10,122,96,17,106,27,20,4,53,117" hai3="47,100,13,9,21,46,61,116,114,51,45,126,41" shuffle="mt19937ar,D3776D91,3075BFAE,1D58BB6F,63975B7D,357D4DEE,B47FC583,FB2C9BF3,ABC0B5D2"/><T0/><D31/><U39/><E107/><V101/><F122/><W34/><G34/><T133/><D133/><U57/><E73/><V15/><F117/><W8/><G116/><T14/><D129/><U110/><E28/><V97/><F76/><W85/><G114/><T36/><D124/><U113/><E6/><V84/><F96/><W132/><G132/><T135/><D135/><U24/><E110/><V105/><F105/><W91/><G100/><T120/><D120/><U78/><E78/><V63/><REACH who="2" step="1"/><F84/><REACH who="2" step="2"/><W104/><G104/><T88/><D74/><U66/><E115/><V121/><F121/><W7/><G126/><T72/><D72/><U109/><E113/><V1/><F1/><W2/><G2/><T12/><D3/><U134/><E134/><V43/><F43/><W119/><G119/><T111/><D0/><U99/><REACH who="1" step="1"/><E109/><REACH who="1" step="2"/><V103/><F103/><W65/><G91/><T75/><D111/><U131/><E131/><V128/><F128/><W59/><G85/><T64/><D75/><U33/><E33/><V89/><F89/><W86/><G86/><T60/><D90/><U82/><E82/><V48/><F48/><AGARI ba="0,2" hai="18,22,24,38,39,48,54,57,62,66,69,92,99,102" machi="48" ten="30,2000,0" yaku="1,1,7,1,53,0" doraHai="37" doraHaiUra="80" who="1" fromWho="2" sc="250,0,240,40,240,-20,250,0" /><INIT seed="1,0,0,4,1,62" ten="250,280,220,250" oya="1" hai0="32,121,81,31,27,120,60,119,52,24,66,29,77" hai1="57,55,98,70,35,39,50,9,51,5,90,48,40" hai2="126,65,110,61,33,96,105,97,1,85,135,38,3" hai3="20,80,0,43,68,26,19,128,79,125,89,73,131" shuffle="mt19937ar,90C395DE,36F811E5,099C1D75,CD0C5448,E7517DB7,EEE35592,0A95AEE6,A3F6817C"/><U132/><E35/><V74/><F74/><W6/><G68/><T14/><D14/><U94/><E70/><V28/><F38/><W41/><G89/><T101/><D101/><U15/><REACH who="1" step="1"/><E132/><REACH who="1" step="2"/><V63/><F135/><W47/><G125/><T130/><D32/><U11/><E11/><V88/><F126/><W100/><G100/><T114/><D121/><U113/><E113/><V56/><F110/><W69/><G69/><T99/><D120/><U30/><E30/><V49/><F28/><W67/><G128/><T87/><D31/><U95/><E95/><V116/><F33/><W78/><G131/><T118/><D29/><U12/><E12/><V112/><F112/><W2/><G2/><T64/><D114/><U92/><E92/><V117/><F1/><W21/><G0/><T86/><D130/><U10/><E10/><V122/><F3/><W44/><G20/><T71/><D71/><U17/><E17/><V106/><F122/><W134/><G134/><T107/><D24/><U111/><E111/><V75/><F117/><W93/><G93/><T83/><D27/><U36/><E36/><V84/><F116/><W13/><G26/><T91/><D118/><U7/><E7/><V123/><F123/><W72/><G6/><T109/><D109/><U18/><E18/><V45/><F106/><W108/><G108/><T124/><D119/><U103/><E103/><V16/><F16/><W127/><G127/><T37/><D37/><U58/><E58/><V102/><F105/><W82/><G21/><T59/><D124/><U23/><E23/><V42/><F102/><RYUUKYOKU ba="0,1" sc="250,15,270,15,220,-15,250,-15" hai0="52,59,60,64,66,77,81,83,86,87,91,99,107" hai1="5,9,15,39,40,48,50,51,55,57,90,94,98" /><INIT seed="1,1,1,2,3,38" ten="265,285,205,235" oya="1" hai0="81,62,11,70,126,46,122,135,44,27,131,76,74" hai1="115,100,71,82,93,26,112,36,29,117,101,77,13" hai2="9,7,45,52,64,88,106,8,47,40,133,132,67" hai3="0,34,32,75,58,90,105,111,110,17,92,72,63" shuffle="mt19937ar,9F9FB656,3F78A86F,6D59A476,592D0426,1F4E39E5,34FA1793,87AEF49C,A1D54B0F"/><U102/><E117/><V127/><F106/><W69/><G0/><T103/><D122/><U35/><E71/><V25/><F25/><W4/><G105/><T113/><D113/><U43/><E93/><V19/><F127/><W55/><G69/><T84/><D126/><U85/><REACH who="1" step="1"/><E13/><REACH who="1" step="2"/><N who="2" m="5279" /><F133/><W86/><G92/><T1/><D135/><U33/><E33/><V83/><F132/><W18/><G32/><T80/><D70/><U21/><E21/><V108/><F108/><W68/><G34/><T66/><D1/><U125/><E125/><V39/><F9/><W48/><G68/><T60/><D11/><U51/><E51/><V124/><F124/><W23/><G48/><T98/><D62/><U37/><E37/><V12/><F39/><W57/><G23/><T24/><D60/><U49/><E49/><V73/><F12/><W54/><G63/><T120/><D120/><U41/><E41/><V42/><F42/><W30/><G110/><T15/><D15/><U119/><E119/><V107/><F40/><W130/><G111/><T22/><D22/><U128/><E128/><V65/><F107/><W2/><G130/><T78/><D131/><U99/><E99/><V97/><F97/><W129/><G2/><T116/><D116/><U6/><E6/><V61/><F45/><AGARI ba="1,2" hai="26,29,35,36,43,45,77,82,85,100,101,102,112,115" machi="45" ten="40,3900,0" yaku="1,1,52,1,53,0" doraHai="38" doraHaiUra="3" who="1" fromWho="2" sc="265,0,275,62,205,-42,235,0" /><INIT seed="1,2,0,3,4,55" ten="265,337,163,235" oya="1" hai0="105,122,38,108,49,124,37,120,116,119,81,25,74" hai1="44,97,29,77,54,67,31,33,128,117,68,65,64" hai2="15,42,5,16,78,114,7,13,113,110,40,66,103" hai3="47,56,24,63,89,127,1,28,92,104,101,118,85" shuffle="mt19937ar,411F5506,CBD28877,3F279E75,6B20738C,7ED55A69,91568E2D,6ED722EA,A2982A5D"/><U91/><E117/><V19/><F103/><W12/><G1/><T8/><D105/><U79/><E68/><V121/><F121/><W100/><G118/><T98/><D8/><U70/><E70/><V93/><F93/><W86/><G127/><T6/><D6/><U61/><E128/><V46/><F78/><N who="1" m="29705" /><E33/><V43/><F46/><W36/><G12/><N who="2" m="4681" /><F66/><W57/><G86/><T109/><D98/><U17/><E17/><N who="2" m="6731" /><F110/><W133/><G133/><T107/><D124/><U45/><E97/><V111/><F111/><W32/><G104/><T35/><D107/><U90/><E61/><V60/><F60/><W130/><G130/><T53/><D35/><U0/><E54/><V48/><F48/><W21/><G32/><T82/><D53/><U51/><E51/><V75/><F75/><W80/><G63/><T9/><D49/><U30/><E0/><V96/><F96/><W87/><G47/><AGARI ba="2,0" hai="29,30,31,44,45,47,64,65,67,90,91" m="29705" machi="47" ten="40,7700,0" yaku="28,2,8,1" doraHai="55" who="1" fromWho="3" sc="265,0,337,83,163,0,235,-83" /><INIT seed="1,3,0,1,1,79" ten="265,420,163,152" oya="1" hai0="92,41,127,99,38,115,18,84,11,9,131,46,54" hai1="74,75,100,103,132,39,85,104,124,20,64,126,86" hai2="56,12,98,29,120,89,133,109,52,69,71,114,25" hai3="49,42,6,55,76,83,5,110,106,118,93,59,117" shuffle="mt19937ar,384AD9BC,438E6D53,9CF95DA7,08451D57,2BB3CB97,848ECF40,DF1A264F,D110580E"/><U28/><E39/><V88/><F120/><W130/><G106/><T90/><D115/><U134/><E64/><V60/><F114/><W112/><G93/><T30/><D127/><N who="1" m="48683" /><E28/><V27/><F109/><W80/><G112/><T78/><D131/><U70/><E20/><V63/><F133/><N who="1" m="51305" /><E70/><V121/><F121/><W43/><G110/><T107/><D30/><U16/><E16/><V81/><F98/><W105/><G105/><T10/><D107/><U113/><E113/><V94/><F94/><W61/><G130/><T128/><D128/><U119/><E119/><N who="3" m="45578" /><G76/><T45/><D78/><U116/><E116/><V7/><F89/><W58/><G42/><T62/><D41/><U33/><E33/><V108/><F108/><W2/><G2/><T21/><D38/><U68/><E68/><V14/><F7/><N who="3" m="2571" /><G43/><T122/><D90/><U65/><E65/><AGARI ba="3,0" hai="49,55,58,59,61,65,80,83" m="2571,45578" machi="65" ten="30,3900,0" yaku="12,1,52,2" doraHai="79" who="3" fromWho="1" sc="265,0,420,-48,163,0,152,48" /><INIT seed="2,0,0,5,4,7" ten="265,372,163,200" oya="2" hai0="116,30,42,95,45,56,126,52,31,80,84,74,5" hai1="77,90,65,87,34,135,108,17,132,130,78,110,1" hai2="106,57,23,43,103,29,26,36,62,38,82,27,15" hai3="107,66,131,32,112,111,128,122,115,59,35,94,2" shuffle="mt19937ar,860F0DC8,E8DC06B6,194BB1EA,40B609EB,82FE218C,CC504067,42D63CDC,A4A6E724"/><V118/><F118/><W101/><G2/><T20/><D116/><U33/><E1/><V68/><F68/><W105/><G94/><T37/><D126/><U99/><E65/><V9/><F43/><W19/><G19/><T119/><D119/><U24/><E130/><N who="3" m="49706" /><G122/><T89/><D5/><U10/><E99/><V47/><F47/><W39/><G39/><T63/><D74/><U53/><E53/><V11/><F82/><W73/><G73/><T109/><D109/><N who="1" m="42091" /><E34/><N who="3" m="12842" /><G101/><T134/><D134/><N who="1" m="51243" /><E33/><V0/><F0/><W93/><G93/><T4/><D4/><U60/><E60/><V72/><F72/><W114/><G111/><T88/><D20/><N who="1" m="13327" /><E10/><V124/><F38/><W44/><G44/><T18/><D18/><U104/><E104/><N who="3" m="40010" /><G59/><T71/><D71/><U64/><E64/><AGARI ba="0,0" hai="64,66,112,114,115" m="40010,12842,49706" machi="64" ten="50,8000,1" yaku="28,2,11,1,19,1" doraHai="7" who="3" fromWho="1" sc="265,0,372,-80,163,0,200,80" /><INIT seed="3,0,0,0,4,84" ten="265,292,163,280" oya="3" hai0="66,24,27,41,87,99,52,44,57,98,61,128,10" hai1="13,65,33,31,53,114,18,32,122,133,126,38,28" hai2="86,62,115,40,69,25,42,120,2,79,6,48,116" hai3="26,34,20,100,72,94,29,130,91,47,21,95,131" shuffle="mt19937ar,FD742D3B,8E3BA853,3CB22AE5,07C71E41,AED5DD9D,DB15923D,38901CB3,04818679"/><W67/><G72/><T15/><D128/><N who="3" m="49193" /><G67/><T76/><D66/><U127/><E122/><V80/><F120/><W134/><G134/><T96/><D76/><U103/><E114/><V59/><F115/><W97/><G47/><T3/><D3/><U123/><E123/><V19/><F116/><W83/><G83/><T55/><D55/><U71/><E38/><V135/><F135/><W63/><G63/><T89/><D44/><U129/><E133/><V85/><F85/><AGARI ba="0,0" hai="20,21,26,29,34,85,91,94,95,97,100" m="49193" machi="85" ten="30,2900,0" yaku="19,1,52,1" doraHai="84" who="3" fromWho="2" sc="265,0,292,0,163,-29,280,29" owari="265,-8,292,4,134,-27,309,31" /></mjloggm>