<mjloggm ver="2.3"><GO type="185"/><UN n0="%E5%83%8D%E3%81%8D%E3%81%9F%E3%81%8F%E3%81%AA%E3%81%84" n1="%E7%B1%B3%E5%85%89%E5%80%B6%E6%A5%BD%E9%83%A8" n2="%E3%81%B5%E3%81%8F%EF%BC%A3%EF%BD%88%EF%BD%81%EF%BD%8E%E2%99%AA" n3="" dan="17,16,16,0" rate="2215,2176,2159,1500" sx="M,F,F,C"/><TAIKYOKU oya="0"/><INIT seed="0,0,0,4,2,42" ten="350,350,350,0" oya="0" hai0="72,107,101,48,56,82,120,32,45,106,78,119,99" hai1="121,77,116,80,86,61,132,89,75,55,131,2,66" hai2="112,65,93,69,90,46,57,124,74,47,73,130,92" hai3="" shuffle="mt19937ar,3991A3A8,9BB65B13,7C90081D,57427B9B,1757D34D,BA3F6902,7AD85BA3,8E34D391"/><T109/><N who="0" m="30752" /><T114/><D114/><U91/><N who="1" m="31008" /><U60/><E2/><V123/><N who="2" m="31520" /><V100/><F112/><T88/><D119/><U58/><E116/><V87/><F69/><T37/><D32/><U84/><E131/><V52/><F130/><T133/><D133/><U128/><E128/><V105/><F105/><T125/><D125/><U38/><E38/><V98/><F124/><T35/><D35/><U111/><E132/><V97/><F65/><T54/><D109/><U79/><E111/><V108/><F108/><T113/><D113/><U117/><E117/><V33/><F87/><T36/><D107/><U67/><E75/><V76/><F33/><T64/><REACH who="0" step="1"/><D88/><REACH who="0" step="2"/><N who="1" m="33867" /><E61/><AGARI ba="0,1" hai="36,37,45,48,54,56,61,64,72,78,82,99,101,106" m="30752" machi="61" ten="40,7700,0" yaku="1,1,52,2,53,0" doraHai="42" doraHaiUra="81" who="0" fromWho="1" sc="340,87,350,-77,350,0,0,0" /><INIT seed="0,1,0,2,2,41" ten="427,273,350,0" oya="0" hai0="43,123,63,102,124,90,35,60,111,98,114,33,46" hai1="34,117,113,83,93,134,91,78,92,69,3,88,52" hai2="74,135,67,61,96,44,84,64,70,36,108,115,119" hai3="" shuffle="mt19937ar,005B10E1,3C768B1D,87379579,85BC76A0,67D99A99,24250D5E,1EF0E1C4,89C07DBD"/><T79/><N who="0" m="31520" /><T107/><D114/><U133/><E3/><V100/><F74/><T130/><D130/><U40/><E34/><V109/><F115/><T103/><D103/><U47/><E69/><V82/><F119/><T94/><D124/><U89/><E117/><V56/><F135/><N who="1" m="51721" /><E40/><V48/><F36/><T105/><D111/><U122/><N who="1" m="31264" /><U55/><E113/><V101/><F67/><T37/><D105/><U116/><E55/><V77/><F70/><T42/><D42/><U2/><E2/><V71/><F71/><T76/><D35/><U54/><E54/><V59/><F59/><T95/><D107/><U73/><E116/><V86/><F84/><T58/><D33/><U66/><E66/><V72/><F72/><T80/><D58/><U112/><E112/><V53/><REACH who="2" step="1"/><F101/><REACH who="2" step="2"/><T85/><REACH who="0" step="1"/><D76/><REACH who="0" step="2"/><U120/><N who="1" m="30752" /><U57/><E57/><V125/><F125/><T49/><D49/><AGARI ba="1,2" hai="47,49,52,73,78,83,88,89,91,92,93" m="30752,31264,51721" machi="49" ten="30,12000,2" yaku="20,1,52,3,54,2" doraHai="41" who="1" fromWho="0" sc="417,-122,273,142,340,0,0,0" /><INIT seed="1,0,0,1,1,135" ten="295,415,340,0" oya="1" hai0="127,75,96,68,129,63,37,99,77,82,91,107,88" hai1="57,76,97,38,79,84,108,55,1,35,119,72,115" hai2="93,43,113,124,95,81,111,101,41,54,117,120,59" hai3="" shuffle="mt19937ar,5910C606,03FEEB16,DC310C08,04434F32,F8AFAED1,CC6747F2,6B497F89,A2F84471"/><U125/><E55/><V83/><N who="2" m="30752" /><V32/><F32/><T69/><D37/><U92/><E57/><V105/><F117/><T134/><D134/><U89/><E84/><V61/><F111/><T48/><D129/><U47/><E89/><V70/><F124/><T130/><D130/><U2/><E92/><V3/><F3/><T73/><D73/><U86/><E97/><V60/><F113/><T33/><D33/><U66/><E86/><V128/><F128/><T100/><D127/><U78/><E66/><V122/><N who="2" m="31264" /><V42/><F105/><T109/><D109/><U74/><E47/><V44/><F44/><T118/><D118/><U65/><E65/><V110/><F110/><T80/><D80/><N who="2" m="30794" /><F70/><T106/><D69/><U131/><E78/><V85/><F85/><T114/><D114/><U40/><E79/><V67/><F101/><T53/><D106/><U39/><E76/><V123/><N who="2" m="31520" /><V121/><N who="2" m="31008" /><V46/><F61/><T126/><D126/><U94/><E125/><V58/><F58/><T98/><D107/><U45/><E108/><V56/><F56/><T112/><D100/><U132/><E115/><V116/><F116/><T50/><D112/><U36/><E119/><V103/><F103/><RYUUKYOKU ba="0,0" sc="295,-10,415,-10,340,20,0,0" hai2="41,42,43,46,54,59,60,67,93,95" /><INIT seed="2,1,0,0,2,89" ten="285,405,360,0" oya="2" hai0="115,80,56,106,122,95,131,86,55,132,134,34,35" hai1="69,99,57,78,82,53,43,92,117,112,68,83,133" hai2="40,63,54,102,0,79,90,118,33,49,38,135,42" hai3="" shuffle="mt19937ar,C37A2D8F,9398B29A,2746817D,CC132DA2,182F734B,4A45FF17,A3AA050C,FD9D5A38"/><V129/><F33/><T62/><N who="0" m="31264" /><T105/><D131/><U111/><E117/><V1/><F129/><T65/><D115/><U71/><E112/><V109/><F118/><T123/><N who="0" m="31520" /><T77/><D95/><U130/><E130/><V94/><F79/><T66/><D34/><U37/><E133/><N who="0" m="51305" /><D35/><U98/><E98/><V87/><F135/><T97/><D97/><U88/><E78/><V46/><F109/><T61/><D65/><U103/><E103/><V91/><F102/><T107/><D107/><U60/><REACH who="1" step="1"/><E111/><REACH who="1" step="2"/><V84/><F0/><T124/><D124/><U119/><E119/><V59/><F1/><T100/><D100/><U73/><E73/><V2/><F2/><T39/><D39/><U50/><E50/><V52/><REACH who="2" step="1"/><F38/><REACH who="2" step="2"/><T101/><D101/><U58/><E58/><AGARI ba="1,2" hai="55,56,58,61,62,66,77,80,86,105,106" m="51305,31520,31264" machi="58" ten="30,3900,0" yaku="20,1,52,2" doraHai="89" who="0" fromWho="1" sc="285,61,395,-41,350,0,0,0" /><INIT seed="4,0,0,4,3,42" ten="346,354,350,0" oya="0" hai0="40,65,88,90,79,68,47,116,67,103,108,100,39" hai1="74,97,57,59,99,111,120,75,37,91,107,96,36" hai2="87,64,86,2,53,35,1,117,33,105,104,70,102" hai3="" shuffle="mt19937ar,E152109D,66EBF0E8,902373CD,4195F822,88B510DB,5C50D034,1331057C,60B9FCD8"/><T114/><D116/><U80/><N who="1" m="30752" /><U101/><E111/><V110/><F64/><T49/><D108/><U92/><E97/><V125/><F53/><T77/><D114/><U94/><E107/><V32/><F102/><N who="0" m="38954" /><D68/><U51/><E80/><V0/><F117/><T54/><D39/><U98/><E98/><V63/><F110/><T118/><D118/><U128/><E128/><V122/><N who="2" m="31264" /><V89/><F125/><T83/><D40/><U72/><REACH who="1" step="1"/><E51/><REACH who="1" step="2"/><V73/><F105/><T126/><D126/><U45/><E45/><V85/><F104/><T38/><D38/><AGARI ba="0,1" hai="36,37,38,57,59,72,74,75,91,92,94,96,99,101" m="30752" machi="38" ten="50,3200,0" yaku="1,1,52,1,53,0" doraHai="42" doraHaiUra="46" who="1" fromWho="0" sc="346,-32,344,42,350,0,0,0" /><INIT seed="5,0,0,4,4,106" ten="314,386,350,0" oya="1" hai0="85,80,72,43,67,2,54,47,121,120,83,82,93" hai1="41,135,0,97,124,127,105,48,102,98,112,117,113" hai2="3,37,103,35,63,76,111,88,100,131,74,71,49" hai3="" shuffle="mt19937ar,7C866FDF,E0B26E62,00136C99,416CBA37,3F0736BC,B89154E9,6194769A,A8A49013"/><U62/><E0/><V90/><F37/><T68/><N who="0" m="30752" /><T61/><N who="0" m="31008" /><T60/><D2/><U87/><E117/><V125/><F3/><T73/><D61/><U36/><E36/><V57/><F35/><T133/><D133/><U64/><E135/><V128/><F111/><T107/><D107/><U109/><E109/><V32/><F32/><T86/><D54/><U45/><E97/><V51/><F71/><T65/><D65/><U70/><E87/><V134/><F134/><T132/><D132/><U89/><REACH who="1" step="1"/><E89/><REACH who="1" step="2"/><V96/><F90/><T115/><D115/><AGARI ba="0,1" hai="41,45,48,62,64,70,98,102,105,112,113,115,124,127" machi="115" ten="40,7700,0" yaku="1,1,2,1,15,1,53,0" doraHai="106" doraHaiUra="55" who="1" fromWho="0" sc="314,-77,376,87,350,0,0,0" /><INIT seed="5,1,0,2,5,74" ten="237,463,350,0" oya="1" hai0="54,133,88,79,115,69,131,65,78,83,126,134,51" hai1="119,49,63,53,71,43,113,132,52,45,46,86,111" hai2="108,32,58,109,117,91,120,128,60,59,80,97,122" hai3="" shuffle="mt19937ar,39892803,D8A3C480,315A4E24,F0E7C512,2FFF83A4,72A67FAA,CA26752E,455351A8"/><U55/><E119/><V72/><N who="2" m="30752" /><V103/><N who="2" m="31264" /><V112/><F32/><T82/><D115/><U124/><E111/><V106/><F117/><T129/><D69/><U64/><E113/><V47/><F112/><T48/><D65/><U70/><E86/><V93/><F128/><N who="0" m="49226" /><D126/><U50/><E124/><V98/><F58/><T73/><D88/><U81/><E81/><V66/><REACH who="2" step="1"/><F47/><REACH who="2" step="2"/><T57/><D51/><U0/><E0/><V56/><F56/><T67/><D67/><U118/><E118/><V42/><F42/><T95/><D95/><U99/><E132/><V121/><N who="2" m="31008" /><V110/><F110/><T38/><D38/><U94/><E70/><V87/><F87/><AGARI ba="1,1" hai="48,54,57,73,78,79,82,83,87,133,134" m="49226" machi="87" ten="30,3900,0" yaku="19,1,52,2" doraHai="74" who="0" fromWho="2" sc="237,51,463,0,340,-41,0,0" /><INIT seed="6,0,0,5,5,60" ten="288,463,299,0" oya="2" hai0="112,130,98,124,77,44,57,45,84,54,71,110,107" hai1="38,126,42,88,102,103,101,134,111,58,119,120,127" hai2="70,48,122,36,61,47,123,50,66,56,115,2,128" hai3="" shuffle="mt19937ar,B2CC7C6B,0E282C5E,A2F9BB23,1572F279,CAC050EE,5FFFE060,24699BC6,40C90782"/><V80/><N who="2" m="31264" /><V51/><N who="2" m="31520" /><V43/><F2/><T135/><D71/><U34/><N who="1" m="30752" /><U3/><E3/><V94/><F128/><T114/><D130/><U68/><E34/><V53/><F80/><T33/><D33/><U0/><E0/><V131/><F131/><T113/><D124/><N who="1" m="47659" /><E68/><V69/><F94/><T93/><D135/><U59/><E111/><V79/><F79/><T87/><D110/><U121/><N who="1" m="31008" /><U40/><E134/><V62/><F115/><T133/><D107/><U75/><E75/><V35/><F35/><T118/><D118/><U91/><E119/><V46/><F70/><T99/><D133/><U95/><E38/><V105/><F105/><T109/><D109/><U104/><E104/><V32/><F32/><T90/><D99/><U86/><E91/><V89/><F89/><T116/><D116/><U83/><E95/><V41/><AGARI ba="0,0" hai="36,41,43,46,47,48,50,51,53,56,61,62,66,69" m="31520,31264" machi="41" ten="20,24000,4" yaku="0,1,7,1,35,6,52,3" doraHai="60" who="2" fromWho="2" sc="288,-120,463,-120,299,240,0,0" owari="168,-43,343,-6,539,49,0,0" /></mjloggm>