<mjloggm ver="2.3"><GO type="185"/><UN n0="%E3%81%AA%E3%83%BC%E3%81%8B%E3%82%80" n1="%E2%98%85%E3%83%A6%E3%83%94%E3%83%86%E3%83%AB%E2%98%85" n2="%E8%9C%9C%E6%9F%91%E3%81%AE%E7%9A%AE" n3="" dan="16,18,16,0" rate="2076,2218,2117,1500" sx="M,M,M,C"/><TAIKYOKU oya="0"/><INIT seed="0,0,0,4,2,70" ten="350,350,350,0" oya="0" hai0="118,135,49,126,127,40,63,101,58,86,84,115,60" hai1="66,44,105,82,88,74,104,113,62,41,0,114,78" hai2="80,90,47,81,95,1,35,75,67,76,125,134,100" hai3="" shuffle="mt19937ar,4C67211A,54AF1A19,3EA5CA75,D7DE6420,2BC4E7FF,DD463521,96DA4434,D283B138"/><T33/><D33/><U102/><E0/><V97/><F35/><T36/><D118/><U72/><E72/><V122/><N who="2" m="31264" /><V131/><F1/><T87/><D115/><N who="1" m="44043" /><E88/><V133/><F67/><T32/><D32/><U38/><E102/><V116/><F116/><T73/><D73/><U129/><E129/><V130/><F47/><T124/><D101/><U103/><E103/><V128/><F125/><T71/><D71/><AGARI ba="0,0" hai="38,41,44,62,66,71,74,78,82,104,105" m="44043" machi="71" ten="30,3900,0" yaku="11,1,23,1,52,1" doraHai="70" who="1" fromWho="0" sc="350,-39,350,39,350,0,0,0" /><INIT seed="1,0,0,4,4,123" ten="311,389,350,0" oya="1" hai0="86,85,118,109,51,98,83,42,56,88,62,131,81" hai1="113,121,84,111,49,97,45,129,52,39,82,2,91" hai2="3,99,112,117,66,60,106,79,115,93,34,120,47" hai3="" shuffle="mt19937ar,BDB6BCAA,7EAA53C1,76B9087F,0C609BFF,66C745FF,33451BDE,18EF4F6E,C9A7C7D8"/><U75/><N who="1" m="31008" /><U69/><E2/><V35/><N who="2" m="30752" /><V103/><F3/><T122/><N who="0" m="31264" /><T134/><D131/><U80/><E129/><V125/><F117/><T100/><D134/><U37/><E113/><V48/><F79/><T64/><D109/><U0/><E111/><V41/><F125/><T50/><D42/><U67/><E0/><V76/><F76/><T116/><D116/><U38/><E97/><V70/><REACH who="2" step="1"/><F106/><REACH who="2" step="2"/><T55/><D118/><U61/><REACH who="1" step="1"/><E75/><REACH who="1" step="2"/><V44/><F44/><T95/><D64/><U124/><E124/><V63/><F63/><T54/><D54/><U128/><E128/><V101/><F101/><T133/><D133/><U87/><E87/><V46/><F46/><T68/><D86/><U110/><E110/><V33/><AGARI ba="0,2" hai="33,34,35,41,47,48,60,66,70,93,99,103,112,115" m="30752" machi="33" ten="40,6000,1" yaku="1,1,0,1,52,1,53,1" doraHai="123" doraHaiUra="119" who="2" fromWho="2" sc="311,-20,379,-40,340,80,0,0" /><INIT seed="2,0,0,4,5,134" ten="291,339,420,0" oya="2" hai0="63,73,54,60,86,92,105,91,3,35,56,133,83" hai1="126,109,64,117,115,119,58,76,80,75,66,57,84" hai2="49,101,69,74,32,51,107,36,104,112,65,118,61" hai3="" shuffle="mt19937ar,4A3FF54D,1E90A76E,2A161E56,BC475F6A,734FD242,49CF184B,5ECAA351,DD33F04C"/><V95/><F118/><N who="1" m="45065" /><E115/><V52/><F112/><T129/><D35/><U114/><E114/><V99/><F32/><T88/><D3/><U48/><E109/><V98/><F36/><T42/><D105/><U47/><E126/><V121/><N who="2" m="31008" /><V96/><F74/><T78/><D129/><U53/><E75/><V77/><F77/><T59/><D42/><U79/><E79/><V68/><F68/><T127/><D127/><U120/><N who="1" m="30752" /><U87/><E87/><V122/><N who="2" m="31264" /><V70/><F70/><T67/><REACH who="0" step="1"/><D91/><REACH who="0" step="2"/><U116/><E116/><V55/><F107/><T0/><D0/><U34/><E34/><V103/><F104/><T2/><D2/><U132/><E132/><AGARI ba="0,1" hai="54,56,59,60,63,67,73,78,83,86,88,92,132,133" machi="132" ten="40,8000,1" yaku="1,1,54,1,53,2" doraHai="134" doraHaiUra="131" who="0" fromWho="1" sc="281,90,339,-80,420,0,0,0" /><INIT seed="4,0,0,1,1,117" ten="371,259,420,0" oya="0" hai0="98,77,85,35,83,76,93,133,48,64,51,105,71" hai1="53,120,103,61,116,36,95,125,114,90,73,38,68" hai2="112,34,91,54,82,127,63,88,128,32,135,40,41" hai3="" shuffle="mt19937ar,BD88917B,728D0817,C514AF6F,0DB15805,F9C7E060,B640AF55,B2BB9336,4B2754C1"/><T47/><D35/><U86/><N who="1" m="30752" /><U100/><E116/><V58/><F127/><T46/><D105/><U119/><E119/><V126/><F126/><T104/><D104/><U42/><E125/><V59/><F135/><T65/><D133/><U109/><E109/><V50/><F128/><T37/><D37/><U69/><E73/><V49/><F112/><T0/><D0/><U81/><E114/><V79/><F79/><T75/><D71/><U92/><E42/><V57/><F34/><T101/><D76/><U3/><E3/><V96/><F32/><T122/><N who="0" m="31264" /><T130/><D75/><U39/><E53/><V102/><F82/><T66/><D130/><U107/><E107/><V97/><F102/><T129/><D129/><U33/><E33/><V52/><F58/><T78/><D77/><U106/><E106/><V44/><F63/><T56/><D56/><U72/><E72/><V131/><F131/><T124/><D124/><U62/><E62/><V111/><F44/><AGARI ba="0,0" hai="44,46,47,48,51,64,65,66,78,83,85,93,98,101" m="31264" machi="44" ten="40,7700,0" yaku="8,1,52,2" doraHai="117" who="0" fromWho="2" sc="371,77,259,0,420,-77,0,0" /><INIT seed="4,1,0,0,3,115" ten="448,259,343,0" oya="0" hai0="121,112,33,73,45,3,74,66,32,95,40,51,91" hai1="134,101,46,60,109,36,126,76,42,130,48,88,59" hai2="86,68,111,93,53,127,47,92,82,110,123,79,133" hai3="" shuffle="mt19937ar,768CDF2B,A2606043,9F8A875A,9C6D5FE4,280F151C,D014FAD1,E142A3F6,5C407CAF"/><T49/><N who="0" m="31008" /><T119/><D3/><U105/><E109/><V116/><N who="2" m="31520" /><V37/><F68/><T35/><D112/><U41/><E76/><V98/><F127/><T114/><D114/><U84/><E126/><V94/><F133/><T34/><D34/><U99/><E130/><V104/><F37/><T78/><D66/><U52/><E134/><V55/><F55/><T90/><D90/><U83/><REACH who="1" step="1"/><E36/><REACH who="1" step="2"/><V118/><F111/><T50/><D78/><U125/><E125/><V1/><F110/><T43/><D32/><U64/><AGARI ba="1,1" hai="41,42,46,48,52,59,60,64,83,84,88,99,101,105" machi="64" ten="20,6000,1" yaku="1,1,0,1,7,1,54,2,53,0" doraHai="115" doraHaiUra="120" who="1" fromWho="1" sc="448,-41,249,72,343,-21,0,0" /><INIT seed="5,0,0,5,2,108" ten="407,321,322,0" oya="1" hai0="102,35,111,83,52,92,122,114,104,101,97,118,117" hai1="32,66,47,103,115,78,55,119,73,99,135,69,134" hai2="46,42,50,90,48,131,123,126,110,127,33,2,124" hai3="" shuffle="mt19937ar,7B7E6837,DE21FD71,45790088,406FE79B,8EF985A0,12655137,F8CEA9A0,93827E40"/><U130/><E32/><V88/><N who="2" m="31520" /><V56/><F33/><T51/><N who="0" m="31264" /><T106/><D111/><U121/><N who="1" m="31008" /><U109/><E119/><N who="0" m="45577" /><D35/><U100/><E109/><V72/><F110/><T87/><D102/><U84/><E130/><V65/><F2/><T40/><D40/><U63/><E73/><V91/><F131/><T96/><D96/><U0/><E0/><V79/><F65/><T133/><D114/><U61/><E115/><V60/><F60/><T64/><D64/><U94/><E100/><V34/><F34/><T85/><D133/><U1/><E1/><V98/><F98/><T67/><D67/><U125/><E125/><V70/><F70/><T77/><D87/><U57/><REACH who="1" step="1"/><E47/><AGARI ba="0,0" hai="47,51,52,77,83,85,92,97,101,104,106" m="45577,31264" machi="47" ten="30,3900,0" yaku="12,1,52,1,54,1" doraHai="108" who="0" fromWho="1" sc="407,39,321,-39,322,0,0,0" /><INIT seed="6,0,0,0,0,135" ten="446,282,322,0" oya="2" hai0="91,81,119,83,74,1,56,34,72,51,122,89,117" hai1="103,105,40,98,116,131,85,38,55,133,106,108,68" hai2="50,39,41,62,125,77,82,59,70,79,43,100,60" hai3="" shuffle="mt19937ar,DE18A588,64C58C9D,378708BE,D0B16F26,1DA102A4,52E148C6,6804BAA6,933E0829"/><V134/><F134/><T130/><N who="0" m="31264" /><T46/><D56/><U101/><E68/><V37/><F70/><T58/><D58/><U112/><E133/><V124/><F100/><T120/><D1/><U2/><E2/><V45/><F60/><T115/><D34/><U65/><E108/><V76/><F82/><T42/><N who="0" m="30752" /><T107/><D107/><U61/><E116/><V123/><N who="2" m="31520" /><V97/><F97/><T75/><D130/><U36/><E131/><V110/><F110/><T102/><D102/><U113/><E85/><V96/><F96/><T129/><D129/><U52/><E40/><V32/><F32/><T78/><D115/><U99/><E61/><V47/><F50/><T44/><D75/><U48/><E48/><V0/><F0/><T35/><D35/><U94/><E94/><V126/><F77/><T92/><D92/><U64/><AGARI ba="0,0" hai="36,38,52,55,64,65,98,99,101,103,105,106,112,113" machi="64" ten="25,4800,0" yaku="0,1,22,2,54,1" doraHai="135" who="1" fromWho="1" sc="446,-16,282,48,322,-32,0,0" owari="430,38,330,-7,290,-31,0,0" /></mjloggm>