<mjloggm ver="2.3"><GO type="225"/><UN n0="%E9%9B%B2%E9%9B%80%E6%81%AD%E5%BC%A5" n1="%23%37%34%E5%A4%A7%E6%B2%BB%E9%83%8E" n2="%E3%83%80%E3%83%A0%E3%83%9E%E3%83%8B%E3%82%A2" n3="%E9%9B%AA%E5%9B%BD%E8%82%B2%E3%81%A1" dan="17,16,16,17" rate="2173,2063,2115,2168" sx="M,M,M,M"/><TAIKYOKU oya="0"/><INIT seed="0,0,0,0,5,3" ten="250,250,250,250" oya="0" hai0="88,55,9,108,132,29,110,48,6,49,59,58,107" hai1="131,75,40,93,117,129,120,114,54,52,89,99,57" hai2="79,91,116,47,127,103,16,62,94,82,4,119,50" hai3="69,35,123,125,130,74,13,76,7,12,66,2,31" shuffle="mt19937ar,E4BDC865,A65F54F4,DE1F93F6,1274ED8C,BE966917,20AB1A0C,EBAC0E90,C28090EE"/><T23/><D107/><U98/><E120/><V77/><F103/><W121/><G74/><T104/><D104/><U100/><E117/><N who="2" m="45131" /><F62/><W126/><G76/><T135/><D88/><U105/><E114/><V39/><F39/><W78/><G78/><T83/><D83/><U51/><E75/><V22/><F82/><W115/><G66/><T42/><D42/><U27/><E40/><N who="2" m="24935" /><F127/><N who="3" m="48651" /><G69/><T43/><D43/><U14/><E27/><N who="2" m="14791" /><F4/><W118/><G115/><T15/><D29/><U113/><E113/><V18/><F18/><W46/><G118/><T28/><D28/><U87/><E99/><AGARI ba="0,0" hai="77,79,91,94,99" m="14791,24935,45131" machi="99" ten="30,2000,0" yaku="12,1,54,1" doraHai="3" who="2" fromWho="1" sc="250,0,250,-20,250,20,250,0" /><INIT seed="1,0,0,0,3,123" ten="250,230,270,250" oya="1" hai0="100,112,92,115,79,109,6,103,66,39,26,35,118" hai1="0,99,2,40,20,111,4,61,60,125,127,108,42" hai2="74,77,122,19,16,75,105,51,44,116,25,33,41" hai3="85,22,96,67,10,73,5,89,94,117,52,87,124" shuffle="mt19937ar,3369F232,F5D27C3E,3310F8B2,EF9C6646,66C9A39A,8D48C2E2,6A899800,563EDC9D"/><U9/><E99/><V133/><F105/><W131/><G117/><T49/><D118/><U11/><E20/><V76/><F116/><W82/><G124/><T93/><D39/><U98/><E98/><V8/><F122/><W64/><G131/><T130/><D130/><U71/><E4/><V21/><F33/><W101/><G73/><T78/><D66/><U24/><E24/><V135/><F75/><W34/><G34/><T83/><D6/><U84/><E84/><V114/><F114/><W69/><G69/><AGARI ba="0,0" hai="0,2,9,11,40,42,60,61,69,71,108,111,125,127" machi="69" ten="25,9600,0" yaku="22,2,52,2" doraHai="123" who="1" fromWho="3" sc="250,0,230,96,270,0,250,-96" /><INIT seed="1,1,0,1,5,3" ten="250,326,270,154" oya="1" hai0="108,97,124,92,89,100,116,117,6,111,48,13,47" hai1="64,87,128,4,70,104,102,105,83,43,84,115,31" hai2="69,46,120,36,127,61,28,18,14,2,17,20,19" hai3="34,72,38,33,53,112,98,109,110,1,132,122,7" shuffle="mt19937ar,5BF5F344,0E51390B,A680F021,4E4C253F,D69835D0,B9265885,D7E93729,7B396F2B"/><U119/><E119/><V99/><F2/><W79/><G53/><T24/><D124/><U12/><E115/><V52/><F127/><W39/><G98/><T51/><D24/><U59/><E70/><V133/><F120/><W96/><G96/><T45/><D100/><U75/><E75/><V21/><F133/><W41/><G112/><T73/><D73/><U77/><E128/><V49/><F36/><N who="3" m="13867" /><G41/><T94/><D13/><U85/><E43/><V126/><F126/><W118/><G122/><T86/><D97/><U30/><E104/><V50/><F99/><W106/><G106/><T131/><D131/><U66/><E105/><V32/><F32/><N who="3" m="12395" /><G118/><T55/><D6/><U125/><E125/><V15/><F69/><W56/><G56/><T76/><D76/><U62/><E102/><V88/><F61/><W130/><G130/><T107/><D107/><U42/><E42/><V78/><F78/><W114/><G114/><T29/><D29/><N who="1" m="10763" /><E66/><V25/><F49/><W74/><G132/><T135/><D135/><U81/><E77/><V123/><F123/><W93/><G93/><T103/><D103/><U54/><E64/><V113/><F113/><W134/><G134/><T58/><D58/><U37/><E37/><V71/><F71/><W5/><G1/><T8/><D94/><U26/><E26/><V0/><F0/><W68/><G68/><T16/><D117/><U63/><E63/><V95/><F15/><W67/><G67/><T23/><D116/><U91/><E81/><V60/><F60/><W9/><G74/><T44/><D92/><U27/><E27/><RYUUKYOKU ba="1,0" sc="250,-15,326,15,270,15,154,-15" hai1="4,12,54,59,62,83,84,85,87,91" hai2="14,17,18,19,20,21,25,28,46,50,52,88,95" /><INIT seed="1,2,0,5,0,76" ten="235,341,285,139" oya="1" hai0="104,78,74,27,43,35,30,119,120,56,26,4,14" hai1="129,135,77,3,83,46,40,106,42,128,118,60,66" hai2="125,49,115,94,117,96,70,41,6,116,72,133,101" hai3="81,111,16,33,25,95,19,64,109,126,37,55,103" shuffle="mt19937ar,09EF18B0,3B437DAF,74F8F748,A13C9F75,5C071D5A,0C8759E6,22EA7A6D,A4FA678F"/><U39/><E118/><V100/><F70/><W92/><G126/><T98/><D119/><U82/><E106/><V108/><F72/><W132/><G37/><T20/><D120/><U127/><E127/><V112/><F125/><W91/><G132/><T87/><D74/><U69/><E135/><V24/><F24/><W7/><G64/><T68/><D68/><U114/><E114/><N who="2" m="43563" /><F133/><W0/><G0/><T89/><D43/><U44/><E3/><V15/><F100/><W53/><G7/><T90/><D56/><U9/><E9/><N who="2" m="4535" /><F108/><N who="3" m="41547" /><G33/><T47/><D47/><AGARI ba="2,0" hai="41,47,49,94,96,101,116,117" m="4535,43563" machi="47" ten="30,1000,0" yaku="11,1" doraHai="76" who="2" fromWho="0" sc="235,-16,341,0,285,16,139,0" /><INIT seed="2,0,0,1,5,125" ten="219,341,301,139" oya="2" hai0="67,127,64,134,94,39,76,112,8,79,123,133,54" hai1="109,41,0,35,13,10,58,24,59,56,107,128,46" hai2="21,98,30,132,106,25,32,55,74,2,104,17,85" hai3="44,92,80,9,27,42,31,91,78,116,23,84,22" shuffle="mt19937ar,41757F46,7053185F,EA33F287,0E429156,4B40ADE3,541CEC07,594F188E,31939F56"/><V7/><F74/><W86/><G116/><T113/><D123/><U63/><E107/><V124/><F124/><W81/><G9/><T40/><D127/><U14/><E109/><V111/><F111/><W50/><REACH who="3" step="1"/><G81/><REACH who="3" step="2"/><T108/><D108/><U53/><E10/><V52/><F132/><N who="0" m="50794" /><D8/><U57/><E0/><V65/><F2/><W122/><G122/><T48/><D113/><U121/><E121/><V88/><F7/><W101/><G101/><T100/><D112/><U37/><E63/><V5/><F5/><W45/><G45/><N who="0" m="23711" /><D100/><U11/><E11/><V3/><F3/><W20/><AGARI ba="0,1" hai="20,22,23,27,31,42,44,50,78,80,84,86,91,92" machi="20" ten="20,8000,1" yaku="1,1,0,1,7,1,8,1,53,1" doraHai="125" doraHaiUra="43" who="3" fromWho="3" sc="219,-20,341,-20,301,-40,129,90" /><INIT seed="3,0,0,2,4,79" ten="199,321,261,219" oya="3" hai0="56,135,131,85,61,28,34,54,1,70,98,82,99" hai1="27,105,89,48,90,7,62,57,17,103,75,77,9" hai2="18,2,20,14,11,33,88,19,127,126,52,107,81" hai3="32,47,68,59,125,40,71,93,95,118,133,67,78" shuffle="mt19937ar,508C9ED1,23C23CE6,FC5541E4,C249D9B0,E52961AD,51E2B48B,C88BD33D,C360B904"/><W104/><G104/><T83/><D1/><U109/><E109/><V24/><F107/><W97/><G118/><T91/><D135/><U101/><E48/><V60/><F2/><W123/><G123/><T66/><D131/><U74/><E27/><V94/><F33/><W6/><G133/><T58/><D70/><U69/><E69/><V12/><F12/><W30/><G6/><T73/><D28/><U130/><E17/><V121/><F121/><W3/><G3/><T25/><D25/><U132/><E132/><V35/><F35/><W120/><G120/><T39/><D39/><U23/><E23/><V49/><F60/><W65/><G125/><T113/><D34/><U86/><E130/><V45/><REACH who="2" step="1"/><F94/><REACH who="2" step="2"/><W53/><G95/><T50/><D113/><U64/><E105/><V8/><F8/><W100/><G32/><T51/><D51/><U21/><E9/><V5/><F5/><W87/><G93/><T117/><D117/><U112/><E7/><V122/><F122/><W44/><G71/><T76/><AGARI ba="0,1" hai="50,54,56,58,61,66,73,76,82,83,85,91,98,99" machi="76" ten="30,4000,0" yaku="0,1,52,2" doraHai="79" who="0" fromWho="0" sc="199,50,321,-10,251,-10,219,-20" owari="249,0,311,31,241,-11,199,-20" /></mjloggm>