<mjloggm ver="2.3"><GO type="225"/><UN n0="%E4%BA%8C%E4%B8%89%E8%B5%A4%E4%BA%94%EF%BC%94%EF%BC%96%EF%BC%98" n1="%52%65%64%4D%61%67%69%63" n2="%E3%81%B5%E3%82%8B%E3%81%AD%E3%81%93%40%E4%BD%95%E5%88%87%E3%82%8B" n3="%E2%98%85%E3%83%A6%E3%83%94%E3%83%86%E3%83%AB%E2%98%85" dan="16,16,16,17" rate="2094,2024,2080,2076" sx="M,M,M,M"/><TAIKYOKU oya="0"/><INIT seed="0,0,0,5,3,96" ten="250,250,250,250" oya="0" hai0="98,10,128,61,90,56,100,104,30,31,73,115,22" hai1="58,29,126,91,87,72,118,76,68,23,101,93,64" hai2="131,17,6,117,8,133,125,130,123,55,119,86,35" hai3="45,38,69,40,134,109,37,108,13,135,44,82,95" shuffle="mt19937ar,1283B6F0,83524BC8,3BDEBC7E,70ADFAC3,67EEF756,839ECB46,9F7DA43B,9C102E23"/><T71/><D115/><U62/><E118/><N who="2" m="45067" /><F86/><W74/><G95/><T120/><D120/><U51/><E126/><V5/><F55/><W41/><G13/><T70/><D73/><U114/><E114/><V77/><F77/><W14/><G14/><T39/><D39/><U27/><E68/><V99/><F123/><W25/><G25/><T111/><D128/><N who="2" m="49194" /><F125/><W21/><G21/><T83/><D71/><U47/><E72/><V92/><F35/><W106/><G106/><T60/><D70/><U26/><E76/><V85/><F85/><W121/><G121/><T32/><D32/><U129/><E129/><V81/><F81/><W2/><G2/><T102/><D104/><U89/><E26/><V12/><F133/><N who="3" m="50699" /><G69/><T57/><D83/><U18/><E91/><AGARI ba="0,0" hai="5,6,8,12,17,91,92,99" m="49194,45067" machi="91" ten="30,2000,0" yaku="12,1,19,1" doraHai="96" who="2" fromWho="1" sc="250,0,250,-20,250,20,250,0" /><INIT seed="1,0,0,3,2,125" ten="250,230,270,250" oya="1" hai0="62,63,112,90,47,72,124,40,2,97,70,132,82" hai1="10,116,131,26,19,121,44,69,58,28,68,46,106" hai2="0,21,89,127,107,126,11,134,15,85,86,56,83" hai3="4,117,66,123,9,33,109,38,108,120,79,16,84" shuffle="mt19937ar,F8884E0D,BBC27E4F,3F056C98,FA2F4E04,31AFBFE2,6CEF3865,198D4590,2B172244"/><U91/><E106/><V20/><F107/><W92/><G38/><T60/><D112/><U103/><E121/><N who="3" m="46666" /><G66/><T81/><D124/><N who="2" m="47658" /><F0/><N who="3" m="135" /><G79/><T88/><D2/><U29/><E103/><V50/><F134/><W5/><G92/><T122/><D122/><U17/><E116/><V36/><F36/><W22/><G84/><T49/><D132/><U64/><E91/><N who="0" m="34857" /><D70/><U25/><E10/><V111/><F111/><N who="3" m="42571" /><G5/><T48/><D72/><U94/><E94/><V129/><F86/><W53/><G53/><N who="0" m="29855" /><D97/><U12/><E64/><V18/><F56/><W118/><G33/><T80/><D40/><U30/><E58/><V57/><F57/><W75/><G75/><T71/><D71/><U96/><E96/><V42/><F42/><W59/><G59/><T113/><D113/><U34/><E34/><V102/><F102/><W93/><G93/><T43/><D82/><U73/><E73/><V35/><F35/><W51/><G51/><T110/><D110/><U13/><E30/><V37/><F37/><W55/><G55/><T119/><D119/><U128/><AGARI ba="0,0" hai="12,13,17,19,25,26,28,29,44,46,68,69,128,131" machi="128" ten="25,12000,1" yaku="0,1,22,2,52,2" doraHai="125" who="1" fromWho="1" sc="250,-40,230,120,270,-40,250,-40" /><INIT seed="1,1,0,2,0,15" ten="210,350,230,210" oya="1" hai0="60,82,111,38,25,51,131,36,133,90,101,19,6" hai1="3,115,33,52,50,97,30,13,59,16,76,87,63" hai2="113,84,42,83,24,14,37,5,116,135,1,126,132" hai3="107,134,117,22,104,47,32,65,9,27,77,129,123" shuffle="mt19937ar,4F8B7F15,484293AA,1F665B75,CF360CAF,7761FAB7,A9668601,701B009C,03E50C43"/><U21/><E115/><V31/><F116/><W68/><G117/><T54/><D133/><N who="2" m="51274" /><F1/><W74/><G134/><T10/><D131/><U12/><E3/><V4/><F126/><W34/><G129/><T109/><D101/><U48/><E97/><V121/><F121/><W57/><G123/><T17/><D60/><U108/><E108/><N who="0" m="41545" /><D90/><U70/><E70/><V79/><F113/><W67/><G68/><T102/><D82/><N who="1" m="47559" /><E33/><N who="2" m="20711" /><F14/><N who="1" m="5737" /><E30/><V94/><F94/><W125/><G125/><T92/><D92/><U81/><E81/><V43/><F37/><N who="0" m="14442" /><D102/><U127/><E127/><V93/><F93/><W58/><G107/><T119/><D119/><U89/><E89/><V45/><F45/><W71/><G47/><N who="0" m="28031" /><D25/><AGARI ba="1,0" hai="16,21,25,48,50,52,59,63" m="5737,47559" machi="25" ten="30,11600,0" yaku="8,1,52,1,54,2" doraHai="15" who="1" fromWho="0" sc="210,-119,350,119,230,0,210,0" /><INIT seed="1,2,0,1,1,135" ten="91,469,230,210" oya="1" hai0="51,47,7,42,41,17,74,57,26,82,23,54,27" hai1="35,80,118,132,5,52,85,129,100,133,101,43,68" hai2="77,61,64,67,79,19,121,44,50,112,108,91,46" hai3="69,96,111,105,134,102,39,86,53,95,33,14,49" shuffle="mt19937ar,E7735879,FF3E1111,00F0CB73,30AF830E,8A69C14F,5B929229,FC98BEAC,E8FEF523"/><U15/><E118/><V66/><F121/><W76/><G69/><T6/><D74/><U123/><E68/><V65/><F112/><W128/><G33/><T122/><D122/><U81/><E35/><V58/><F108/><W12/><G111/><T2/><D2/><U84/><E123/><V28/><F28/><W59/><G39/><T37/><D42/><U0/><E0/><V75/><F75/><W130/><G134/><T32/><D32/><U120/><E120/><V30/><F30/><W24/><G24/><T10/><D82/><U127/><E43/><V94/><F19/><W31/><G31/><T18/><REACH who="0" step="1"/><D10/><REACH who="0" step="2"/><U29/><E133/><V125/><F125/><W34/><G34/><T25/><D25/><U9/><E127/><V20/><F20/><AGARI ba="2,1" hai="6,7,17,18,20,23,26,27,37,41,47,51,54,57" machi="20" ten="40,2600,0" yaku="1,1,9,1,53,0" doraHai="135" doraHaiUra="116" who="0" fromWho="2" sc="81,42,469,0,230,-32,210,0" /><INIT seed="2,0,0,0,5,93" ten="123,469,198,210" oya="2" hai0="14,31,70,81,110,32,123,10,12,134,130,67,71" hai1="62,74,1,57,16,131,11,73,50,98,9,84,122" hai2="107,68,15,55,85,46,83,119,8,90,13,64,27" hai3="91,108,118,69,2,82,80,104,18,29,45,30,43" shuffle="mt19937ar,3F5887B1,01E01221,7886C4A7,C95E17A1,343DF6A0,CA31D4EC,6E1D9B96,7E5DCF7F"/><V120/><F107/><W49/><G118/><T61/><D123/><U40/><E131/><V76/><F120/><W47/><G2/><T23/><D130/><U105/><E122/><V113/><F119/><W66/><G108/><T92/><D32/><U54/><E84/><N who="2" m="48231" /><F68/><W129/><G129/><T115/><D115/><U35/><E35/><V116/><F116/><W75/><G104/><T77/><D110/><U100/><E11/><V56/><F113/><W33/><G75/><T36/><D36/><U22/><E9/><V4/><F27/><W6/><G6/><T0/><D0/><U59/><E1/><V38/><F38/><W48/><G69/><T24/><D134/><U124/><E124/><V89/><F15/><W126/><G66/><T106/><D106/><U26/><E40/><V37/><F37/><W111/><G111/><T20/><D71/><U121/><E121/><V87/><F46/><W51/><G126/><T109/><D109/><U44/><E44/><N who="3" m="16970" /><G33/><T21/><D14/><U65/><AGARI ba="0,0" hai="16,22,26,50,54,57,59,62,65,73,74,98,100,105" machi="65" ten="20,5200,0" yaku="0,1,7,1,52,1,54,1" doraHai="93" who="1" fromWho="1" sc="123,-13,469,52,198,-26,210,-13" /><INIT seed="3,0,0,2,1,79" ten="110,521,172,197" oya="3" hai0="80,26,43,104,74,49,4,39,116,73,32,127,16" hai1="63,59,112,66,38,105,135,100,21,25,102,36,77" hai2="96,44,58,62,107,70,120,33,89,99,121,114,65" hai3="82,47,98,52,83,85,125,84,45,53,117,19,129" shuffle="mt19937ar,B0762FBB,EEA88BA7,E5ECFB78,CFC952CE,2300692A,E5610B28,EEBE9B9E,70B9FB5F"/><W20/><G117/><T60/><D116/><U113/><E77/><V37/><F33/><W131/><G98/><T68/><D104/><U69/><E59/><V0/><F0/><W119/><G119/><T78/><D127/><U34/><E135/><V29/><F29/><W15/><G125/><T2/><D49/><U123/><E123/><N who="2" m="47179" /><F114/><W132/><G132/><T23/><D32/><U9/><E9/><V17/><F70/><W90/><G131/><T126/><D126/><U6/><E6/><V128/><F128/><W48/><G129/><T50/><D50/><U110/><E21/><V134/><F134/><W72/><G72/><T103/><D103/><U118/><E102/><V24/><F107/><W12/><G12/><T130/><D130/><U51/><E51/><V115/><F115/><W108/><G108/><T92/><D92/><U8/><E8/><V71/><F71/><W76/><G47/><T46/><D73/><U81/><E118/><V5/><F5/><W40/><AGARI ba="0,0" hai="15,19,20,40,45,48,52,53,76,82,83,84,85,90" machi="40" ten="20,18000,2" yaku="0,1,7,1,8,1,52,2,54,1" doraHai="79" who="3" fromWho="3" sc="110,-60,521,-60,172,-60,197,180" /><INIT seed="3,1,0,5,1,109" ten="50,461,112,377" oya="3" hai0="81,98,6,29,83,40,124,61,112,16,9,133,74" hai1="31,0,42,58,65,79,96,107,76,48,92,110,21" hai2="122,19,85,73,62,3,23,88,36,67,57,10,108" hai3="30,113,33,69,64,37,135,22,38,39,55,87,27" shuffle="mt19937ar,90A3FE66,27D3A4B6,27276E40,1F3AFB42,E10C2C63,A7C77FEB,68638060,EFE3A036"/><W34/><G135/><T68/><D133/><U115/><E0/><V54/><F73/><W91/><G55/><T18/><D29/><U51/><E107/><V121/><F36/><W63/><REACH who="3" step="1"/><G113/><REACH who="3" step="2"/><T53/><D124/><U90/><E115/><V117/><F54/><W44/><G44/><T97/><D40/><U59/><E42/><V103/><F121/><W17/><G17/><T47/><D112/><U1/><E110/><V25/><F19/><W56/><G56/><N who="1" m="21546" /><E65/><V52/><F57/><W11/><G11/><T99/><D68/><U60/><E60/><V95/><F62/><W32/><G32/><T86/><D61/><U119/><E119/><V114/><F67/><W45/><G45/><T72/><D72/><U50/><E1/><V43/><F108/><W28/><G28/><T116/><D74/><U8/><E8/><V130/><F114/><W26/><G26/><AGARI ba="1,1" hai="21,26,31,48,50,51,76,79,90,92,96" m="21546" machi="26" ten="30,1000,0" yaku="8,1" doraHai="109" who="1" fromWho="3" sc="50,0,461,23,112,0,367,-13" owari="50,-35,484,49,112,-24,354,10" /></mjloggm>