<mjloggm ver="2.3"><GO type="225"/><UN n0="%52%65%64%4D%61%67%69%63" n1="%E7%AE%A1%E5%AF%9D" n2="%73%69%64%65" n3="%E4%BA%8C%E4%B8%89%E8%B5%A4%E4%BA%94%EF%BC%94%EF%BC%96%EF%BC%98" dan="16,16,17,16" rate="2032,2057,2101,2093" sx="M,M,M,M"/><TAIKYOKU oya="0"/><INIT seed="0,0,0,3,0,30" ten="250,250,250,250" oya="0" hai0="40,6,109,86,89,51,35,71,125,9,120,12,5" hai1="27,93,52,23,61,3,31,68,76,119,135,85,11" hai2="53,115,100,4,0,38,16,25,47,17,69,133,106" hai3="79,15,60,110,2,99,111,37,42,130,92,128,34" shuffle="mt19937ar,BBCD79A7,E82E9FE9,9F41AEE6,6126863F,8DF19920,AA279F33,8E5FC810,006D7DAD"/><T44/><D120/><U24/><E119/><V108/><F69/><W78/><G2/><T134/><D71/><U26/><E135/><V28/><F115/><W132/><G132/><T33/><D134/><U46/><E68/><V114/><F133/><W48/><G37/><T123/><D123/><U59/><E46/><V95/><F114/><W70/><G15/><T88/><D125/><U126/><E126/><V50/><F106/><W1/><G1/><T62/><D109/><N who="3" m="41481" /><G34/><T117/><D117/><U14/><E3/><V103/><F108/><W74/><G48/><T87/><D62/><U96/><E85/><V39/><F0/><W67/><G42/><T118/><D118/><U82/><E82/><V131/><F4/><W10/><G10/><T18/><D5/><U49/><E76/><N who="3" m="29226" /><G74/><T8/><D9/><U98/><E49/><V7/><F7/><W13/><G13/><T121/><D6/><N who="1" m="3447" /><E96/><V66/><F39/><W80/><G80/><T107/><D107/><U105/><E105/><V122/><F38/><W102/><AGARI ba="0,0" hai="60,67,70,92,99,102,128,130" m="29226,41481" machi="102" ten="30,1100,0" yaku="14,1" doraHai="30" who="3" fromWho="3" sc="250,-5,250,-3,250,-3,250,11" /><INIT seed="1,0,0,4,3,99" ten="245,247,247,261" oya="1" hai0="85,16,19,26,33,70,133,37,128,7,24,87,107" hai1="118,23,78,97,11,27,43,130,77,50,49,73,79" hai2="84,36,113,88,104,131,52,75,89,110,34,44,64" hai3="45,61,60,96,46,12,111,101,8,93,124,80,68" shuffle="mt19937ar,6B539E5E,A990DA20,FE35E2A8,63F58E64,E4376599,BCC508F6,B25703F7,C282F753"/><U125/><E118/><V83/><F34/><W116/><G116/><T66/><D37/><U30/><E130/><V94/><F104/><W114/><G114/><T117/><D117/><U119/><E119/><V81/><F131/><W129/><G129/><T63/><D128/><U90/><E73/><V71/><F113/><W98/><G124/><T54/><D107/><U92/><E125/><V1/><F1/><W58/><G111/><T126/><D126/><U10/><REACH who="1" step="1"/><E49/><REACH who="1" step="2"/><N who="2" m="28711" /><F75/><W59/><G68/><T62/><D70/><U76/><N who="1" m="19456" /><DORA hai="13" /><U135/><E135/><V39/><F71/><W91/><G61/><T9/><D133/><U47/><AGARI ba="0,1" hai="10,11,23,27,30,43,47,50,90,92,97" m="19456" machi="47" ten="40,7800,0" yaku="1,1,0,1,8,1,53,0" doraHai="99,13" doraHaiUra="3,31" who="1" fromWho="1" sc="245,-26,237,88,247,-26,261,-26" /><INIT seed="1,1,0,2,3,15" ten="219,325,221,235" oya="1" hai0="130,41,73,26,55,56,42,107,69,93,133,11,33" hai1="39,0,44,78,123,54,29,94,134,70,14,108,82" hai2="40,83,91,30,88,31,135,66,116,48,27,121,50" hai3="58,92,128,122,36,111,51,109,132,47,49,96,63" shuffle="mt19937ar,183EBF89,7D730744,CDFEAFD8,029C295D,3753D99E,2259846C,031E2B2E,DB4219B5"/><U86/><E123/><V35/><F121/><W34/><G122/><T38/><D107/><U62/><E0/><V3/><F116/><W106/><G34/><T45/><D73/><U68/><E29/><V131/><F3/><W105/><G36/><T37/><D69/><U79/><E79/><V97/><F66/><W72/><G72/><T99/><D133/><U85/><E134/><V90/><F135/><W115/><G132/><T1/><D130/><U118/><E118/><V13/><F131/><W67/><G128/><T77/><D77/><U87/><E39/><V57/><F31/><W25/><G115/><T124/><D26/><U53/><E44/><V24/><F24/><W5/><G25/><T10/><D33/><U110/><E14/><V104/><F40/><W59/><G5/><T114/><D114/><U129/><E129/><V23/><F57/><W65/><G92/><T22/><D22/><U98/><E82/><V19/><REACH who="2" step="1"/><F83/><REACH who="2" step="2"/><W9/><G59/><T71/><D1/><U16/><E68/><V20/><F20/><W28/><G58/><T81/><D81/><U76/><E70/><V95/><F95/><W117/><G117/><T125/><D71/><U46/><E94/><V32/><F32/><W119/><G119/><T112/><D112/><U102/><E54/><V12/><F12/><W18/><G67/><T43/><D38/><U4/><E53/><V7/><F7/><W101/><G65/><T61/><D37/><U52/><E4/><V100/><AGARI ba="1,1" hai="13,19,23,27,30,35,48,50,88,90,91,97,100,104" machi="100" ten="30,8000,1" yaku="1,1,0,1,52,1,54,1,53,1" doraHai="15" doraHaiUra="17" who="2" fromWho="2" sc="219,-21,325,-41,211,93,235,-21" /><INIT seed="2,0,0,3,5,73" ten="198,284,304,214" oya="2" hai0="40,45,43,33,131,7,4,20,51,2,35,3,41" hai1="67,72,69,48,78,6,26,111,118,70,113,126,100" hai2="84,59,117,110,97,112,116,83,87,12,91,124,49" hai3="98,132,89,128,36,25,28,90,77,65,54,80,24" shuffle="mt19937ar,3FFB153F,2AB48318,FA882C66,75ED2570,B9FD4B3D,85CF5C4F,8A32A80C,947272F1"/><V109/><F112/><W121/><G121/><T5/><D131/><U82/><E118/><V75/><F124/><W47/><G128/><T53/><REACH who="0" step="1"/><D20/><REACH who="0" step="2"/><U99/><E69/><V95/><F117/><W9/><G132/><T32/><AGARI ba="0,1" hai="2,3,4,5,7,32,33,35,40,41,43,45,51,53" machi="32" ten="40,8000,1" yaku="1,1,2,1,0,1,29,2,53,0" doraHai="73" doraHaiUra="115" who="0" fromWho="0" sc="188,90,284,-20,304,-40,214,-20" /><INIT seed="3,0,0,1,4,66" ten="278,264,264,194" oya="3" hai0="45,76,31,134,32,19,105,54,62,9,109,58,100" hai1="5,63,90,12,41,116,24,131,81,98,16,133,39" hai2="69,121,115,60,77,117,46,122,3,87,35,104,29" hai3="70,51,99,72,10,49,67,25,13,47,17,15,57" shuffle="mt19937ar,5DEA754A,0AF013B0,A5933884,3397B996,1F4865C6,91E8CD90,19F9FE00,85AB9F6E"/><W73/><G70/><T68/><D134/><U88/><E131/><V6/><F115/><W91/><G25/><T61/><D76/><U7/><E133/><V22/><F35/><W43/><G67/><T71/><D45/><U59/><E116/><V1/><F104/><W93/><REACH who="3" step="1"/><G15/><REACH who="3" step="2"/><T132/><D68/><U82/><E24/><N who="2" m="16535" /><F117/><W123/><G123/><T65/><D71/><U74/><E81/><N who="2" m="47535" /><F6/><N who="1" m="2057" /><E82/><V124/><F124/><W108/><G108/><T125/><D65/><N who="1" m="39167" /><E74/><V14/><F14/><W37/><G37/><T21/><D125/><U120/><E120/><N who="2" m="46187" /><F46/><W112/><G112/><T130/><D132/><U128/><E128/><V52/><F69/><W118/><G118/><T97/><D130/><U79/><E39/><V38/><F38/><W33/><G33/><T113/><D32/><U36/><E36/><V106/><F106/><W2/><G2/><T85/><D105/><U56/><E12/><V28/><F28/><W107/><G107/><T75/><D113/><U95/><E16/><V0/><F60/><W78/><G78/><T86/><D61/><U135/><E135/><V80/><F80/><W48/><G48/><T94/><D75/><U18/><E18/><V4/><F4/><W26/><G26/><T111/><D111/><U40/><E79/><V11/><F11/><W8/><G8/><T42/><D109/><U127/><E127/><V84/><F84/><W53/><AGARI ba="0,1" hai="10,13,17,43,47,49,51,53,57,72,73,91,93,99" machi="53" ten="30,3000,0" yaku="1,1,0,1,53,0" doraHai="66" doraHaiUra="103" who="3" fromWho="3" sc="278,-10,264,-10,264,-10,184,40" /><INIT seed="3,1,0,4,0,10" ten="268,254,254,224" oya="3" hai0="119,87,104,132,117,99,22,135,29,128,91,76,116" hai1="98,107,0,75,66,130,69,79,81,19,85,24,17" hai2="57,41,55,126,54,1,88,6,102,20,123,51,131" hai3="62,108,121,86,92,97,103,83,58,47,110,64,36" shuffle="mt19937ar,44DE50D8,14736E95,172404AF,A303899E,E2B13D47,9614C58F,12A337A8,6F7EACB2"/><W56/><G121/><T125/><D22/><U50/><E0/><V134/><F123/><W124/><G124/><T127/><D29/><U90/><E130/><V45/><F131/><W49/><G36/><T21/><D21/><U40/><E24/><V53/><F126/><N who="0" m="48138" /><D76/><U100/><E40/><V59/><F134/><N who="0" m="51242" /><D128/><U78/><E50/><V65/><F102/><W34/><G34/><T32/><D32/><U84/><E78/><V15/><F65/><W68/><G68/><T113/><D113/><U33/><E33/><V16/><REACH who="2" step="1"/><F88/><REACH who="2" step="2"/><W30/><G30/><T4/><D119/><U96/><E84/><V118/><F118/><W31/><G31/><T38/><D91/><U73/><E73/><V2/><F2/><W27/><G27/><T42/><D87/><U44/><E96/><V80/><F80/><W37/><G37/><T95/><D38/><U23/><E66/><V35/><F35/><W61/><G64/><T48/><D116/><U25/><E90/><V82/><F82/><W106/><G106/><T105/><D104/><U114/><E85/><V7/><F7/><W46/><G62/><T52/><D105/><U122/><E107/><V129/><F129/><W12/><G61/><T39/><D39/><U18/><E75/><V109/><F109/><N who="3" m="42091" /><G12/><T28/><D28/><U101/><E101/><V71/><F71/><W63/><G63/><T14/><D117/><U93/><E69/><V43/><F43/><N who="3" m="24799" /><G47/><T111/><D14/><U120/><E44/><V11/><AGARI ba="1,1" hai="1,6,11,15,16,20,41,45,51,53,54,55,57,59" machi="11" ten="30,7900,0" yaku="1,1,0,1,52,1,54,1,53,0" doraHai="10" doraHaiUra="67" who="2" fromWho="2" sc="268,-21,254,-21,244,92,224,-40" owari="247,0,233,-12,336,34,184,-22" /></mjloggm>