<mjloggm ver="2.3"><GO type="225"/><UN n0="%E9%95%B7%E6%9D%91%E3%83%93%E3%83%83%E3%82%B0" n1="%E3%82%88%E3%81%A3%E3%81%A1" n2="%4E%6F%2E%32" n3="%E9%9E%8D" dan="16,16,16,16" rate="2086,2071,2081,2026" sx="M,M,M,M"/><TAIKYOKU oya="0"/><INIT seed="0,0,0,3,5,43" ten="250,250,250,250" oya="0" hai0="54,109,25,131,127,36,76,81,33,72,88,68,115" hai1="5,69,1,113,56,35,111,95,135,18,107,59,44" hai2="124,130,93,65,11,132,99,103,97,49,2,108,40" hai3="38,70,30,13,20,51,42,27,75,123,55,110,32" shuffle="mt19937ar,6E2480BA,39DAD826,33B81843,A5C2A21E,3FD4E137,0DF5EF13,C067CE32,F3769A57"/><T21/><D115/><U122/><E69/><V92/><F108/><W23/><G70/><T66/><D131/><U64/><E107/><V53/><F65/><W28/><G75/><T125/><D33/><U71/><E35/><V102/><F124/><N who="0" m="47690" /><D109/><U47/><E122/><V29/><F132/><W114/><G110/><T3/><D3/><U104/><E111/><V80/><F29/><W91/><G123/><T67/><D68/><U14/><E104/><V15/><F130/><W48/><G114/><T118/><D118/><U31/><E71/><V120/><F80/><W52/><G38/><T19/><D36/><U101/><E1/><V16/><F120/><W41/><G32/><T17/><D17/><U134/><E113/><V37/><F37/><W79/><G79/><T133/><D133/><N who="1" m="50699" /><E31/><V46/><F2/><W96/><G13/><T0/><D0/><U26/><E5/><V89/><F89/><W106/><G27/><T119/><D119/><U86/><E26/><V9/><REACH who="2" step="1"/><F40/><REACH who="2" step="2"/><W129/><G30/><T77/><D77/><U6/><E64/><N who="0" m="24617" /><D54/><U105/><E101/><V94/><F94/><W10/><G28/><T61/><D88/><N who="1" m="53655" /><E105/><V85/><F85/><W4/><G129/><T73/><D72/><U100/><E100/><V8/><AGARI ba="0,1" hai="8,9,11,15,16,46,49,53,92,93,97,99,102,103" machi="8" ten="20,12000,2" yaku="1,1,0,1,7,1,9,1,8,1,52,1,54,1,53,0" doraHai="43" doraHaiUra="126" who="2" fromWho="2" sc="250,-60,250,-30,240,130,250,-30" /><INIT seed="1,0,0,0,1,97" ten="190,220,370,220" oya="1" hai0="105,91,86,17,28,20,64,81,69,119,74,2,32" hai1="51,33,88,111,41,129,107,72,50,90,7,36,8" hai2="48,22,115,61,29,39,46,94,53,56,25,121,75" hai3="57,0,102,122,130,106,128,23,110,60,58,26,108" shuffle="mt19937ar,75C4FFBC,97FCA526,BD91ACD1,55D10E5F,D454C473,976AC3DD,E14A1755,56294EC2"/><U54/><E33/><V112/><F121/><W132/><G0/><T109/><D119/><U65/><E107/><V89/><F75/><W101/><G122/><T21/><D2/><U4/><E65/><V100/><F39/><W92/><G106/><T79/><D109/><N who="3" m="42089" /><G132/><T78/><D78/><U135/><E72/><V45/><F100/><N who="3" m="38507" /><G92/><T13/><D105/><U24/><E24/><V12/><F12/><W87/><G87/><T59/><D69/><U43/><E36/><V85/><F115/><W73/><G73/><T114/><D114/><U6/><E8/><V82/><F112/><W16/><G58/><T103/><D103/><U49/><E135/><V118/><F118/><W70/><G70/><T71/><D71/><U93/><E111/><V44/><REACH who="2" step="1"/><F94/><REACH who="2" step="2"/><W125/><G125/><T67/><D74/><U30/><E93/><V3/><F3/><W134/><G134/><T126/><D126/><U131/><E131/><V117/><F117/><W62/><G62/><AGARI ba="0,1" hai="22,25,29,44,45,46,48,53,56,61,62,82,85,89" machi="62" ten="40,2600,0" yaku="1,1,8,1,53,0" doraHai="97" doraHaiUra="9" who="2" fromWho="3" sc="190,0,220,0,360,36,220,-26" /><INIT seed="2,0,0,5,5,87" ten="190,220,396,194" oya="2" hai0="59,67,78,8,130,95,121,124,131,60,118,101,10" hai1="70,47,123,61,24,122,86,19,63,5,88,92,105" hai2="26,56,75,113,49,125,68,117,4,53,31,41,11" hai3="98,126,73,58,97,76,96,81,128,91,80,18,103" shuffle="mt19937ar,3C3ED900,7E9622C4,53C9D867,380CE8F3,E6796B0C,4FB7482A,809B0EB8,BEF9370B"/><V99/><F117/><W21/><G126/><T64/><D121/><N who="1" m="46091" /><E105/><V110/><F75/><W7/><G128/><N who="0" m="49195" /><D124/><U79/><E47/><V127/><F68/><W93/><G7/><T45/><D118/><U120/><E5/><V32/><F113/><W3/><G3/><T35/><D35/><U20/><E70/><V14/><F110/><W22/><G58/><T74/><D45/><U119/><E119/><V50/><F41/><W34/><G34/><T37/><D37/><U134/><E134/><V12/><F50/><W132/><G132/><T94/><D64/><U72/><N who="1" m="46099" /><U46/><DORA hai="57" /><E46/><V6/><F99/><W36/><G36/><T13/><D101/><U55/><E55/><V29/><F29/><W25/><G81/><AGARI ba="0,0" hai="19,20,24,61,63,72,79,81,86,88,92" m="46099" machi="81" ten="40,8000,1" yaku="13,1,52,3,54,1" doraHai="87,57" who="1" fromWho="3" sc="190,0,220,80,396,0,194,-80" /><INIT seed="3,0,0,4,0,37" ten="190,300,396,114" oya="3" hai0="85,93,42,5,48,83,80,51,19,28,56,11,97" hai1="111,79,25,95,44,16,4,32,30,75,101,116,96" hai2="92,33,78,122,8,52,13,121,34,23,128,134,71" hai3="49,70,6,113,7,38,29,9,102,120,135,91,45" shuffle="mt19937ar,71E64F7B,E02C163D,BF827808,91D83631,27C5AF7E,AAF0443F,1BA84F1C,7E86EF1E"/><W72/><G70/><T1/><D28/><U59/><E4/><V10/><F71/><W18/><G113/><T84/><D19/><U82/><E116/><V31/><F134/><W125/><G72/><T107/><D107/><U90/><E111/><V26/><F78/><W99/><G120/><N who="2" m="46185" /><F128/><W41/><G135/><T15/><D1/><U22/><E59/><V115/><F115/><W109/><G109/><T2/><D2/><U54/><E54/><V3/><F52/><W106/><G125/><T63/><D83/><U35/><E30/><V124/><F124/><W24/><G91/><N who="0" m="55487" /><D42/><U87/><REACH who="1" step="1"/><E44/><REACH who="1" step="2"/><V60/><F31/><W17/><G38/><T58/><D56/><U130/><E130/><V21/><F3/><W132/><G132/><T81/><D58/><U40/><E40/><V105/><F60/><W114/><G114/><T103/><D63/><U66/><E66/><V110/><F110/><W119/><G119/><T127/><D127/><U57/><E57/><V68/><F68/><W100/><G100/><T12/><D103/><U46/><E46/><V73/><F33/><W98/><G98/><T133/><D133/><U74/><E74/><V53/><F73/><W27/><G6/><T39/><D5/><U94/><AGARI ba="0,1" hai="16,22,25,32,35,75,79,82,87,90,94,95,96,101" machi="94" ten="20,5200,0" yaku="1,1,0,1,7,1,54,1,53,0" doraHai="37" doraHaiUra="0" who="1" fromWho="1" sc="190,-13,290,62,396,-13,114,-26" owari="177,-17,352,10,383,38,88,-31" /></mjloggm>