<mjloggm ver="2.3"><GO type="225"/><UN n0="%E9%9B%AA%E5%9B%BD%E8%82%B2%E3%81%A1" n1="%E3%81%AB%E3%82%83%E3%82%93%E3%81%93%E5%85%88%E7%94%9F" n2="%E3%83%9A%E3%83%AD%E3%81%A1%E3%82%83%E3%82%93" n3="%E7%AC%AC%E4%B8%80%E8%B6%85%E3%83%A9%E3%83%B3%E9%9B%80%E5%A3%AB" dan="17,16,16,16" rate="2131,2069,2033,2000" sx="M,F,M,M"/><TAIKYOKU oya="0"/><INIT seed="0,0,0,2,0,49" ten="250,250,250,250" oya="0" hai0="53,99,98,84,11,46,74,124,127,77,122,14,109" hai1="78,15,28,44,88,56,107,92,57,115,118,66,72" hai2="64,68,102,31,111,113,135,75,101,23,18,69,61" hai3="104,83,116,19,39,114,37,36,91,120,60,89,105" shuffle="mt19937ar,7AD82737,EBD297F6,FE805E4B,CA307909,7CC7F7DE,021522D5,E1E68A15,6E0ED1D9"/><T12/><D122/><U62/><E118/><V70/><F113/><W0/><G0/><T80/><D74/><U25/><E107/><V59/><F75/><W86/><G116/><T21/><D109/><U117/><E117/><V29/><F111/><W110/><G110/><T131/><D131/><U121/><E121/><V27/><F135/><W8/><G120/><T52/><D46/><U106/><E106/><V41/><F41/><W73/><G114/><T79/><D21/><U48/><E115/><V30/><AGARI ba="0,0" hai="18,23,27,29,30,31,59,61,64,68,69,70,101,102" machi="30" ten="40,1500,0" yaku="0,1" doraHai="49" who="2" fromWho="2" sc="250,-7,250,-4,250,15,250,-4" /><INIT seed="1,0,0,5,4,68" ten="243,246,265,246" oya="1" hai0="25,63,97,1,110,44,48,45,15,76,11,103,118" hai1="14,120,125,53,91,8,12,114,21,87,17,22,113" hai2="135,54,4,23,79,126,128,115,10,38,58,40,9" hai3="42,107,95,2,29,60,83,18,94,72,92,69,75" shuffle="mt19937ar,3FB4CD9B,2A00A5CB,B8FEF21A,5A62C968,DCBFA469,841A221F,DCC2EA8D,2D89E416"/><U65/><E120/><V31/><F115/><W47/><G107/><T34/><D118/><U56/><E125/><V100/><F126/><W49/><G2/><T5/><D76/><U101/><E101/><V24/><F128/><W3/><G3/><T134/><D134/><U71/><E71/><V52/><F135/><W123/><G123/><T131/><D131/><U90/><E65/><V67/><F79/><W37/><G29/><T108/><D63/><U96/><E96/><V39/><F100/><W109/><G18/><T93/><D1/><U0/><E0/><V98/><F98/><W28/><G28/><N who="0" m="19727" /><D48/><N who="1" m="30759" /><E90/><V85/><F85/><W129/><G129/><T35/><D35/><U57/><E57/><V19/><F67/><W55/><G83/><T82/><D82/><U127/><E127/><V16/><F4/><W117/><G117/><T51/><D51/><U99/><E99/><V133/><F133/><W80/><G80/><T89/><D89/><U43/><E43/><V7/><F7/><W102/><G102/><T77/><D77/><U130/><E130/><V62/><F40/><W116/><G116/><T13/><D13/><U20/><E113/><V6/><F6/><W70/><G70/><T119/><D119/><U33/><E114/><V124/><F124/><W59/><G109/><AGARI ba="0,0" hai="5,11,15,44,45,93,97,103,108,109,110" m="19727" machi="109" ten="30,1000,0" yaku="14,1" doraHai="68" who="0" fromWho="3" sc="243,10,246,0,265,0,246,-10" /><INIT seed="2,0,0,4,5,82" ten="253,246,265,236" oya="2" hai0="97,57,37,128,32,13,36,65,104,53,112,103,109" hai1="87,131,46,14,24,29,133,123,107,100,84,111,41" hai2="126,75,52,129,31,135,17,8,59,10,55,110,63" hai3="118,16,115,105,26,27,96,12,35,0,119,95,121" shuffle="mt19937ar,2661B8CC,32E7A9F7,D2088BF3,E1F23B57,EE3CC683,D5F9826F,4826CE1B,4AF7759F"/><V90/><F129/><W91/><G121/><T114/><D32/><U116/><E116/><V92/><F135/><W93/><G0/><T43/><D128/><U81/><E131/><V61/><F126/><W23/><G115/><T38/><D109/><U33/><E111/><V45/><F110/><W4/><G4/><T2/><D2/><U113/><E113/><V48/><F75/><W44/><G105/><T125/><D43/><U102/><E133/><V34/><F34/><W64/><G64/><T3/><D3/><U130/><E130/><V25/><F31/><W108/><G108/><T66/><D125/><U83/><E123/><V120/><F63/><W79/><G79/><T89/><D13/><U5/><E107/><V73/><F73/><W39/><G93/><T28/><D28/><U77/><E14/><V54/><F54/><W85/><G96/><T132/><D132/><U80/><E5/><V56/><F56/><W78/><G78/><T11/><D11/><U62/><E62/><V74/><F74/><W22/><G35/><T19/><D19/><U88/><E81/><V20/><F120/><W117/><REACH who="3" step="1"/><G23/><REACH who="3" step="2"/><T134/><D134/><U47/><E47/><V122/><F122/><W70/><G70/><T101/><D114/><U21/><REACH who="1" step="1"/><E33/><REACH who="1" step="2"/><V18/><F17/><W40/><AGARI ba="0,2" hai="12,16,22,26,27,39,40,44,85,91,95,117,118,119" machi="40" ten="40,8000,1" yaku="1,1,0,1,52,1,54,1,53,0" doraHai="82" doraHaiUra="60" who="3" fromWho="3" sc="253,-20,236,-20,265,-40,226,100" /><INIT seed="3,0,0,2,5,93" ten="233,216,225,326" oya="3" hai0="116,130,27,66,71,30,67,2,80,127,42,34,118" hai1="125,57,36,89,121,112,40,98,15,75,110,51,45" hai2="62,87,63,123,5,133,43,9,126,37,11,21,122" hai3="64,135,101,44,103,111,35,41,82,100,1,26,106" shuffle="mt19937ar,34CA5446,B3350F14,44112E61,F8508AB9,E7965584,7BD3A76F,E76DF8A8,EDF4B31A"/><W19/><G1/><T115/><D115/><U24/><E112/><V23/><F126/><W113/><G113/><T69/><D127/><U54/><E125/><V83/><F133/><W6/><G6/><T18/><D130/><U85/><E121/><N who="2" m="46091" /><F43/><W88/><G135/><T107/><D2/><U117/><E110/><V65/><F37/><W78/><G106/><T38/><D107/><U7/><E117/><V29/><F29/><W14/><G64/><T28/><D18/><U0/><E0/><N who="2" m="167" /><F11/><W8/><G35/><T124/><D124/><U58/><E75/><V79/><F62/><W129/><G129/><T114/><D114/><U32/><E32/><V90/><F79/><W17/><G78/><T77/><D42/><U59/><E24/><V74/><F74/><W105/><G105/><T10/><D38/><U102/><E7/><V48/><F48/><N who="3" m="26639" /><G26/><T47/><D116/><U132/><E132/><V131/><F131/><W97/><G111/><T20/><D118/><U39/><E39/><V70/><AGARI ba="0,0" hai="21,23,63,65,70,83,87,90" m="167,46091" machi="70" ten="30,1100,0" yaku="13,1" doraHai="93" who="2" fromWho="2" sc="233,-3,216,-3,225,11,326,-5" owari="230,-12,213,-19,236,-1,321,32" /></mjloggm>