<mjloggm ver="2.3"><GO type="225"/><UN n0="%E9%9B%AA%E5%9B%BD%E8%82%B2%E3%81%A1" n1="%E3%81%BF%E3%81%A3%E3%81%A4%E3%81%83%EF%BD%9E" n2="%E3%82%88%E3%81%A3%E3%81%A1" n3="%E9%9B%B2%E9%9B%80%E6%81%AD%E5%BC%A5" dan="17,17,16,17" rate="2132,2147,2063,2200" sx="M,F,M,M"/><TAIKYOKU oya="0"/><INIT seed="0,0,0,5,2,96" ten="250,250,250,250" oya="0" hai0="26,44,84,76,13,110,88,42,57,9,135,102,126" hai1="5,59,134,131,19,36,106,79,119,18,86,85,111" hai2="51,7,107,58,92,70,30,101,68,77,95,104,54" hai3="71,46,69,40,75,94,97,52,31,45,4,103,0" shuffle="mt19937ar,BDC66F12,2D428739,7A06E1F7,3BC1164D,CA3106B1,F52A0678,771A8439,47A698C1"/><T50/><D126/><U125/><E36/><V93/><F77/><W64/><G75/><T72/><D110/><U53/><E119/><V128/><F128/><W133/><G133/><T60/><D135/><U20/><E134/><V27/><F7/><W123/><G123/><T117/><D117/><U100/><E5/><V22/><REACH who="2" step="1"/><F101/><REACH who="2" step="2"/><W130/><G130/><T41/><D102/><U99/><E131/><V10/><F10/><W49/><G4/><T23/><D76/><U48/><E79/><V73/><F73/><W12/><G0/><T56/><D72/><U122/><E122/><V37/><F37/><W81/><G103/><T63/><D41/><U98/><E111/><V114/><F114/><W82/><G40/><T113/><D113/><U24/><E125/><V29/><F29/><W8/><G31/><N who="0" m="17887" /><D63/><U32/><E19/><V129/><F129/><W116/><G116/><T65/><D60/><U61/><E61/><V1/><F1/><W67/><G8/><T74/><D74/><U47/><E100/><V78/><F78/><W43/><G43/><T17/><D65/><U14/><E106/><AGARI ba="0,1" hai="22,27,30,51,54,58,68,70,92,93,95,104,106,107" machi="106" ten="40,1300,0" yaku="1,1,53,0" doraHai="96" doraHaiUra="105" who="2" fromWho="1" sc="250,0,250,-13,240,23,250,0" /><INIT seed="1,0,0,1,3,53" ten="250,237,263,250" oya="1" hai0="135,58,118,46,27,14,31,132,126,80,36,44,71" hai1="57,15,42,94,133,6,95,60,82,105,88,62,121" hai2="28,19,32,35,134,84,8,55,107,70,54,108,41" hai3="39,11,83,117,129,25,81,24,99,47,23,76,37" shuffle="mt19937ar,79DF8104,CDC48800,2B02179D,D1A7A063,2FFD6477,9912A6EA,46614E96,9DF1B38A"/><U104/><E121/><V97/><F70/><W26/><G129/><T120/><D71/><U78/><E42/><V65/><F41/><W103/><G117/><T34/><D120/><U2/><E2/><V115/><F65/><W12/><G23/><T124/><D118/><U10/><E62/><V63/><F115/><W75/><G83/><T61/><D80/><U101/><E101/><V106/><F84/><W3/><G3/><T13/><D13/><U98/><E95/><V72/><F72/><W66/><G66/><N who="0" m="39223" /><D14/><U93/><E93/><V77/><F77/><W123/><G123/><T122/><D122/><U30/><E30/><V73/><F73/><W56/><G47/><N who="0" m="17963" /><D36/><U91/><E91/><V59/><F28/><W40/><G40/><T52/><D52/><U64/><REACH who="1" step="1"/><E133/><AGARI ba="0,0" hai="27,31,34,124,126,132,133,135" m="17963,39223" machi="133" ten="30,2000,0" yaku="20,1,52,1" doraHai="53" who="0" fromWho="1" sc="250,20,237,-20,263,0,250,0" /><INIT seed="2,0,0,0,3,24" ten="270,217,263,250" oya="2" hai0="62,21,80,99,20,134,13,101,122,103,132,40,28" hai1="72,76,54,66,55,93,107,96,53,124,115,133,83" hai2="5,11,106,0,102,59,87,130,45,123,77,27,9" hai3="50,44,116,63,78,67,82,79,43,121,34,15,73" shuffle="mt19937ar,EDD4511C,223558E4,5C00293D,D5CFFBD0,FCBE126F,5E81154E,65FC0E6D,6C85383D"/><V118/><F118/><W46/><G121/><T18/><D122/><U26/><E107/><V10/><F123/><W49/><G116/><T109/><D40/><U31/><E115/><V36/><F130/><W88/><G34/><T74/><D109/><U22/><E133/><N who="0" m="51305" /><D62/><U117/><E124/><V23/><F59/><W14/><G79/><N who="0" m="44151" /><D99/><U127/><E127/><V129/><F129/><W125/><G125/><T41/><D41/><U84/><E117/><V85/><F45/><W33/><G33/><T25/><AGARI ba="0,0" hai="13,18,20,21,25,28,101,103" m="44151,51305" machi="25" ten="30,2000,0" yaku="20,1,52,1" doraHai="24" who="0" fromWho="0" sc="270,20,217,-5,263,-10,250,-5" /><INIT seed="3,0,0,3,4,8" ten="290,212,253,245" oya="3" hai0="21,59,32,33,105,86,81,133,2,47,125,30,62" hai1="41,112,44,40,114,48,19,55,76,135,87,61,97" hai2="79,22,113,57,35,116,75,94,20,95,65,6,115" hai3="134,14,107,63,73,100,127,36,16,27,46,123,64" shuffle="mt19937ar,65EE75D6,DB36D3FB,00E7169E,EDE8A4FC,1DCF8D43,BDB2E93C,25B462CD,3E876FF9"/><W117/><G123/><T56/><D105/><U9/><E135/><V110/><F35/><W130/><G117/><T96/><D2/><U72/><E72/><V129/><F79/><W106/><G73/><T80/><D125/><U71/><E97/><V66/><F75/><W88/><G134/><T1/><D1/><U18/><E71/><V0/><F57/><W28/><G127/><T84/><D133/><U31/><E31/><V122/><F0/><W37/><G130/><T38/><D96/><U89/><E76/><V24/><F129/><W12/><G88/><T109/><D109/><U7/><E114/><V34/><F34/><W45/><G36/><T83/><D32/><U120/><E112/><V132/><F24/><W111/><G111/><T53/><D33/><U52/><E120/><V5/><F132/><W93/><G107/><T118/><D118/><U23/><E7/><V119/><F110/><W42/><G106/><T101/><D101/><U60/><E9/><V29/><F29/><W104/><G104/><T26/><D38/><U58/><E61/><V13/><F13/><W85/><G46/><T70/><D70/><U91/><E19/><V90/><F90/><N who="1" m="34313" /><E87/><N who="0" m="33321" /><D62/><U68/><E68/><V126/><REACH who="2" step="1"/><F126/><REACH who="2" step="2"/><W131/><G131/><T128/><D128/><U74/><E74/><V82/><F82/><W25/><G28/><T3/><D3/><U69/><E69/><V54/><F54/><W124/><G124/><T49/><AGARI ba="0,1" hai="21,26,30,47,49,53,56,59,80,81,83" m="33321" machi="49" ten="30,1100,0" yaku="8,1" doraHai="8" who="0" fromWho="0" sc="290,21,212,-3,243,-3,245,-5" owari="311,31,209,-19,240,-1,240,-11" /></mjloggm>