<mjloggm ver="2.3"><GO type="225"/><UN n0="%E9%9B%AA%E5%9B%BD%E8%82%B2%E3%81%A1" n1="%E5%88%BB%E5%AD%90%E5%B8%82%E6%B0%91" n2="%74%EF%BC%9C%6E" n3="%61%6E%62%79%33" dan="17,17,16,16" rate="2141,2142,2074,2091" sx="M,M,F,M"/><TAIKYOKU oya="0"/><INIT seed="0,0,0,1,3,3" ten="250,250,250,250" oya="0" hai0="8,10,12,98,111,21,53,23,1,2,55,35,104" hai1="19,72,22,103,26,73,127,51,78,59,50,39,82" hai2="130,122,67,79,96,38,20,48,84,30,32,120,89" hai3="69,106,94,128,110,60,90,100,114,83,115,135,25" shuffle="mt19937ar,BFF5BA9C,8FF1EFB7,53AB4753,0454F938,A7336787,E3D97BBF,2E1F3B5D,93A191A1"/><T91/><D111/><U65/><E39/><V86/><F38/><W101/><G69/><T102/><D35/><U80/><E127/><V15/><F32/><W46/><G106/><T42/><D42/><U28/><E103/><V108/><F120/><W0/><G0/><T105/><D91/><U58/><E65/><V49/><F122/><W17/><G110/><T24/><D12/><U85/><E72/><V113/><F113/><W131/><G83/><T93/><D93/><U124/><E124/><V5/><F67/><W7/><G46/><T40/><D40/><U81/><E28/><V33/><F33/><W119/><G60/><T125/><D125/><U63/><E73/><V129/><F108/><W97/><G119/><T112/><D24/><U29/><E29/><V13/><F96/><W41/><G41/><T36/><D36/><U132/><E132/><V95/><F129/><N who="3" m="49739" /><G135/><T116/><D116/><U92/><E63/><V70/><F70/><W44/><G44/><T66/><D66/><U45/><E45/><V61/><F61/><W134/><G134/><T75/><D75/><U121/><E121/><V47/><F130/><W77/><G77/><T18/><D112/><U107/><E107/><V9/><F47/><W54/><G54/><T31/><D104/><U16/><E78/><V6/><F79/><W68/><G68/><T88/><D105/><U71/><E71/><V74/><F74/><W87/><G114/><T64/><D64/><U37/><E37/><V118/><F118/><W109/><G109/><T27/><D55/><U56/><E19/><V52/><F52/><RYUUKYOKU ba="0,0" sc="250,-10,250,30,250,-10,250,-10" hai1="16,22,26,50,51,56,58,59,80,81,82,85,92" /><INIT seed="1,1,0,1,1,49" ten="240,280,240,240" oya="1" hai0="65,120,101,54,53,97,60,69,50,20,30,96,21" hai1="102,131,55,4,122,56,103,107,99,132,44,28,33" hai2="98,11,114,35,94,68,121,75,27,32,41,17,105" hai3="73,15,112,95,7,29,8,19,128,88,6,2,113" shuffle="mt19937ar,FC091C4A,32E63287,812AFC68,D025698D,5C6E4CFA,9BDE5AC6,ED4142E4,43D07085"/><U64/><E122/><V40/><F121/><W62/><G73/><T78/><D120/><U85/><E132/><V67/><F75/><W61/><G128/><T119/><D119/><U82/><E131/><V24/><F105/><W123/><G123/><T39/><D39/><U46/><E103/><V59/><F68/><W0/><G0/><T83/><D30/><U45/><E4/><V9/><F114/><W58/><G29/><T116/><D116/><U13/><E13/><V52/><F67/><W110/><G110/><T91/><D91/><U92/><E107/><V66/><F66/><W26/><G26/><N who="2" m="9769" /><F32/><W38/><G38/><T90/><D90/><N who="1" m="51511" /><E33/><V71/><F71/><W84/><G7/><T109/><D109/><U80/><E80/><V10/><F17/><W77/><G77/><T134/><D134/><U47/><E28/><V12/><F12/><W23/><REACH who="3" step="1"/><G62/><REACH who="3" step="2"/><T108/><D108/><U31/><E31/><V25/><F35/><W63/><G63/><T51/><D60/><N who="1" m="37895" /><E47/><V86/><F25/><W127/><G127/><T93/><D69/><U76/><E76/><V133/><F133/><W125/><G125/><T106/><D78/><U42/><E42/><V3/><F3/><W135/><G135/><T14/><D65/><AGARI ba="1,1" hai="2,6,8,15,19,23,58,61,65,84,88,95,112,113" machi="65" ten="30,7700,0" yaku="1,1,7,1,54,1,53,1" doraHai="49" doraHaiUra="18" who="3" fromWho="0" sc="240,-80,280,0,240,0,230,90" /><INIT seed="2,0,0,0,2,95" ten="160,280,240,320" oya="2" hai0="80,30,134,58,34,76,130,93,126,104,75,106,120" hai1="35,26,135,64,128,23,118,66,39,61,85,96,119" hai2="99,89,60,21,82,94,71,59,54,78,11,92,50" hai3="62,74,46,127,22,107,27,117,79,108,111,133,65" shuffle="mt19937ar,E075E6E9,C5E7901B,A3AEE467,C0748C81,E5A1C623,0418FD19,3E6A4921,3EE638E6"/><V20/><F11/><W6/><G117/><T91/><D120/><U98/><E39/><V16/><F92/><W33/><G6/><T14/><D130/><U13/><E35/><V84/><F71/><W121/><G121/><T32/><D126/><U90/><E128/><V83/><F83/><N who="3" m="45559" /><G46/><T63/><D134/><U1/><E1/><V40/><F40/><W15/><G15/><T18/><D30/><U41/><E41/><V52/><F16/><W102/><G127/><T57/><D32/><U47/><E47/><AGARI ba="0,0" hai="20,21,47,50,52,54,59,60,78,82,84,89,94,99" machi="47" ten="30,11600,0" yaku="7,1,8,1,52,1,54,1" doraHai="95" who="2" fromWho="1" sc="160,0,280,-116,240,116,320,0" /><INIT seed="2,1,0,1,3,75" ten="160,164,356,320" oya="2" hai0="124,83,26,88,125,64,7,10,99,55,92,77,25" hai1="33,50,96,76,119,87,133,105,102,97,1,6,34" hai2="78,74,42,95,56,80,3,59,45,111,63,104,71" hai3="23,35,116,103,108,37,123,17,28,128,11,69,65" shuffle="mt19937ar,46C373F8,931F1331,71BC2DE7,AE0AE63D,5067AC07,37B0B286,7249F82B,4D4D52F5"/><V130/><F104/><W94/><G37/><T131/><D64/><U38/><E38/><V29/><F29/><W31/><G123/><T86/><D131/><U134/><E119/><V113/><F113/><W98/><G35/><T89/><D55/><U100/><E50/><V117/><F117/><W41/><G116/><T20/><D89/><U18/><E18/><V81/><F3/><W44/><G11/><T82/><D82/><N who="1" m="47559" /><E6/><V40/><F130/><W12/><G128/><T49/><D49/><U122/><E1/><V93/><F71/><W52/><G108/><T110/><D110/><U58/><E58/><V112/><F111/><W19/><G41/><T24/><REACH who="0" step="1"/><D20/><REACH who="0" step="2"/><U85/><E122/><V13/><F81/><W91/><G52/><T106/><D106/><N who="1" m="63751" /><E34/><V39/><F40/><W51/><G65/><T90/><D90/><U126/><E33/><V9/><F42/><W36/><G23/><T107/><D107/><U115/><E115/><V15/><F112/><W121/><G51/><T21/><D21/><U70/><E70/><V127/><F39/><W129/><G36/><T8/><D8/><U66/><E66/><V79/><F9/><W114/><G69/><T4/><D4/><U72/><E105/><V14/><F63/><W22/><G114/><T48/><D48/><U0/><E102/><V62/><F62/><W27/><G103/><T84/><D84/><U67/><E85/><V109/><F109/><W32/><G129/><T61/><D61/><U2/><E67/><V60/><F60/><W53/><G32/><T135/><D135/><U46/><E134/><RYUUKYOKU ba="1,1" sc="150,30,164,-10,356,-10,320,-10" hai0="7,10,24,25,26,77,83,86,88,92,99,124,125" /><INIT seed="3,2,1,5,0,68" ten="180,154,346,310" oya="3" hai0="32,66,33,87,65,98,60,34,119,11,52,43,36" hai1="110,95,135,134,113,57,10,74,63,24,1,47,19" hai2="27,133,6,120,30,31,3,99,81,126,18,71,107" hai3="89,29,117,8,116,53,64,26,41,69,112,5,85" shuffle="mt19937ar,76F1D119,A0FC283B,0F990B88,429FEAEB,783DAEC0,09C3328D,34F9A3DB,D2F82BFF"/><W13/><G112/><T4/><D119/><U39/><E113/><V111/><F71/><W21/><G41/><T20/><D98/><U123/><E123/><V23/><F111/><W92/><REACH who="3" step="1"/><G53/><REACH who="3" step="2"/><T61/><D52/><N who="1" m="34215" /><E110/><V100/><F120/><W75/><G75/><T129/><D43/><N who="1" m="23039" /><E74/><V127/><F133/><N who="1" m="50697" /><E95/><V94/><F94/><W105/><G105/><T124/><D65/><U59/><E59/><V76/><F3/><W55/><G55/><T77/><D66/><U12/><E24/><V38/><F38/><W115/><G115/><T88/><D36/><U37/><E37/><V49/><F107/><W44/><G44/><T78/><D60/><AGARI ba="2,2" hai="5,8,13,21,26,29,60,64,69,85,89,92,116,117" machi="60" ten="40,3900,0" yaku="1,1,53,1" doraHai="68" doraHaiUra="56" who="3" fromWho="0" sc="180,-45,154,0,346,0,300,65" owari="135,-26,154,-20,346,10,365,36" /></mjloggm>