<mjloggm ver="2.3"><GO type="185"/><UN n0="%E3%82%89%E3%81%B6%E3%81%A1%E3%81%A3%E3%81%8F" n1="%E3%81%AA%E3%83%BC%E3%81%8B%E3%82%80" n2="%E4%B8%89%E7%94%B0%E6%9D%91%E8%8C%9C" n3="" dan="16,16,17,0" rate="2111,2069,2163,1500" sx="M,M,F,C"/><TAIKYOKU oya="0"/><INIT seed="0,0,0,1,2,55" ten="350,350,350,0" oya="0" hai0="117,75,115,67,96,76,46,40,60,134,42,89,119" hai1="64,61,102,78,74,1,93,126,52,118,121,128,77" hai2="57,131,103,70,33,50,129,73,97,34,41,113,106" hai3="" shuffle="mt19937ar,08463BE0,936155AC,6FEEBBEA,B5A7FF9A,98CDE8E3,83188AA9,B2B3EFA0,7158D0C2"/><T91/><D115/><U54/><N who="1" m="31008" /><U3/><E118/><V82/><F70/><T104/><D134/><U63/><E126/><V111/><F113/><T87/><D40/><U44/><E128/><N who="2" m="49227" /><F111/><T132/><D132/><U125/><E125/><V122/><N who="2" m="31264" /><V83/><F41/><T110/><D110/><U72/><E93/><V92/><F92/><T68/><D75/><U66/><E44/><V112/><F112/><T62/><D76/><U133/><E102/><V81/><F73/><T88/><D87/><U130/><E130/><V109/><F109/><T94/><D104/><U59/><E133/><V124/><F124/><T90/><REACH who="0" step="1"/><D62/><REACH who="0" step="2"/><U37/><E37/><AGARI ba="0,1" hai="37,42,46,60,67,68,88,89,90,91,94,96,117,119" machi="37" ten="40,7700,0" yaku="1,1,2,1,54,1,53,0" doraHai="55" doraHaiUra="105" who="0" fromWho="1" sc="340,87,350,-77,350,0,0,0" /><INIT seed="0,1,0,1,2,128" ten="427,273,350,0" oya="0" hai0="119,109,99,65,102,73,90,48,54,115,87,130,104" hai1="121,51,69,95,135,132,60,133,75,83,86,0,111" hai2="100,113,112,88,74,124,66,76,89,35,41,57,108" hai3="" shuffle="mt19937ar,D2999CAB,1FE06326,FDC28738,C5684187,D7712FF6,E5C021EB,0CAC11E4,E4069AA6"/><T43/><D119/><U101/><N who="1" m="31008" /><U58/><E0/><V40/><F35/><T96/><D115/><U97/><E75/><V98/><F74/><T110/><D73/><U55/><E111/><V94/><F108/><N who="0" m="41578" /><D65/><U85/><E83/><V2/><F2/><T49/><D130/><U77/><E77/><V72/><F72/><T116/><D99/><U52/><E69/><V78/><F124/><T53/><D116/><U80/><E80/><V126/><F126/><T70/><D70/><U84/><E84/><V82/><F82/><T39/><D39/><U3/><E3/><V38/><F38/><T62/><D62/><U63/><E60/><V47/><F113/><T81/><D49/><U71/><E71/><V42/><F112/><T50/><D48/><U114/><E114/><V44/><F78/><T103/><D103/><U32/><E32/><V120/><N who="2" m="30752" /><V46/><F76/><T123/><N who="0" m="31520" /><T127/><D127/><U1/><E1/><V107/><F107/><T118/><D118/><U67/><E67/><V37/><F37/><T36/><D36/><U122/><N who="1" m="31264" /><U125/><E125/><V93/><F93/><T129/><D129/><U92/><E92/><V134/><F66/><T34/><D34/><RYUUKYOKU ba="1,0" sc="427,10,273,10,350,-20,0,0" hai0="43,50,53,54,81,87,90,96,102,104" hai1="51,52,55,58,63,85,86,95,97,101,132,133,135" /><INIT seed="0,2,0,3,3,46" ten="437,283,330,0" oya="0" hai0="132,92,69,85,45,125,40,58,106,104,127,37,62" hai1="115,109,59,74,135,130,70,80,48,51,56,81,33" hai2="50,117,78,35,73,123,93,89,120,0,60,103,121" hai3="" shuffle="mt19937ar,8DB38D0B,45195AE6,47FC0292,552584C4,F077ABA8,0FE0E8CE,E2AC46B9,F1A50917"/><T3/><D3/><U105/><E70/><V43/><N who="2" m="30752" /><V110/><N who="2" m="31008" /><V64/><N who="2" m="31520" /><V49/><F0/><T42/><D132/><U57/><E105/><V39/><F35/><T119/><D40/><U34/><E135/><V131/><F117/><T41/><D41/><U63/><E115/><V54/><F131/><T101/><D119/><U84/><E130/><V55/><F103/><T75/><D75/><U98/><E98/><V90/><F110/><T79/><D79/><U38/><E38/><V99/><F78/><T118/><D118/><U134/><E134/><V68/><F89/><T91/><D69/><U1/><E1/><V47/><F73/><T128/><D128/><U96/><E109/><V65/><F65/><T71/><D71/><U66/><E74/><V113/><F113/><T100/><D100/><U52/><E33/><V122/><N who="2" m="31264" /><V72/><F72/><T77/><D77/><U126/><E66/><V61/><REACH who="2" step="1"/><F60/><REACH who="2" step="2"/><T83/><D101/><U95/><E63/><V53/><AGARI ba="2,1" hai="39,43,47,49,50,53,54,55,61,64,68,90,93,99" m="31264,31520,31008,30752" machi="53" ten="30,12000,3" yaku="1,1,2,1,0,1,52,6,53,0" doraHai="46" doraHaiUra="112" who="2" fromWho="2" sc="437,-82,283,-42,320,134,0,0" /><INIT seed="1,0,0,3,2,56" ten="355,241,454,0" oya="1" hai0="121,86,120,64,113,106,93,38,75,110,52,54,66" hai1="115,50,73,82,53,58,70,40,131,118,1,90,112" hai2="77,83,80,107,124,84,67,126,60,49,87,33,119" hai3="" shuffle="mt19937ar,BE5140C2,6311AB3F,89DA1765,C775E2ED,75620441,3B68E5F3,70F3CE5F,8E090515"/><U125/><E1/><V102/><F119/><T117/><N who="0" m="30752" /><T91/><N who="0" m="31008" /><T96/><D113/><U48/><E70/><V32/><F49/><T99/><D38/><U98/><E118/><V97/><F87/><T42/><D75/><U43/><E131/><V51/><F51/><T47/><D117/><U37/><E125/><N who="2" m="48235" /><F83/><T105/><D110/><U104/><E37/><V74/><F84/><T63/><D42/><U116/><E116/><V62/><F62/><T129/><D129/><U127/><E127/><V122/><N who="2" m="31264" /><V68/><AGARI ba="0,0" hai="32,33,60,67,68,74,77,80,97,102,107" m="31264,48235" machi="68" ten="30,6000,1" yaku="4,1,18,1,23,1,52,2" doraHai="56" who="2" fromWho="2" sc="355,-20,241,-40,454,60,0,0" /><INIT seed="2,0,0,0,3,91" ten="335,201,514,0" oya="2" hai0="83,43,35,92,66,81,77,41,94,88,96,134,129" hai1="95,50,58,90,56,70,1,73,78,119,45,64,38" hai2="36,65,71,51,87,84,128,53,39,101,127,75,110" hai3="" shuffle="mt19937ar,76953CEE,3930B506,732AEDD6,8E887CF0,B9B7A929,BE85A115,4A4FCB39,B035F570"/><V0/><F0/><T34/><D134/><U126/><E119/><V85/><F128/><T80/><D129/><U125/><E38/><V113/><F75/><T76/><D66/><U121/><N who="1" m="31008" /><U68/><E1/><V69/><F113/><T97/><D83/><U106/><E106/><V133/><F133/><T122/><N who="0" m="31264" /><T124/><D124/><U112/><E112/><V103/><F127/><N who="1" m="48649" /><E78/><V49/><F110/><T44/><D44/><U57/><E64/><V107/><F107/><T42/><D42/><U72/><E72/><V61/><F39/><T40/><D40/><U115/><E73/><V67/><F36/><T105/><D88/><U55/><E115/><V132/><F132/><T48/><D48/><U74/><E74/><V37/><F37/><T79/><D79/><U131/><E131/><V114/><F114/><T111/><D105/><U102/><E102/><V117/><F117/><T82/><D82/><U86/><AGARI ba="0,0" hai="45,50,55,56,57,58,68,70,86,90,95" m="48649,31008" machi="86" ten="30,3000,0" yaku="18,1,52,2" doraHai="91" who="1" fromWho="1" sc="335,-10,201,30,514,-20,0,0" /><INIT seed="4,0,0,0,5,125" ten="325,231,494,0" oya="0" hai0="79,123,51,133,107,135,99,45,76,134,59,86,83" hai1="88,128,77,89,111,122,129,50,74,114,115,56,57" hai2="127,87,84,47,35,130,124,46,68,102,106,48,43" hai3="" shuffle="mt19937ar,BD68242B,CF4BDA49,3086DB97,AB414BF4,598D1394,E1F67128,228A33A8,6F971FCF"/><T80/><N who="0" m="31520" /><T64/><D107/><U54/><N who="1" m="31264" /><U60/><E111/><V70/><F35/><T119/><D119/><U73/><E77/><V38/><F102/><T61/><D99/><U55/><E50/><V2/><F106/><T71/><D71/><U75/><E75/><V118/><F118/><T104/><D104/><U33/><REACH who="1" step="1"/><E60/><REACH who="1" step="2"/><V96/><F48/><T109/><D109/><U69/><E69/><V132/><F70/><T126/><D126/><U81/><E81/><V41/><F68/><T101/><D101/><U37/><E37/><V66/><F38/><T32/><D32/><AGARI ba="0,1" hai="32,33,54,55,56,57,73,74,88,89,114,115,128,129" m="31264" machi="32" ten="25,12000,2" yaku="1,1,22,2,52,3,54,1,53,0" doraHai="125" doraHaiUra="58" who="1" fromWho="0" sc="325,-120,221,130,494,0,0,0" /><INIT seed="5,0,0,4,5,60" ten="205,351,494,0" oya="1" hai0="64,41,110,97,105,75,121,131,90,52,68,37,43" hai1="119,3,69,74,104,126,67,39,101,128,83,82,84" hai2="112,1,115,96,55,38,61,133,111,134,127,40,71" hai3="" shuffle="mt19937ar,41BEAD3A,BE9911B5,1C95231F,66E96162,E3876122,7F37B9EA,929415BB,A9C3395A"/><U102/><E39/><V70/><F1/><T123/><N who="0" m="31008" /><T56/><N who="0" m="31520" /><T66/><D110/><U53/><E119/><V116/><F111/><T129/><D75/><U72/><E53/><V42/><F116/><T59/><D68/><N who="2" m="26154" /><F127/><T36/><D90/><U108/><E108/><V81/><F81/><T100/><D59/><U34/><E128/><N who="0" m="49225" /><D36/><U49/><E126/><V122/><N who="2" m="31264" /><V87/><F96/><T124/><D124/><U113/><E3/><V62/><F87/><T44/><D43/><N who="2" m="16426" /><F38/><T132/><D132/><N who="2" m="50794" /><F55/><T54/><D54/><U78/><E84/><V63/><AGARI ba="0,0" hai="61,62,63,112,115" m="50794,16426,31264,26154" machi="63" ten="40,9000,2" yaku="28,2,20,1,34,2,52,1" doraHai="60" who="2" fromWho="2" sc="205,-30,351,-60,494,90,0,0" /><INIT seed="6,0,0,2,2,106" ten="175,291,584,0" oya="2" hai0="130,120,134,123,35,2,93,54,91,59,53,34,100" hai1="126,58,3,83,57,49,37,122,66,50,48,90,104" hai2="109,36,43,113,81,51,119,38,70,112,108,102,124" hai3="" shuffle="mt19937ar,F2FE2D99,54DC32A3,8CBCB960,98DA5E80,9CC7AB7C,B6AF986E,B500D2DE,FEB12A04"/><V79/><F102/><T132/><N who="0" m="30752" /><T85/><N who="0" m="31520" /><T72/><D2/><U69/><E104/><V33/><F70/><T71/><D71/><U129/><E83/><V73/><F33/><T55/><D130/><U82/><E82/><V39/><F119/><T103/><D59/><U114/><E90/><V88/><F88/><T110/><D110/><N who="2" m="42602" /><F124/><T1/><D1/><U52/><E3/><V94/><F94/><T117/><D117/><U89/><E89/><V97/><F97/><T77/><D77/><U42/><E126/><V44/><AGARI ba="0,0" hai="36,38,39,43,44,51,73,79,81,112,113" m="42602" machi="44" ten="40,2600,0" yaku="10,1,52,1" doraHai="106" who="2" fromWho="2" sc="175,-13,291,-13,584,26,0,0" owari="162,-44,278,-12,610,56,0,0" /></mjloggm>