<mjloggm ver="2.3"><GO type="225"/><UN n0="%23%37%34%E5%A4%A7%E6%B2%BB%E9%83%8E" n1="%E3%80%93%E3%81%84%E3%81%A1%E3%81%AF%E3%82%89%E3%80%93" n2="%E3%83%81%E3%83%A3%E3%82%AA%E3%83%AA" n3="%E3%83%AA%E3%83%AA%E3%82%A2%E3%83%BC%E3%83%8C" dan="16,16,17,17" rate="2070,2079,2185,2120" sx="M,M,M,F"/><TAIKYOKU oya="0"/><INIT seed="0,0,0,4,0,2" ten="250,250,250,250" oya="0" hai0="128,96,50,64,43,79,0,131,20,102,71,9,3" hai1="34,83,93,44,90,124,112,16,101,61,72,135,6" hai2="127,91,78,87,10,95,56,75,125,52,111,106,67" hai3="110,120,23,59,51,107,117,32,25,134,118,22,81" shuffle="mt19937ar,759531A3,7A652DCD,E1586BDC,8AD795D2,2F66D934,955F62BE,09F1B085,5A3D94D0"/><T123/><D123/><U49/><E112/><V85/><F106/><W76/><G107/><T42/><D79/><U39/><E34/><V11/><F111/><W119/><G110/><T115/><D115/><U129/><E39/><V82/><F67/><W114/><G114/><T17/><D64/><U84/><E124/><N who="2" m="47691" /><F75/><W97/><G97/><T130/><D71/><U113/><E129/><V13/><F13/><W109/><G109/><T31/><D31/><U12/><E135/><V24/><F24/><W80/><G134/><T92/><D50/><AGARI ba="0,0" hai="10,11,50,52,56,78,82,85,87,91,95" m="47691" machi="50" ten="30,2000,0" yaku="18,1,54,1" doraHai="2" who="2" fromWho="0" sc="250,-20,250,0,250,20,250,0" /><INIT seed="1,0,0,5,0,16" ten="230,250,270,250" oya="1" hai0="50,132,122,20,42,89,131,98,129,96,10,107,12" hai1="58,91,75,119,3,110,38,78,33,62,68,63,28" hai2="133,30,77,83,48,86,17,5,8,116,7,0,18" hai3="6,61,54,72,114,106,97,73,101,43,111,117,118" shuffle="mt19937ar,053064F7,AD908012,A28B46B8,35A597E1,93C2D8AB,99B0077D,63708632,285C1FCF"/><U25/><E3/><V115/><F116/><N who="3" m="44651" /><G114/><T71/><D71/><U120/><E119/><V57/><F115/><W27/><G111/><T29/><D132/><U46/><E120/><V44/><F133/><W34/><G43/><T26/><D122/><U135/><E135/><V124/><F124/><W113/><G113/><T32/><D89/><U100/><E110/><V19/><F30/><N who="3" m="19807" /><G6/><T9/><D107/><U126/><E126/><V90/><F7/><W70/><G54/><T31/><D32/><U21/><E100/><V14/><F57/><W108/><G108/><T41/><D50/><U81/><E68/><V35/><F35/><W99/><G97/><T112/><D112/><U24/><E91/><V85/><F18/><W80/><G80/><T104/><D104/><U87/><E75/><V105/><F105/><W88/><G88/><T40/><D31/><U92/><E92/><N who="2" m="54351" /><F0/><W109/><G109/><T55/><D55/><AGARI ba="0,0" hai="5,8,14,17,19,44,48,55,77,83,86" m="54351" machi="55" ten="30,1000,0" yaku="8,1" doraHai="16" who="2" fromWho="0" sc="230,-10,250,0,270,10,250,0" /><INIT seed="2,0,0,4,1,118" ten="220,250,280,250" oya="2" hai0="119,42,30,121,67,93,43,108,132,21,34,15,133" hai1="110,111,64,107,73,78,52,104,92,47,99,61,115" hai2="37,62,7,18,10,96,135,131,106,105,39,50,41" hai3="44,55,101,60,19,66,95,63,126,48,116,72,113" shuffle="mt19937ar,848C09CA,F557E879,D9A92340,DF9DE07A,13624275,9A5538B9,105C32D9,41F6ECE4"/><V27/><F62/><W100/><G72/><T33/><D119/><U128/><E115/><V109/><F135/><N who="0" m="51786" /><D108/><N who="1" m="41515" /><E128/><V75/><F75/><W84/><G116/><T1/><D1/><U13/><E13/><V12/><F109/><W65/><G126/><T112/><D112/><U87/><E87/><V103/><F106/><W38/><G38/><T88/><D67/><N who="3" m="25609" /><G19/><N who="0" m="10495" /><D121/><U20/><E20/><V117/><F117/><W49/><G113/><T54/><D54/><U85/><E85/><V0/><F131/><W124/><G124/><T71/><D71/><N who="1" m="42383" /><E78/><V74/><F74/><W36/><G36/><T53/><D53/><U9/><E9/><V51/><F27/><W70/><G70/><T2/><D2/><U76/><E76/><V69/><F69/><W82/><G60/><T83/><D83/><U89/><E73/><V134/><F134/><W120/><G82/><T5/><D5/><U17/><E17/><V35/><F35/><N who="0" m="13322" /><D30/><U11/><E11/><V29/><F29/><W46/><G55/><T57/><D57/><U123/><E123/><V56/><F56/><W59/><G120/><T86/><AGARI ba="0,0" hai="42,43,86,88,93" m="13322,10495,51786" machi="86" ten="30,2000,0" yaku="20,1,54,1" doraHai="118" who="0" fromWho="0" sc="220,20,250,-5,280,-10,250,-5" /><INIT seed="3,0,0,2,5,31" ten="240,245,270,245" oya="3" hai0="80,67,11,51,4,130,3,101,109,35,64,115,91" hai1="120,17,99,84,117,62,126,15,75,76,73,122,93" hai2="103,128,82,125,133,22,53,9,45,46,86,94,132" hai3="112,85,77,12,0,97,52,108,114,23,50,49,102" shuffle="mt19937ar,F07E0C90,77B5B52B,B955B3D6,8D0ED288,44185B5F,0A1021EE,20E63BD7,9C49EA9D"/><W20/><G0/><T83/><D115/><U105/><E117/><V81/><F9/><W5/><G108/><T16/><D109/><U135/><E135/><N who="2" m="51787" /><F125/><W68/><G68/><T13/><D130/><U111/><E111/><V129/><F22/><W21/><G114/><T19/><D101/><U44/><E126/><V96/><F82/><N who="0" m="31274" /><D35/><U65/><E105/><V36/><F36/><W28/><G112/><T107/><D107/><U110/><E110/><V29/><F29/><W118/><G85/><T1/><D1/><U24/><E84/><V55/><F46/><N who="3" m="27703" /><G77/><T54/><D91/><U34/><E76/><V90/><F55/><W61/><G118/><T25/><D3/><U47/><E44/><V57/><F45/><W60/><G28/><T89/><D89/><U87/><E47/><V48/><AGARI ba="0,0" hai="48,53,57,81,86,90,94,96,103,128,129" m="51787" machi="48" ten="30,1100,0" yaku="20,1" doraHai="31" who="2" fromWho="2" sc="240,-3,245,-3,270,11,245,-5" /><INIT seed="4,0,0,1,2,59" ten="237,242,281,240" oya="0" hai0="135,5,12,7,68,60,17,37,76,79,127,31,102" hai1="78,73,46,107,56,53,82,116,4,100,106,2,113" hai2="51,43,52,80,10,54,25,64,87,14,8,65,30" hai3="88,124,41,121,129,111,33,62,96,114,83,109,118" shuffle="mt19937ar,7129C2C8,D5289128,B6BB42D8,5D8C60F7,E1B4B7F2,C15B70C7,36D3A9FE,137C9A9A"/><T105/><D37/><U72/><E116/><V131/><F131/><W58/><G33/><T20/><D135/><U27/><E113/><V36/><F36/><W24/><G118/><T45/><D127/><U125/><E125/><V97/><F97/><W91/><G124/><T89/><D45/><U18/><E73/><V35/><F43/><W117/><G117/><T94/><D105/><U48/><E100/><V3/><F3/><W75/><G41/><T103/><D31/><U1/><E1/><V128/><F128/><W40/><G40/><T47/><D47/><U16/><E4/><N who="0" m="1609" /><D68/><U50/><E2/><V126/><F126/><W66/><G129/><T67/><D67/><U61/><E50/><V9/><F14/><W122/><G114/><T39/><D39/><U90/><E90/><N who="3" m="34346" /><G96/><N who="0" m="57423" /><D60/><U6/><E6/><V29/><F29/><W95/><G95/><T130/><D130/><U112/><E112/><V21/><F35/><W85/><G75/><T123/><D123/><N who="3" m="47113" /><G24/><T34/><D34/><U132/><E107/><V81/><F51/><W49/><G49/><T32/><D32/><U108/><E106/><V57/><F87/><W74/><G74/><T38/><D38/><U77/><E72/><V23/><F25/><W55/><G66/><T133/><D133/><U19/><E132/><V63/><F65/><W70/><G70/><T99/><D99/><U11/><E27/><V110/><F64/><W0/><G0/><T120/><D120/><U22/><E48/><V134/><F134/><W115/><G115/><T93/><D93/><U92/><E46/><V28/><F57/><RYUUKYOKU ba="0,0" sc="237,15,242,-15,281,-15,240,15" hai0="12,17,20,76,79,102,103" hai3="55,58,62,83,85,109,111" /><INIT seed="4,1,0,4,4,129" ten="252,227,266,255" oya="0" hai0="29,91,115,103,14,51,76,117,113,1,86,60,107" hai1="106,13,94,30,45,38,97,124,8,84,99,80,37" hai2="73,0,35,130,133,62,67,12,109,3,58,72,31" hai3="108,70,66,18,105,120,42,17,2,121,48,47,101" shuffle="mt19937ar,AD06E174,0F844806,9D042ECB,02447B31,8614B42D,59744960,E9CC891C,DF0D878B"/><T111/><D117/><U36/><E124/><V96/><F109/><W100/><G2/><T40/><D1/><U81/><E30/><V68/><F130/><W98/><G108/><T87/><D111/><U104/><E45/><V10/><F58/><W118/><G101/><T7/><D29/><U28/><E28/><V123/><F123/><N who="3" m="47179" /><G118/><T49/><D60/><AGARI ba="1,0" hai="17,18,42,47,48,60,66,70,98,100,105" m="47179" machi="60" ten="30,1000,0" yaku="13,1" doraHai="129" who="3" fromWho="0" sc="252,-13,227,0,266,0,255,13" /><INIT seed="5,0,0,1,5,28" ten="239,227,266,268" oya="1" hai0="55,7,135,79,123,74,86,104,42,5,120,8,71" hai1="78,40,67,64,51,57,25,48,132,81,60,31,84" hai2="52,3,63,50,90,26,80,93,82,70,66,102,108" hai3="94,111,127,12,20,24,98,92,100,128,27,125,115" shuffle="mt19937ar,D0F37F3F,BD41A3C3,E869F30F,5894734B,F6C97D4B,9E339A79,4398CCC0,A18C1CB0"/><U75/><E132/><V46/><F3/><W114/><G111/><T37/><D104/><U2/><E2/><V17/><F102/><W73/><G73/><T43/><D71/><U49/><E75/><V9/><F108/><W126/><G128/><T116/><D116/><U39/><E39/><V129/><F129/><W35/><G94/><T47/><D135/><U131/><E131/><V53/><F53/><W134/><G134/><T118/><D118/><U11/><E11/><V101/><F101/><W29/><REACH who="3" step="1"/><G12/><REACH who="3" step="2"/><T6/><D74/><U13/><E13/><V0/><F0/><W133/><G133/><T36/><D123/><U58/><E40/><V122/><F122/><W95/><G95/><T1/><D120/><U119/><E119/><V88/><F93/><W121/><G121/><T14/><D1/><U85/><E84/><V112/><F112/><W110/><G110/><T76/><D86/><U54/><REACH who="1" step="1"/><E67/><REACH who="1" step="2"/><V22/><F66/><W18/><AGARI ba="0,2" hai="18,20,24,27,29,35,92,98,100,114,115,125,126,127" machi="18" ten="40,8000,1" yaku="1,1,0,1,18,1,52,1,53,0" doraHai="28" doraHaiUra="4" who="3" fromWho="3" sc="239,-20,217,-40,266,-20,258,100" owari="219,-13,177,-22,246,0,358,35" /></mjloggm>