<mjloggm ver="2.3"><GO type="225"/><UN n0="%6E%6F%72%69%73%69%6F" n1="%E3%82%AF%E3%83%AB%E3%83%AB%E2%98%86" n2="%E9%9B%81%E7%BA%8F" n3="%E3%83%AA%E3%83%AA%E3%82%A2%E3%83%BC%E3%83%8C" dan="16,16,16,17" rate="2018,2083,2061,2116" sx="M,F,M,F"/><TAIKYOKU oya="0"/><INIT seed="0,0,0,4,1,99" ten="250,250,250,250" oya="0" hai0="28,118,78,67,16,115,6,3,134,122,18,110,79" hai1="86,108,5,124,51,9,100,11,121,72,14,131,132" hai2="82,112,50,74,96,127,61,38,4,47,128,48,43" hai3="60,35,33,15,52,65,20,92,98,46,0,59,116" shuffle="mt19937ar,AF3C145C,B432F8B3,5863EA80,F5752216,7C64094F,FBBB52F7,235B00B1,5EDB1D17"/><T104/><D122/><U40/><E72/><V90/><F112/><W31/><G0/><T73/><D118/><U123/><E124/><V95/><F127/><W135/><G135/><T39/><D115/><U49/><E132/><V119/><F119/><W64/><G116/><T130/><D134/><U80/><E131/><V13/><F128/><W34/><G46/><T84/><D104/><U12/><E108/><V29/><F29/><W68/><G68/><T83/><D73/><U89/><E100/><V88/><F61/><W23/><G23/><T129/><D39/><U94/><E94/><V56/><F56/><W7/><G7/><T109/><D67/><U8/><E8/><V36/><F36/><W27/><REACH who="3" step="1"/><G15/><REACH who="3" step="2"/><T37/><D130/><U91/><E14/><V66/><F4/><W93/><G93/><T17/><D129/><U44/><E12/><V53/><F13/><W24/><G24/><T125/><D125/><U25/><E5/><V42/><F95/><W45/><G45/><T55/><D3/><U21/><E25/><V113/><F47/><W41/><G41/><T97/><D6/><U26/><E26/><V71/><F71/><W117/><G117/><T81/><D109/><U69/><E21/><V101/><F42/><W77/><G77/><T126/><D79/><U63/><E69/><V2/><F43/><W85/><G85/><T103/><D78/><U10/><E40/><V133/><F74/><W102/><AGARI ba="0,1" hai="20,27,31,33,34,35,52,59,60,64,65,92,98,102" machi="102" ten="30,7900,0" yaku="1,1,0,1,52,1,54,1,53,0" doraHai="99" doraHaiUra="107" who="3" fromWho="3" sc="250,-39,250,-20,250,-20,240,89" /><INIT seed="1,0,0,3,4,45" ten="211,230,230,329" oya="1" hai0="104,89,34,93,94,2,49,59,118,116,92,132,42" hai1="16,124,129,25,88,111,48,85,128,123,99,133,80" hai2="83,51,122,64,130,38,119,14,113,97,12,74,109" hai3="79,58,63,110,127,115,43,15,121,78,17,134,77" shuffle="mt19937ar,218039B7,01D4FAB6,35663488,F77282B4,723B57A0,7CC93315,62D6389A,8B353D92"/><U6/><E123/><V61/><F38/><W90/><G121/><T96/><D2/><U112/><E112/><V135/><F119/><W11/><G115/><T76/><D34/><U91/><E6/><V44/><F135/><W60/><G134/><T37/><D37/><U31/><E133/><V131/><F109/><W103/><G110/><T53/><D132/><U24/><E111/><V23/><F122/><W7/><G103/><T125/><D125/><U36/><E36/><V68/><F113/><W54/><G43/><T70/><D70/><U81/><E124/><V126/><F97/><W30/><G30/><T106/><D76/><U86/><E99/><V72/><F126/><W33/><G33/><T52/><D42/><U10/><E48/><V102/><F102/><W117/><G117/><T19/><D19/><U120/><E120/><V84/><F74/><W26/><G90/><T75/><D75/><U55/><E55/><N who="2" m="30183" /><F23/><N who="3" m="13679" /><G127/><T105/><REACH who="0" step="1"/><D53/><REACH who="0" step="2"/><U29/><REACH who="1" step="1"/><E16/><REACH who="1" step="2"/><V39/><F39/><W4/><G4/><T69/><D69/><U47/><E47/><V62/><F68/><W65/><G65/><T46/><D46/><U107/><E107/><V98/><F64/><W20/><G54/><T21/><D21/><U28/><E28/><V3/><F3/><W40/><G20/><T35/><D35/><U41/><E41/><V101/><F72/><W9/><G40/><T27/><D27/><U8/><AGARI ba="0,2" hai="8,10,24,25,29,31,80,81,85,86,88,91,128,129" machi="8" ten="25,12000,1" yaku="1,1,0,1,22,2,54,1,53,0" doraHai="45" doraHaiUra="0" who="1" fromWho="1" sc="201,-40,220,140,230,-40,329,-40" /><INIT seed="1,1,0,0,1,49" ten="161,360,190,289" oya="1" hai0="42,31,16,48,130,108,33,76,124,13,113,59,80" hai1="111,58,3,37,117,118,39,44,116,82,87,83,11" hai2="115,132,112,40,19,77,17,12,67,36,25,64,18" hai3="127,134,9,27,99,51,26,4,73,75,81,30,2" shuffle="mt19937ar,1A2A636D,3D96F615,352D66ED,22C8F9B1,0BCCC638,9913FB8B,606AA111,F7ADB5D6"/><U7/><E111/><V0/><F0/><W93/><G134/><T133/><D133/><U86/><E44/><N who="2" m="23559" /><F132/><W105/><G105/><T91/><D108/><U8/><E8/><V125/><F77/><W94/><G127/><T106/><D106/><U101/><E101/><V24/><F12/><W34/><G81/><T45/><D124/><U53/><E83/><V119/><F119/><W41/><G27/><N who="2" m="10313" /><F125/><W52/><G41/><T95/><D31/><U109/><E109/><V6/><F6/><W56/><REACH who="3" step="1"/><G93/><REACH who="3" step="2"/><T10/><D95/><U54/><E82/><V29/><F29/><W121/><G121/><T50/><D80/><U122/><E122/><V100/><F115/><W120/><G120/><T60/><D113/><U28/><E28/><V14/><F112/><W135/><G135/><T89/><D42/><U65/><E118/><V92/><F92/><W15/><G15/><T131/><D13/><U55/><E117/><V104/><F14/><W98/><G98/><T88/><D130/><U110/><E110/><V128/><F128/><W5/><G5/><T57/><D131/><U79/><E116/><V74/><F74/><W97/><G97/><T38/><D33/><U103/><E7/><V85/><F85/><W20/><G20/><T126/><D126/><U102/><E87/><V46/><F104/><W43/><G43/><T71/><D38/><U61/><E39/><V23/><F23/><W47/><G47/><T129/><D45/><U68/><E37/><V84/><F46/><W21/><G21/><T1/><D129/><U114/><E114/><V63/><F84/><RYUUKYOKU ba="1,1" sc="161,-10,360,-10,190,-10,279,30" hai3="2,4,9,26,30,34,51,52,56,73,75,94,99" /><INIT seed="2,2,1,5,2,132" ten="151,350,180,309" oya="2" hai0="21,98,35,2,0,42,89,106,91,43,131,109,76" hai1="41,27,50,96,77,129,123,4,7,37,61,112,26" hai2="85,121,40,32,99,81,60,45,65,12,93,57,66" hai3="31,39,110,55,30,113,119,29,107,71,10,82,51" shuffle="mt19937ar,F0E20F4B,13B1E1DA,D4257E84,C7885971,DF5C349F,9BE4C722,C2AF509E,E4339C19"/><V15/><F121/><W108/><G39/><T67/><D35/><U133/><E37/><V64/><F32/><W68/><G107/><T59/><D76/><U3/><E112/><V102/><F40/><W56/><G119/><T38/><D131/><U25/><E129/><V20/><F45/><W48/><G113/><T69/><D69/><U130/><E130/><V33/><F33/><W105/><G105/><T114/><D114/><U104/><E77/><V128/><F128/><W88/><G10/><T22/><D38/><U122/><E3/><V118/><F118/><W125/><G51/><T5/><D5/><U28/><E28/><V74/><F74/><W115/><G115/><T100/><D109/><N who="3" m="42089" /><G125/><T117/><D117/><U92/><E104/><V90/><REACH who="2" step="1"/><F20/><REACH who="2" step="2"/><W63/><G63/><T72/><D72/><U84/><E61/><V1/><F1/><W11/><G11/><T54/><D0/><U16/><E123/><V53/><AGARI ba="2,2" hai="12,15,53,57,60,64,65,66,81,85,90,93,99,102" machi="53" ten="30,6000,0" yaku="1,1,0,1,8,1,53,0" doraHai="132" doraHaiUra="24" who="2" fromWho="2" sc="151,-22,350,-22,170,86,309,-22" /><INIT seed="2,3,0,2,2,101" ten="129,328,256,287" oya="2" hai0="85,86,40,104,61,81,79,115,99,53,55,66,1" hai1="122,108,59,127,105,39,46,8,44,98,114,93,22" hai2="72,76,119,6,67,20,10,26,126,125,54,24,94" hai3="107,18,13,63,52,103,62,109,74,0,96,60,48" shuffle="mt19937ar,9E109E39,2612CFB2,3FF0E9A2,23FDBF98,FF359369,4929F015,1AD8C165,350C25BE"/><V68/><F119/><W121/><G0/><T17/><D115/><U31/><E114/><V50/><F94/><W112/><G112/><T77/><D1/><U38/><E105/><V91/><F91/><W43/><G74/><T49/><D40/><U2/><E122/><V58/><F68/><W14/><G121/><T56/><D17/><U82/><E82/><N who="2" m="45319" /><F67/><W124/><G124/><N who="2" m="47721" /><F20/><W35/><G35/><T117/><D117/><U25/><E127/><V51/><F51/><W88/><G43/><T23/><D23/><U110/><E39/><V28/><F28/><W9/><G14/><AGARI ba="3,0" hai="6,10,14,24,26,50,54,58" m="47721,45319" machi="14" ten="30,1500,0" yaku="18,1" doraHai="101" who="2" fromWho="3" sc="129,0,328,0,256,24,287,-24" /><INIT seed="2,4,0,3,3,62" ten="129,328,280,263" oya="2" hai0="63,88,130,70,27,98,7,55,48,106,84,71,105" hai1="103,90,22,34,86,37,43,50,79,116,124,60,47" hai2="126,5,11,6,39,96,41,14,68,113,2,89,73" hai3="115,75,52,102,72,35,111,118,85,25,65,78,16" shuffle="mt19937ar,B4446529,9E533816,A09E8EA1,50F8D226,75EDB8F1,FCB1BC2A,A1A538AE,13598AA4"/><V69/><F113/><W112/><G118/><T100/><D130/><U61/><E34/><V95/><F73/><W133/><G102/><T0/><D106/><U117/><E79/><V77/><F77/><W45/><G133/><T87/><D87/><U94/><E124/><V12/><F126/><W135/><G135/><T9/><D27/><U107/><E107/><V91/><F2/><W29/><G111/><T53/><D63/><U13/><E103/><V54/><F54/><W66/><G85/><T101/><D100/><U44/><E61/><V129/><F129/><W110/><G16/><T17/><D17/><U122/><E122/><V128/><F128/><W108/><G108/><T32/><D32/><U42/><E22/><V31/><F31/><W10/><G10/><T114/><D114/><N who="3" m="43561" /><G110/><T125/><D125/><U56/><REACH who="1" step="1"/><E13/><REACH who="1" step="2"/><V82/><F14/><W20/><G35/><T38/><D38/><U64/><AGARI ba="4,1" hai="37,42,43,44,47,50,56,60,64,86,90,94,116,117" machi="64" ten="20,8000,1" yaku="1,1,2,1,0,1,7,1,52,1,53,0" doraHai="62" doraHaiUra="21" who="1" fromWho="1" sc="129,-24,318,102,280,-44,263,-24" /><INIT seed="3,0,0,3,3,67" ten="105,420,236,239" oya="3" hai0="21,63,52,74,120,29,113,65,73,59,32,39,114" hai1="47,51,127,30,18,128,92,87,62,96,106,5,135" hai2="102,103,38,25,40,35,124,133,82,43,129,134,123" hai3="56,7,10,14,57,46,97,28,23,117,130,8,45" shuffle="mt19937ar,AE671A21,BF7BB5B0,63F680DA,E4D1AC69,BEB141AE,C8EC3C5B,B8D8CD57,A03CE8CD"/><W64/><G117/><T66/><D32/><U75/><E75/><V131/><F123/><W11/><G130/><N who="2" m="49673" /><F82/><W53/><G64/><T44/><D21/><U93/><E30/><N who="2" m="19919" /><F38/><W0/><G97/><T49/><D29/><U33/><E47/><N who="3" m="17930" /><G0/><T15/><D15/><U89/><E62/><V126/><F103/><W94/><G94/><T17/><D17/><U13/><E96/><V121/><F102/><W116/><G116/><T27/><D27/><U79/><E93/><V42/><F121/><W112/><G112/><N who="0" m="43115" /><D73/><U111/><E5/><V9/><F9/><N who="3" m="3691" /><G53/><N who="0" m="34287" /><D74/><U83/><E92/><V107/><F107/><W61/><G23/><T22/><D22/><U125/><E33/><V60/><F60/><W105/><G105/><T36/><D120/><U1/><E106/><V3/><F3/><W19/><G28/><T110/><D110/><U109/><E111/><V100/><F100/><W71/><G7/><T37/><D66/><U4/><E4/><V77/><F77/><W41/><G19/><T99/><D99/><U95/><E87/><V101/><F101/><W85/><G11/><T108/><D108/><U34/><E1/><V24/><F24/><W115/><G14/><T50/><D65/><U104/><E13/><V2/><F2/><W6/><G6/><T90/><D90/><U58/><E18/><V70/><F70/><W80/><G115/><T98/><D98/><U118/><E89/><V76/><F76/><W16/><G16/><T20/><D20/><U84/><E109/><V132/><AGARI ba="0,0" hai="40,42,43,124,126,132,133,134" m="19919,49673" machi="132" ten="40,8000,1" yaku="30,2,20,1,19,1" doraHai="67" who="2" fromWho="2" sc="105,-20,420,-20,236,80,239,-40" owari="85,-31,400,39,316,7,199,-15" /></mjloggm>