<mjloggm ver="2.3"><GO type="225"/><UN n0="%E6%9C%80%E9%80%9F%E3%82%AF%E3%83%B3%E2%99%AA" n1="%E3%81%B5%E3%82%8B%E3%81%AD%E3%81%93%40%E4%BD%95%E5%88%87%E3%82%8B" n2="%E6%9C%9D%E6%AF%94%E5%A5%88%E8%8B%B1%E7%90%86%E5%AD%90" n3="%E5%85%AD%E5%88%86%E5%84%80" dan="16,16,16,18" rate="2076,2068,2057,2140" sx="M,M,F,F"/><TAIKYOKU oya="0"/><INIT seed="0,0,0,5,3,51" ten="250,250,250,250" oya="0" hai0="126,6,94,128,134,120,5,124,92,81,110,104,41" hai1="15,78,57,132,61,83,106,133,72,64,30,75,86" hai2="97,98,73,0,20,77,116,46,31,113,99,100,2" hai3="121,27,40,66,119,11,68,34,32,71,56,22,55" shuffle="mt19937ar,486CDD22,E3FF2F57,77FA9DE1,46185922,595BA992,0C5D71BF,3CFDA08D,B94C6B37"/><T45/><D120/><U87/><E106/><V1/><F113/><W85/><G119/><T125/><D104/><U4/><E30/><V28/><F116/><W3/><G121/><T123/><D123/><U105/><E105/><V69/><F69/><W114/><G114/><T13/><D134/><N who="1" m="51819" /><E87/><V112/><F112/><W48/><G40/><T19/><D128/><U131/><E131/><V38/><F100/><W127/><G127/><T103/><D81/><U60/><E60/><V14/><F77/><W115/><G115/><T39/><D110/><U58/><E58/><V12/><F73/><W16/><G85/><T7/><REACH who="0" step="1"/><D103/><REACH who="0" step="2"/><U102/><E102/><V18/><F14/><W8/><G3/><T49/><D49/><U130/><E130/><V67/><F0/><W63/><REACH who="3" step="1"/><G71/><REACH who="3" step="2"/><T118/><D118/><U101/><E75/><V35/><F1/><W26/><G26/><T43/><D43/><U82/><E72/><V47/><F2/><W50/><G50/><T109/><D109/><U52/><E83/><V93/><F38/><W36/><G36/><T135/><D135/><U80/><E80/><V65/><F93/><W79/><G79/><T10/><AGARI ba="0,2" hai="5,6,7,10,13,19,39,41,45,92,94,124,125,126" machi="10" ten="40,7800,0" yaku="1,1,0,1,18,1,53,0" doraHai="51" doraHaiUra="29" who="0" fromWho="0" sc="240,98,250,-26,250,-26,240,-26" /><INIT seed="0,1,0,0,3,16" ten="338,224,224,214" oya="0" hai0="103,72,80,116,29,40,39,114,12,121,66,130,127" hai1="108,97,124,118,59,15,113,128,67,9,31,77,120" hai2="44,70,51,61,92,28,48,93,0,4,54,83,99" hai3="115,49,133,38,74,76,96,47,56,6,117,119,45" shuffle="mt19937ar,D914F23B,B63B39BE,F198B637,538EC0BC,D84855CB,7C2C5468,80CFF4BF,915499C4"/><T5/><D114/><U79/><E118/><V101/><F28/><W62/><G115/><T37/><D116/><U34/><E120/><V111/><F111/><W88/><G38/><T98/><D121/><U78/><E108/><V106/><F83/><W135/><G6/><T23/><D66/><U73/><E113/><V10/><F70/><W25/><G119/><T13/><D130/><U57/><E128/><V27/><F61/><W69/><G69/><T107/><D127/><U132/><E132/><N who="3" m="50762" /><G117/><T60/><D60/><U75/><E124/><V91/><F27/><W19/><G76/><T46/><D39/><U131/><E131/><V125/><F125/><W68/><G68/><T30/><D5/><U63/><E59/><V126/><F126/><W64/><G74/><T105/><D105/><U17/><E34/><V112/><F112/><W3/><G3/><T81/><D30/><U43/><E31/><V84/><F106/><W123/><G123/><T55/><D55/><U41/><REACH who="1" step="1"/><E97/><REACH who="1" step="2"/><V85/><F99/><W104/><G96/><T110/><D110/><U42/><AGARI ba="1,1" hai="9,15,17,41,42,43,57,63,67,73,75,77,78,79" machi="42" ten="30,4000,0" yaku="1,1,2,1,0,1,53,0" doraHai="16" doraHaiUra="71" who="1" fromWho="1" sc="338,-21,214,53,224,-11,214,-11" /><INIT seed="1,0,0,2,0,20" ten="317,267,213,203" oya="1" hai0="41,105,72,32,75,99,101,22,83,45,100,26,4" hai1="95,78,28,134,106,81,114,68,46,55,33,69,3" hai2="74,124,58,30,108,0,59,131,109,127,51,18,115" hai3="96,5,98,107,119,37,47,92,10,116,44,36,7" shuffle="mt19937ar,5F4CADAF,E860E148,AEBB9052,BF2CBDF0,DDAFC825,0D776B0E,374F6014,726CE7D4"/><U88/><E106/><V128/><F74/><W53/><G107/><T43/><D101/><U104/><E104/><V121/><F0/><W135/><G92/><T102/><D102/><U86/><E3/><V56/><F30/><W27/><G10/><T80/><D32/><U15/><E114/><V62/><F18/><W54/><REACH who="3" step="1"/><G135/><REACH who="3" step="2"/><T122/><D105/><U67/><E134/><V132/><F132/><W89/><G89/><T130/><D100/><U125/><E88/><V21/><F115/><W8/><G8/><T85/><D4/><U64/><E95/><V61/><F121/><W118/><G118/><T126/><D122/><U94/><E94/><V14/><F21/><W1/><G1/><T50/><D22/><U70/><E33/><V24/><F128/><W40/><G40/><T25/><D43/><U42/><E42/><V71/><F131/><W19/><G19/><T111/><D41/><U84/><E28/><V48/><F124/><W133/><G133/><T52/><D126/><U91/><E125/><V120/><F127/><W13/><G13/><T57/><D130/><U29/><E15/><V113/><F14/><W82/><G82/><T79/><D83/><N who="1" m="47223" /><E29/><V65/><F113/><W129/><G129/><T23/><D80/><U93/><E81/><V31/><F120/><W76/><G76/><T17/><D79/><U34/><E34/><V6/><F31/><W117/><G117/><T2/><D2/><U110/><E110/><V112/><F109/><W63/><G63/><T73/><D111/><U123/><E123/><V49/><F108/><W90/><G90/><RYUUKYOKU ba="0,1" sc="317,-15,267,15,213,-15,193,15" hai1="46,55,64,67,68,69,70,86,91,93" hai3="5,7,27,36,37,44,47,53,54,96,98,116,119" /><INIT seed="1,1,1,5,2,2" ten="302,282,198,208" oya="1" hai0="37,33,128,119,41,15,100,93,5,17,134,0,12" hai1="122,24,40,34,130,56,60,72,9,45,38,133,19" hai2="30,73,97,26,49,77,103,52,92,62,90,63,69" hai3="118,85,6,44,78,121,4,101,80,51,7,66,131" shuffle="mt19937ar,5EE3668A,1B867028,B4DAAE2D,31F3D4B1,95C6B7C9,51DDDE61,9A7FBF97,E751978F"/><U11/><E122/><V110/><F110/><W32/><G121/><T82/><D119/><U79/><E130/><V10/><F69/><W127/><G32/><T95/><D33/><U59/><E133/><V68/><F68/><W13/><G131/><T75/><D128/><U50/><E38/><V99/><F10/><W129/><G129/><T22/><D15/><U87/><E72/><V8/><F8/><N who="1" m="3145" /><E34/><V46/><F77/><W58/><G118/><T94/><D0/><U29/><E29/><V114/><F73/><W91/><G127/><T117/><D37/><U126/><E126/><V43/><F114/><W1/><G1/><T55/><D12/><U3/><E3/><V86/><F43/><N who="3" m="24991" /><G13/><T27/><D75/><U81/><E60/><V31/><F97/><W64/><G101/><T102/><D100/><U109/><E109/><V47/><F47/><W20/><G20/><AGARI ba="1,1" hai="19,20,24,40,45,50,56,59,79,81,87" m="3145" machi="20" ten="30,1500,0" yaku="8,1" doraHai="2" who="1" fromWho="3" sc="302,0,282,28,198,0,208,-18" /><INIT seed="1,2,0,1,1,65" ten="302,310,198,190" oya="1" hai0="95,68,119,123,40,128,96,20,69,48,82,115,13" hai1="37,38,47,122,77,45,12,94,27,83,63,8,66" hai2="24,126,117,16,100,98,0,87,29,130,70,113,55" hai3="7,125,57,35,32,30,129,67,61,101,49,72,42" shuffle="mt19937ar,0DAA78B4,8B856C79,1D9BF403,3E35C28A,F6859D37,C8A98CBF,546ABF2D,D554B3C1"/><U17/><E122/><V28/><F117/><W109/><G72/><T104/><D119/><U110/><E110/><V112/><F0/><W132/><G109/><T26/><D115/><N who="2" m="44106" /><F130/><W15/><G129/><T71/><D128/><U33/><E94/><V50/><F126/><W56/><G125/><T6/><D104/><U85/><E37/><V44/><F87/><W9/><G132/><T81/><D123/><U133/><E38/><V73/><F73/><W124/><G124/><T74/><D74/><U2/><E2/><V99/><F70/><W105/><G30/><N who="2" m="11881" /><F100/><W103/><G103/><T4/><D26/><U114/><E114/><V106/><F106/><W135/><G135/><T54/><D40/><U41/><E41/><V43/><F43/><W92/><G105/><T53/><D4/><U118/><E133/><V79/><F79/><W23/><G23/><AGARI ba="2,0" hai="16,23,24,44,50,55,98,99" m="11881,44106" machi="23" ten="30,2000,0" yaku="11,1,54,1" doraHai="65" who="2" fromWho="3" sc="302,0,310,0,198,26,190,-26" /><INIT seed="2,0,0,4,4,42" ten="302,310,224,164" oya="2" hai0="60,84,37,90,23,99,114,67,29,109,103,94,30" hai1="35,135,36,43,127,82,32,119,53,48,47,79,16" hai2="129,131,3,4,25,40,78,21,122,50,102,66,13" hai3="45,1,15,107,100,12,28,81,44,41,8,34,88" shuffle="mt19937ar,38B0F4F5,BEF38EA8,FA2BD83F,3B6F7D89,4EE1F80B,5E5E18BD,ED0EC9A9,C9771528"/><V121/><F102/><W2/><G107/><T86/><D114/><U52/><E119/><V56/><F78/><W128/><G100/><T61/><D37/><U55/><E135/><V14/><F66/><W27/><G128/><N who="2" m="49225" /><F56/><W123/><G123/><N who="2" m="47113" /><F50/><W74/><G15/><T83/><D109/><U118/><E127/><V33/><F33/><W101/><G101/><T92/><D61/><U130/><E118/><V73/><F40/><W51/><G45/><T133/><D133/><U112/><E112/><V65/><F65/><W117/><G117/><T96/><D60/><U7/><E130/><V20/><F73/><W113/><G113/><T77/><D67/><U68/><E48/><V76/><F76/><W104/><G104/><T87/><D23/><N who="2" m="8778" /><F25/><W108/><G108/><T39/><D39/><U49/><E36/><V69/><F69/><W11/><G74/><T18/><D77/><U105/><E35/><V116/><F116/><W126/><G126/><T110/><D103/><U125/><E32/><V57/><F57/><W63/><G63/><T9/><D110/><U64/><E105/><V17/><F17/><W10/><REACH who="3" step="1"/><G12/><REACH who="3" step="2"/><T22/><D83/><U24/><E82/><V106/><F106/><W5/><G5/><T85/><D92/><U38/><E7/><V6/><F6/><W62/><G62/><T124/><D94/><U98/><E125/><V70/><F70/><W75/><G75/><T19/><D124/><U134/><E68/><V120/><F120/><W80/><G80/><T97/><D19/><U93/><E16/><V0/><F4/><W91/><G91/><RYUUKYOKU ba="0,1" sc="302,-15,310,-15,224,15,154,15" hai2="0,3,13,14" hai3="1,2,8,10,11,27,28,34,41,44,51,81,88" /><INIT seed="2,1,1,2,5,124" ten="287,295,239,169" oya="2" hai0="77,57,94,79,104,11,67,0,87,10,98,103,83" hai1="4,95,121,7,97,5,12,74,71,31,29,111,53" hai2="99,66,51,13,22,130,123,117,125,19,60,100,85" hai3="52,118,65,38,105,110,16,63,92,119,44,3,37" shuffle="mt19937ar,34BA68E2,631B4AFC,D8997895,BF7391AC,FE3DCF1D,489B4312,E15F3D77,51ABA739"/><V69/><F123/><W73/><G105/><T9/><D104/><U86/><E74/><V80/><F117/><W84/><G73/><T55/><D0/><U133/><E71/><V135/><F125/><W58/><G3/><T48/><D67/><U116/><E116/><N who="3" m="44586" /><G92/><T134/><REACH who="0" step="1"/><D134/><REACH who="0" step="2"/><U56/><E133/><V107/><F135/><W108/><G84/><T30/><D30/><U93/><E121/><V78/><REACH who="2" step="1"/><F51/><REACH who="2" step="2"/><N who="3" m="28775" /><G16/><T33/><D33/><U115/><E5/><V18/><F18/><W40/><G38/><T114/><D114/><U102/><E115/><V106/><F106/><W8/><G8/><T126/><D126/><U47/><E4/><V68/><F68/><W21/><G21/><T20/><D20/><U128/><E7/><V42/><F42/><W28/><G28/><T113/><D113/><U89/><E31/><V59/><F59/><W101/><G101/><T15/><D15/><U26/><E56/><V72/><F72/><W50/><G37/><T32/><D32/><U112/><E112/><V36/><F36/><W64/><G64/><T27/><D27/><U109/><E12/><V25/><F25/><W132/><G132/><T1/><D1/><U24/><E26/><V131/><AGARI ba="1,3" hai="13,19,22,60,66,69,78,80,85,99,100,107,130,131" machi="131" ten="30,11700,0" yaku="1,1,0,1,52,2,53,0" doraHai="124" doraHaiUra="45" who="2" fromWho="2" sc="277,-40,295,-40,229,150,169,-40" /><INIT seed="2,2,0,4,3,15" ten="237,255,379,129" oya="2" hai0="119,100,97,120,1,123,60,27,16,81,38,116,91" hai1="24,32,88,8,3,110,76,59,23,107,65,4,125" hai2="48,77,95,111,128,131,66,135,30,36,98,122,115" hai3="124,82,105,61,6,22,85,10,84,80,86,132,34" shuffle="mt19937ar,5ACBCC6F,67FF795B,2E42A8F0,384F5195,B12E60C6,4C636611,0BD051B3,0004C052"/><V31/><F36/><W64/><G34/><T58/><D1/><U74/><E107/><V89/><F122/><W108/><G105/><N who="0" m="63631" /><D38/><U57/><E125/><V41/><F77/><W129/><G124/><T49/><D49/><U12/><E110/><V127/><F127/><W102/><G108/><T69/><D69/><U83/><E65/><V25/><F111/><W7/><G129/><N who="2" m="49737" /><F115/><W93/><G132/><T21/><D91/><U133/><E133/><V47/><F135/><W0/><G7/><T109/><D81/><U55/><E55/><V50/><F66/><W37/><G37/><T39/><D39/><U130/><E130/><V2/><F2/><W40/><G40/><T73/><D73/><U54/><E54/><N who="2" m="29983" /><F31/><W52/><G64/><N who="0" m="38935" /><D109/><U72/><E72/><V5/><F5/><W20/><G82/><T134/><D134/><U78/><E78/><V94/><F94/><W101/><G80/><T9/><D9/><U62/><E62/><V106/><F106/><W63/><G63/><T26/><D123/><U42/><E42/><V44/><F30/><W28/><G28/><T67/><D67/><U87/><E3/><V71/><F71/><W43/><G43/><T90/><D120/><U126/><E126/><V53/><F41/><W11/><G11/><T33/><D33/><U56/><E32/><V96/><F96/><W68/><G68/><T75/><D75/><U46/><E74/><V114/><F114/><W117/><G93/><T35/><D35/><U51/><E76/><V92/><F92/><W18/><G0/><T45/><D21/><U99/><E23/><RYUUKYOKU ba="2,0" sc="237,-10,255,-10,379,30,129,-10" hai2="25,44,50,53,89,95,98" /><INIT seed="2,3,0,5,4,44" ten="227,245,409,119" oya="2" hai0="115,118,40,133,112,94,22,45,95,104,41,1,28" hai1="38,122,19,6,119,100,63,92,15,105,74,5,113" hai2="81,52,73,8,110,126,31,70,75,12,17,10,61" hai3="62,57,64,114,14,120,98,103,67,24,53,123,82" shuffle="mt19937ar,9C07F7EC,D3355B2E,D5A88131,0D3D21AE,7F4F3C86,254F0D36,2A75E7DB,770BE1AA"/><V56/><F70/><W107/><G114/><T21/><D104/><U89/><E74/><V117/><F117/><W79/><G14/><T0/><D45/><U50/><E113/><V109/><F126/><W35/><G35/><T101/><D28/><U43/><E38/><V86/><F31/><W49/><G24/><T131/><D101/><U54/><E119/><V30/><F30/><W72/><REACH who="3" step="1"/><G67/><REACH who="3" step="2"/><T29/><D118/><U51/><E15/><V128/><F12/><W33/><G33/><T37/><D115/><U96/><E122/><V55/><F10/><W32/><G32/><T134/><D112/><U84/><E5/><V42/><F8/><W91/><G91/><T116/><D116/><U58/><E6/><V68/><F109/><W80/><G80/><T11/><D11/><U132/><E132/><V93/><F81/><W16/><G16/><T39/><D29/><U130/><E19/><V76/><F17/><W66/><G66/><T108/><D108/><U59/><E130/><AGARI ba="3,1" hai="0,1,21,22,37,39,40,41,94,95,130,131,133,134" machi="130" ten="25,1600,0" yaku="22,2" doraHai="44" who="0" fromWho="1" sc="227,35,245,-25,409,0,109,0" /><INIT seed="3,0,0,1,5,48" ten="262,220,409,109" oya="3" hai0="66,43,6,29,36,96,127,79,129,32,84,35,33" hai1="50,15,95,74,19,37,93,73,69,61,57,3,128" hai2="97,5,100,14,40,12,80,16,28,81,23,130,47" hai3="30,94,9,111,132,13,68,87,118,131,101,10,72" shuffle="mt19937ar,F6FA96A3,84EF5101,F32758D8,8F00A131,8D0DEF2E,56EA91ED,593D9177,F27B5C2D"/><W117/><G72/><T109/><D29/><U27/><E37/><V88/><F28/><W85/><G68/><T115/><D6/><U71/><E3/><V103/><F130/><W67/><G131/><T98/><D129/><U113/><E113/><V34/><F34/><W76/><G30/><T126/><D109/><U31/><E128/><V92/><F47/><W55/><G67/><T42/><D66/><U122/><E122/><V65/><F40/><N who="0" m="15402" /><D36/><U38/><E38/><V133/><F133/><W52/><G132/><T26/><D26/><U121/><E121/><V53/><F65/><W110/><G101/><N who="2" m="38985" /><F53/><N who="3" m="20555" /><G94/><T102/><D102/><U77/><E74/><V49/><F49/><W17/><G10/><AGARI ba="0,0" hai="5,10,12,14,16,23,80,81,88,92,97" m="38985" machi="10" ten="30,3900,0" yaku="8,1,54,2" doraHai="48" who="2" fromWho="3" sc="262,0,220,0,409,39,109,-39" owari="262,1,220,-13,448,45,70,-33" /></mjloggm>