<mjloggm ver="2.3"><GO type="225"/><UN n0="%E9%9B%AA%E5%9B%BD%E8%82%B2%E3%81%A1" n1="%E5%88%BB%E5%AD%90%E5%B8%82%E6%B0%91" n2="%E5%BE%85%E3%81%A1%E3%81%A8%E3%82%89%E3%81%9A" n3="%E3%81%93%E3%82%93%E3%81%AB%E3%81%A1%E3%81%AF%E6%97%A5%E6%9B%9C%E6%97%A5" dan="17,17,16,16" rate="2202,2114,2050,2011" sx="M,M,M,M"/><TAIKYOKU oya="0"/><INIT seed="0,0,0,4,2,37" ten="250,250,250,250" oya="0" hai0="9,51,27,83,0,93,11,10,59,60,101,64,32" hai1="125,47,30,66,44,31,82,43,19,29,17,103,1" hai2="113,132,26,74,69,133,80,123,91,96,81,70,87" hai3="135,97,12,8,109,67,52,15,124,2,89,56,61" shuffle="mt19937ar,2488932C,69DBA72F,35EF745F,D4EEB455,15E83087,11C2DD19,80C6F3D7,751CA094"/><T72/><D0/><U100/><E1/><V127/><F123/><W39/><G39/><T23/><D32/><U111/><E111/><V84/><F113/><W48/><G109/><T76/><D51/><U94/><E125/><V41/><F74/><W45/><G124/><T108/><D108/><U105/><E105/><V65/><F96/><W14/><G135/><N who="2" m="51785" /><F127/><W58/><G2/><T4/><D4/><U117/><E117/><V86/><F65/><W49/><G49/><T90/><D101/><N who="1" m="38987" /><E66/><V78/><F26/><W21/><G21/><T122/><D122/><U106/><E106/><V22/><F22/><W68/><REACH who="3" step="1"/><G8/><REACH who="3" step="2"/><T73/><D73/><U79/><E94/><AGARI ba="0,1" hai="12,14,15,45,48,52,56,58,61,67,68,89,94,97" machi="94" ten="40,5200,0" yaku="1,1,2,1,54,1,53,0" doraHai="37" doraHaiUra="13" who="3" fromWho="1" sc="250,0,250,-52,250,0,240,62" /><INIT seed="1,0,0,5,5,101" ten="250,198,250,302" oya="1" hai0="22,53,31,127,1,6,25,9,96,123,5,40,45" hai1="108,51,12,11,119,99,75,19,16,63,54,29,134" hai2="117,105,32,62,15,59,112,122,38,60,71,17,126" hai3="104,94,90,27,95,7,68,49,33,55,10,120,39" shuffle="mt19937ar,E68F8D37,B3016947,47366313,E61E72A6,8FAE6E48,0880D42F,2666CE3F,6CEBF10F"/><U58/><E119/><V21/><F122/><W47/><G120/><T64/><D123/><U73/><E134/><V111/><F32/><W98/><G68/><T77/><D127/><U131/><E131/><V91/><F111/><W43/><G104/><T42/><D77/><U109/><E29/><V24/><F38/><W124/><G124/><T118/><D64/><U61/><E99/><V92/><F112/><W84/><G33/><T83/><D83/><U66/><E19/><V82/><F82/><W81/><G27/><T26/><D118/><U86/><E86/><V67/><F126/><W110/><G110/><N who="1" m="42602" /><E63/><V76/><F76/><W52/><G39/><T102/><D6/><U132/><E132/><V103/><F117/><W36/><G36/><T57/><D26/><U125/><E125/><V0/><F0/><W69/><G69/><AGARI ba="0,0" hai="11,12,16,51,54,58,61,66,69,73,75" m="42602" machi="69" ten="30,5800,0" yaku="14,1,10,1,54,1" doraHai="101" who="1" fromWho="3" sc="250,0,198,58,250,0,302,-58" /><INIT seed="1,1,0,4,4,89" ten="250,256,250,244" oya="1" hai0="61,56,51,48,114,110,78,29,19,3,22,99,117" hai1="79,59,135,38,132,64,67,113,81,1,60,119,14" hai2="39,118,0,55,83,6,27,57,34,45,66,18,71" hai3="12,13,112,116,133,33,94,10,76,108,40,63,107" shuffle="mt19937ar,59A18C6F,C09EE47C,567CA71A,0D9268CD,372E451F,1513C983,783478E6,32F1BCE4"/><U4/><E119/><V92/><F118/><W54/><G116/><T93/><D3/><U74/><E113/><V16/><F83/><W15/><G107/><T106/><D114/><U8/><E67/><V5/><F71/><W17/><G33/><T69/><D110/><U26/><E26/><V126/><F126/><W46/><G112/><T115/><D115/><U102/><E102/><V58/><F39/><W130/><G76/><T11/><D69/><U84/><E14/><V50/><F0/><W72/><G72/><T20/><D106/><U86/><REACH who="1" step="1"/><E38/><REACH who="1" step="2"/><V109/><F66/><W32/><G13/><N who="0" m="7615" /><D117/><U41/><E41/><V96/><F109/><W28/><G15/><T125/><D125/><U91/><E91/><N who="2" m="55327" /><F34/><W124/><G32/><T100/><D78/><U30/><E30/><V49/><F27/><W75/><G28/><T25/><D22/><U97/><E97/><V128/><F128/><W23/><G130/><T36/><D36/><U42/><E42/><N who="2" m="24759" /><F58/><W134/><G124/><T47/><D47/><U121/><E121/><V9/><F9/><W120/><G10/><T87/><D56/><U85/><AGARI ba="1,1" hai="1,4,8,59,60,64,74,79,81,84,85,86,132,135" machi="85" ten="30,3000,0" yaku="1,1,0,1,53,0" doraHai="89" doraHaiUra="122" who="1" fromWho="1" sc="250,-11,246,43,250,-11,244,-11" /><INIT seed="1,2,0,3,4,13" ten="239,289,239,233" oya="1" hai0="54,6,133,68,129,61,113,14,0,30,125,94,8" hai1="40,97,28,47,111,56,135,78,74,105,86,67,104" hai2="48,20,128,124,93,123,45,117,36,66,35,43,3" hai3="38,79,134,115,81,100,75,70,91,62,73,49,37" shuffle="mt19937ar,530D7D41,B5B26588,6D4D0A0E,D451A2C3,91F831E4,EF9E3004,F4D342F7,0C4A6135"/><U16/><E28/><V39/><F35/><W64/><G115/><T119/><D113/><U46/><E74/><V83/><F3/><W4/><G75/><T107/><D107/><U58/><E47/><V130/><F93/><W19/><G134/><T110/><D119/><U95/><E104/><V88/><F66/><W103/><G4/><T32/><D133/><U21/><E105/><V85/><F117/><W51/><G91/><T82/><D125/><U57/><E135/><V15/><F123/><W106/><G106/><T102/><D82/><N who="1" m="47447" /><E111/><V60/><F60/><W122/><G122/><T53/><D110/><U33/><E33/><V12/><F124/><W101/><REACH who="3" step="1"/><G19/><REACH who="3" step="2"/><T116/><D116/><U132/><E132/><V118/><F118/><W50/><AGARI ba="2,1" hai="37,38,49,50,51,62,64,70,73,79,81,100,101,103" machi="50" ten="30,7900,0" yaku="1,1,2,1,0,1,53,1" doraHai="13" doraHaiUra="72" who="3" fromWho="3" sc="239,-22,289,-41,239,-22,223,95" /><INIT seed="2,0,0,3,4,79" ten="217,248,217,318" oya="2" hai0="108,99,77,29,98,80,26,106,41,1,72,51,95" hai1="5,68,126,6,0,118,8,78,27,52,12,65,59" hai2="40,54,13,75,90,133,46,43,32,42,87,113,97" hai3="94,89,21,23,10,24,34,114,62,135,69,110,122" shuffle="mt19937ar,EECD09A1,E53210A0,937ECCFA,B9BDC6A7,D083AE82,19245430,F405C9D0,CDECCB33"/><V112/><F75/><W71/><G122/><T117/><D1/><U58/><E118/><V53/><F32/><W91/><G110/><T103/><D117/><U31/><E126/><V16/><F133/><W9/><G135/><T18/><D108/><U22/><E68/><V44/><F97/><W86/><G34/><T19/><D41/><U63/><E78/><V132/><F132/><W115/><G23/><T128/><D51/><N who="1" m="31007" /><E0/><V111/><F111/><W49/><G49/><T37/><D37/><U81/><E81/><N who="2" m="49519" /><F113/><N who="3" m="43019" /><G91/><T61/><D61/><U134/><E134/><V76/><F76/><W100/><G100/><T85/><D128/><U67/><E67/><V3/><F3/><W116/><G116/><T55/><D55/><N who="2" m="21002" /><F112/><W56/><G71/><T105/><D105/><U17/><AGARI ba="0,0" hai="5,6,8,12,17,22,27,31,59,63,65" m="31007" machi="17" ten="30,2000,0" yaku="8,1,54,1" doraHai="79" who="1" fromWho="1" sc="217,-5,248,20,217,-10,318,-5" /><INIT seed="3,0,0,1,2,53" ten="212,268,207,313" oya="3" hai0="24,97,5,16,90,33,103,74,54,32,31,106,121" hai1="41,100,73,120,98,91,124,58,48,78,39,18,38" hai2="113,44,88,21,82,72,114,126,123,81,51,119,0" hai3="85,40,79,8,46,99,49,67,60,56,37,112,42" shuffle="mt19937ar,6F3CDBB4,AE434D45,1A1A92BC,BA109629,29430484,D173D5E2,90FEE2DF,98220775"/><W128/><G112/><T35/><D121/><U45/><E120/><V109/><F123/><W30/><G30/><T104/><D74/><U64/><E124/><V13/><F119/><W63/><G99/><T125/><D125/><U129/><E91/><V12/><F126/><W36/><G128/><T10/><D104/><U77/><E129/><V133/><F0/><W14/><G63/><T66/><D66/><U94/><E73/><V6/><F133/><W115/><G115/><T22/><D90/><U17/><E38/><V102/><F109/><W61/><G61/><T20/><D54/><U132/><E132/><V29/><F102/><W107/><G107/><T105/><D105/><U117/><E117/><V84/><F72/><W4/><G42/><T69/><D69/><U96/><E96/><V65/><F65/><W89/><G79/><N who="1" m="30218" /><E39/><V15/><F6/><W3/><G3/><T27/><REACH who="0" step="1"/><D35/><REACH who="0" step="2"/><U93/><E93/><AGARI ba="0,1" hai="4,8,14,36,37,40,46,49,56,60,67,85,89,93" machi="93" ten="30,2900,0" yaku="7,1,52,1" doraHai="53" who="3" fromWho="1" sc="202,0,268,-29,207,0,313,39" owari="202,-20,239,-1,207,-14,352,35" /></mjloggm>