<mjloggm ver="2.3"><GO type="225"/><UN n0="%E3%81%BF%E3%81%A3%E3%81%A4%E3%81%83%EF%BD%9E" n1="%E9%9B%81%E7%BA%8F" n2="%73%69%64%65" n3="%E5%85%8B%E5%88%A9%E5%A5%A5%E4%BD%A9%E7%89%B9%E5%89%8C%CE%B6" dan="17,16,17,16" rate="2160,2045,2095,2182" sx="F,M,M,F"/><TAIKYOKU oya="0"/><INIT seed="0,0,0,5,3,65" ten="250,250,250,250" oya="0" hai0="50,86,111,75,85,23,28,84,122,9,19,102,40" hai1="98,74,43,27,24,13,127,38,109,112,49,128,80" hai2="133,22,92,25,126,94,123,91,31,30,70,8,61" hai3="18,106,48,66,42,71,58,83,59,87,45,134,15" shuffle="mt19937ar,5F6157BD,4B506DC3,FBC97023,78DF33AB,004C9786,A4FF0932,211A01ED,B1411924"/><T34/><D75/><U47/><E109/><V26/><F123/><W105/><G134/><T135/><D122/><U35/><E127/><V72/><F72/><W131/><G131/><T104/><D135/><U77/><E128/><V46/><F133/><W121/><G121/><T55/><D40/><U20/><E112/><V39/><F126/><W130/><G130/><T67/><D67/><U54/><E35/><V14/><F39/><W110/><G110/><T17/><D111/><U5/><E98/><V1/><F1/><W63/><G105/><T16/><D34/><U88/><E88/><V53/><F70/><W124/><G106/><T29/><D104/><U95/><E95/><V2/><F2/><W96/><G96/><T114/><D102/><U99/><E99/><V68/><F68/><W90/><REACH who="3" step="1"/><G124/><REACH who="3" step="2"/><T57/><D114/><U120/><E120/><V116/><F116/><W3/><G3/><T107/><D107/><U97/><E97/><V12/><F91/><W10/><AGARI ba="0,1" hai="10,15,18,42,45,48,58,59,63,66,71,83,87,90" machi="10" ten="20,8000,1" yaku="1,1,0,1,7,1,52,1,53,1" doraHai="65" doraHaiUra="6" who="3" fromWho="3" sc="250,-40,250,-20,250,-20,240,90" /><INIT seed="1,0,0,1,3,14" ten="210,230,230,330" oya="1" hai0="91,128,48,73,10,90,122,69,96,107,85,113,7" hai1="77,87,9,70,100,47,18,72,41,66,62,61,103" hai2="31,80,79,43,56,13,29,78,22,116,5,129,26" hai3="45,101,82,131,54,67,76,32,57,106,19,34,1" shuffle="mt19937ar,D1E08A09,80B2E698,D2F08C99,65AD67EF,FE7D59B4,F7B95913,F003DE02,3FD36289"/><U127/><E127/><V111/><F116/><W42/><G67/><T53/><D69/><U89/><E62/><V4/><F111/><W35/><G1/><T115/><D73/><U132/><E132/><V117/><F117/><W15/><G131/><T25/><D128/><U110/><E110/><V33/><F129/><W71/><G71/><T92/><D25/><U130/><E130/><V11/><F5/><W65/><G65/><T68/><D68/><U20/><E9/><V37/><F37/><W8/><G101/><T105/><D105/><U63/><E63/><V108/><F108/><W44/><G106/><T134/><D134/><U94/><E77/><V17/><F43/><W93/><G93/><T112/><D122/><U83/><E83/><V104/><F104/><W95/><G95/><T125/><D125/><U52/><E72/><V102/><F102/><W81/><G42/><T99/><D91/><U38/><REACH who="1" step="1"/><E52/><REACH who="1" step="2"/><V60/><F80/><W124/><G124/><T119/><D119/><U86/><E86/><V23/><F79/><W16/><G82/><T118/><D118/><U59/><E59/><V84/><F84/><W21/><G81/><T39/><D85/><U28/><E28/><V0/><F31/><W75/><G76/><T133/><D133/><U36/><E36/><V40/><F78/><W49/><G75/><T135/><D135/><U2/><E2/><V30/><F30/><W24/><AGARI ba="0,1" hai="8,15,16,19,21,24,32,34,35,44,45,49,54,57" machi="24" ten="30,7900,0" yaku="0,1,52,2,54,1" doraHai="14" who="3" fromWho="3" sc="210,-20,220,-39,230,-20,330,89" /><INIT seed="2,0,0,1,2,10" ten="190,181,210,419" oya="2" hai0="85,35,46,99,47,40,81,37,68,77,9,55,89" hai1="26,75,39,65,83,122,95,91,123,41,8,78,16" hai2="130,128,59,62,11,4,72,116,51,93,28,45,34" hai3="24,97,79,86,90,1,66,29,31,52,33,64,3" shuffle="mt19937ar,AE51FD32,8F7B02E9,7BD19F94,1C7860AE,4B9FEA25,7E2797F6,8BBBE906,43263AAA"/><V44/><F72/><W124/><G124/><T18/><D35/><U133/><E65/><V20/><F34/><W100/><G79/><T103/><D68/><U69/><E69/><V135/><F116/><W23/><G52/><T132/><D132/><U14/><E133/><V73/><F73/><W49/><G49/><N who="0" m="29119" /><D77/><U111/><E111/><V54/><F135/><W0/><G31/><T50/><D37/><U36/><E26/><N who="2" m="16455" /><F93/><W74/><G23/><T88/><D89/><U94/><E94/><V13/><F62/><W21/><G21/><T15/><D99/><N who="1" m="57855" /><E41/><V2/><F2/><W22/><G22/><T32/><D32/><U129/><E129/><AGARI ba="0,0" hai="4,11,13,44,45,51,54,59,128,129,130" m="16455" machi="129" ten="30,2900,0" yaku="19,1,52,1" doraHai="10" who="2" fromWho="1" sc="190,0,181,-29,210,29,419,0" /><INIT seed="2,1,0,3,4,70" ten="190,152,239,419" oya="2" hai0="99,102,15,25,35,128,131,36,135,62,64,51,120" hai1="28,10,49,7,89,126,95,37,66,130,16,53,74" hai2="52,34,76,1,5,68,75,109,45,83,9,110,93" hai3="47,71,21,3,92,133,20,18,106,24,80,108,38" shuffle="mt19937ar,B481EE5B,C0DA3174,4EDA34D6,FB8CC1B1,11C64A1F,7CC514B5,C0F6B748,B61AE398"/><V40/><F68/><W61/><G106/><N who="0" m="63839" /><D51/><U107/><E74/><V41/><F34/><W118/><G3/><T26/><D15/><U98/><E28/><V44/><F93/><W0/><G0/><T59/><D120/><U112/><E112/><V65/><F65/><W73/><G108/><N who="2" m="41577" /><F44/><W39/><G133/><T69/><D59/><U113/><E113/><V19/><F19/><W77/><G118/><T132/><D26/><U88/><E66/><V23/><F23/><W31/><G92/><T11/><D11/><U105/><E107/><V91/><F91/><W122/><G122/><T72/><D72/><U97/><E105/><V30/><F30/><W119/><G119/><T84/><D84/><U58/><E16/><V43/><F52/><W4/><G4/><T33/><D36/><U32/><E37/><N who="2" m="21647" /><F41/><W101/><G47/><T125/><D35/><U46/><E46/><V79/><F43/><W42/><G42/><T103/><D103/><U129/><E32/><V94/><F94/><W55/><G101/><T115/><D115/><U114/><E114/><V54/><F54/><W2/><G55/><T87/><D87/><U6/><E97/><V116/><F79/><W63/><G71/><T27/><D27/><U56/><E98/><V85/><F85/><W121/><G39/><T48/><D48/><U90/><E95/><V111/><N who="2" m="41585" /><V127/><DORA hai="124" /><F116/><W22/><G38/><T86/><D86/><U14/><E53/><V117/><F117/><W104/><G104/><T12/><D25/><U29/><E49/><V134/><F134/><N who="0" m="51242" /><D33/><U13/><E56/><RYUUKYOKU ba="1,0" sc="190,-10,152,-10,239,30,419,-10" hai2="1,5,9,75,76,83,127" /><INIT seed="2,2,0,4,5,134" ten="180,142,269,409" oya="2" hai0="71,46,73,51,21,2,35,87,65,38,132,79,43" hai1="15,119,26,10,75,85,74,100,116,9,11,130,48" hai2="4,99,124,62,19,68,8,52,64,70,92,88,66" hai3="47,81,82,106,111,13,1,6,23,103,31,27,125" shuffle="mt19937ar,B6D92EC4,4C3FBD8C,B14D9D3E,C082A2BF,EBC6FED5,F863C1A2,801F5C0F,AB8D50AA"/><V3/><F124/><W24/><G111/><T42/><D35/><U7/><E100/><V77/><F77/><W60/><G1/><T95/><D2/><U117/><E130/><V78/><F78/><W32/><G125/><T22/><D132/><U53/><E85/><V18/><REACH who="2" step="1"/><F52/><REACH who="2" step="2"/><W37/><G60/><AGARI ba="2,1" hai="3,4,8,18,19,60,62,64,66,68,70,88,92,99" machi="60" ten="40,18000,2" yaku="1,1,2,1,9,1,54,1,53,2" doraHai="134" doraHaiUra="61" who="2" fromWho="3" sc="180,0,142,0,259,196,409,-186" /><INIT seed="2,3,0,0,0,64" ten="180,142,455,223" oya="2" hai0="25,82,3,54,22,11,119,35,65,33,86,49,10" hai1="99,115,94,117,51,90,105,56,18,44,59,42,70" hai2="103,132,98,50,97,93,53,69,52,45,108,31,81" hai3="75,114,23,112,95,78,79,19,71,13,88,128,36" shuffle="mt19937ar,E5AF73F3,C184EF06,0196627E,42765508,C1DE470E,52D28565,6CF22498,A795AE29"/><V127/><F69/><W60/><G128/><T38/><D38/><U57/><E115/><N who="3" m="44074" /><G36/><T4/><D119/><U102/><E117/><V130/><F130/><W29/><G29/><T48/><D11/><U77/><E77/><V40/><F132/><W121/><G75/><T6/><D6/><U125/><E125/><V26/><F127/><W62/><G121/><T30/><D65/><U9/><E70/><V37/><F108/><W15/><G15/><T32/><REACH who="0" step="1"/><D54/><REACH who="0" step="2"/><U68/><E68/><V7/><F53/><W92/><G71/><T55/><D55/><U131/><E131/><V76/><F7/><W124/><G124/><T72/><D72/><U96/><E9/><V20/><F37/><W46/><G62/><T41/><D41/><U126/><E126/><V80/><F40/><W123/><G60/><T0/><D0/><U17/><AGARI ba="3,1" hai="17,18,42,44,51,56,57,59,90,94,96,99,102,105" machi="17" ten="30,1100,0" yaku="0,1" doraHai="64" who="1" fromWho="1" sc="170,-6,142,30,455,-8,223,-6" /><INIT seed="3,0,0,4,2,27" ten="164,172,447,217" oya="3" hai0="55,31,67,132,58,118,61,121,89,80,9,125,7" hai1="82,81,70,11,23,38,129,91,113,43,29,79,39" hai2="69,62,40,122,85,90,65,101,12,64,76,68,44" hai3="131,50,83,73,100,6,84,103,21,5,71,26,95" shuffle="mt19937ar,A465F550,3F6ACAD4,21D8DEAA,BE7AE9CC,7665D668,75C29004,566AD414,D1E14A5D"/><W18/><G73/><T97/><D118/><U36/><E113/><V120/><F76/><N who="3" m="46183" /><G71/><T56/><D121/><U16/><E129/><V13/><F101/><N who="3" m="38987" /><G131/><T59/><D132/><U20/><E70/><V108/><F122/><W116/><G116/><T28/><D125/><U2/><E43/><V128/><F120/><W3/><G3/><T24/><D24/><U45/><E45/><V77/><F128/><W0/><G0/><T25/><D25/><U54/><E54/><V17/><F69/><W35/><G35/><T88/><D58/><U87/><E29/><N who="0" m="11337" /><D80/><U53/><E53/><V99/><F68/><W110/><G110/><T42/><D42/><U105/><E105/><V19/><F108/><W94/><G50/><N who="0" m="30839" /><D97/><U96/><E96/><V102/><F102/><W115/><G115/><T93/><D93/><AGARI ba="0,0" hai="5,6,18,21,26,93,94,95" m="38987,46183" machi="93" ten="30,1500,0" yaku="8,1" doraHai="27" who="3" fromWho="0" sc="164,-15,172,0,447,0,217,15" /><INIT seed="3,1,0,1,5,125" ten="149,172,447,232" oya="3" hai0="77,91,114,31,64,71,65,40,76,54,88,82,12" hai1="45,27,6,79,42,50,59,62,0,128,105,93,92" hai2="90,51,72,63,98,121,46,3,83,67,78,8,26" hai3="61,81,84,102,4,124,37,48,134,127,129,117,95" shuffle="mt19937ar,96C70A06,EDE22942,31CC520F,846CE43A,4C4F90EC,34600AF8,4ECCB558,0C987055"/><W133/><G37/><T119/><D71/><U131/><E105/><V122/><F26/><W53/><G4/><T107/><D107/><U52/><E79/><N who="0" m="30281" /><D119/><U87/><E27/><V85/><F98/><N who="3" m="59743" /><G61/><T28/><D114/><U110/><E110/><V1/><F63/><W75/><G75/><T11/><D40/><U99/><E87/><V57/><F3/><W23/><G23/><T13/><D54/><U2/><E93/><V112/><F1/><W120/><G117/><T22/><D12/><U30/><E30/><N who="0" m="11305" /><D22/><U24/><E24/><V7/><F112/><W20/><G20/><T104/><D104/><U18/><E18/><V94/><F7/><W116/><G116/><T55/><D55/><U35/><E35/><V123/><F8/><W132/><G120/><T101/><D101/><U86/><E86/><V14/><F67/><N who="0" m="25674" /><D82/><U9/><REACH who="1" step="1"/><E2/><REACH who="1" step="2"/><V135/><F90/><AGARI ba="1,1" hai="0,6,9,42,45,50,52,59,62,90,92,99,128,131" machi="90" ten="40,12000,2" yaku="1,1,2,1,52,2,54,1,53,1" doraHai="125" doraHaiUra="34" who="1" fromWho="2" sc="149,0,162,133,447,-123,232,0" owari="149,-25,295,5,324,32,232,-12" /></mjloggm>