<mjloggm ver="2.3"><GO type="185"/><UN n0="%E5%8D%81%E5%85%AD%E5%A4%9C%E2%80%A0%E5%92%B2%E5%A4%9C" n1="%E4%B8%89%E7%94%B0%E6%9D%91%E8%8C%9C" n2="%E7%B1%B3%E5%85%89%E5%80%B6%E6%A5%BD%E9%83%A8" n3="" dan="16,17,16,0" rate="2192,2177,2182,1500" sx="F,F,F,C"/><TAIKYOKU oya="0"/><INIT seed="0,0,0,0,5,51" ten="350,350,350,0" oya="0" hai0="64,48,68,110,113,88,71,112,41,42,78,99,70" hai1="63,38,34,53,135,37,35,54,58,3,90,1,106" hai2="65,118,97,76,100,45,115,56,119,133,105,73,117" hai3="" shuffle="mt19937ar,414B85C0,A360CDBC,B1A94376,9BFD75DC,ECA64C8A,CEAF17AE,F02289A4,26BC8A0A"/><T101/><D78/><U55/><E106/><V0/><F0/><T103/><D64/><U79/><E135/><V85/><F115/><T39/><D39/><U43/><E79/><V80/><F133/><T62/><D62/><U89/><E43/><V134/><F134/><T44/><D110/><U66/><E66/><V40/><F56/><T128/><D128/><U109/><E58/><V91/><F65/><T129/><D42/><U132/><E132/><V96/><F96/><T47/><D47/><U98/><E98/><V84/><REACH who="2" step="1"/><F91/><REACH who="2" step="2"/><N who="1" m="34825" /><E109/><V69/><F69/><T108/><D108/><U57/><E57/><V107/><F107/><T72/><D113/><U81/><E63/><V121/><N who="2" m="31008" /><V116/><N who="2" m="29696" /><DORA hai="95" /><V87/><F87/><T123/><D112/><U83/><E1/><V125/><F125/><T102/><D71/><U52/><E3/><V114/><F114/><T126/><D68/><U33/><N who="1" m="13312" /><DORA hai="130" /><U122/><N who="1" m="31264" /><U36/><AGARI ba="0,1" hai="33,34,35,36,37,38,81,83" m="31264,13312,34825" machi="36" ten="60,18000,4" yaku="4,1,29,2,28,2,52,5,54,1" doraHai="51,95,130" who="1" fromWho="1" sc="350,-120,350,190,340,-60,0,0" /><INIT seed="1,0,0,5,4,89" ten="230,540,280,0" oya="1" hai0="103,0,109,114,97,108,66,105,110,78,59,44,67" hai1="46,125,122,35,64,94,80,33,48,127,101,76,92" hai2="98,131,82,96,58,81,95,41,116,32,50,34,121" hai3="" shuffle="mt19937ar,AC27A76D,D60646ED,01E83882,5EE06A8B,76ACB049,90A622D7,2DC1B01D,A95758E1"/><U135/><N who="1" m="31264" /><U36/><E36/><V107/><N who="2" m="31008" /><V53/><F116/><T87/><D0/><U128/><E135/><V132/><F132/><T86/><D114/><U79/><E128/><V40/><F131/><T42/><D78/><U47/><E64/><V117/><F117/><T99/><D99/><U102/><E48/><V51/><F107/><T60/><REACH who="0" step="1"/><D67/><REACH who="0" step="2"/><U83/><AGARI ba="0,1" hai="33,35,46,47,76,79,80,83,92,94,101,102,125,127" m="31264" machi="83" ten="25,12000,2" yaku="0,1,22,2,52,3" doraHai="89" who="1" fromWho="1" sc="220,-60,540,130,280,-60,0,0" /><INIT seed="1,1,0,1,1,55" ten="160,670,220,0" oya="1" hai0="88,115,96,57,84,40,111,107,47,104,106,48,54" hai1="118,123,93,100,61,129,33,68,75,105,72,59,98" hai2="67,92,124,94,77,56,45,101,103,120,109,86,62" hai3="" shuffle="mt19937ar,FFA1F6A4,2A329D5F,F1F441F1,89348F3A,5B393D66,224CBB95,79DAC0FA,8647BD83"/><U53/><N who="1" m="31520" /><U119/><E33/><V73/><N who="2" m="30752" /><V63/><F73/><T133/><D111/><U112/><E112/><V42/><F109/><T65/><D115/><U60/><E129/><V35/><F35/><T121/><N who="0" m="31008" /><T108/><D108/><U95/><E75/><V41/><F124/><T81/><D133/><U58/><E72/><V126/><F126/><T70/><D70/><U97/><E68/><V32/><F32/><T0/><D0/><U135/><E105/><V43/><F45/><T78/><D65/><U76/><E76/><V130/><F130/><T39/><REACH who="0" step="1"/><D78/><REACH who="0" step="2"/><U82/><E135/><V66/><F77/><T50/><D50/><U2/><E2/><V114/><F114/><T99/><AGARI ba="1,1" hai="39,40,47,48,54,57,81,84,88,96,99,104,106,107" m="31008" machi="99" ten="40,6000,1" yaku="1,1,0,1,52,2,54,1,53,0" doraHai="55" doraHaiUra="113" who="0" fromWho="0" sc="150,72,670,-41,220,-21,0,0" /><INIT seed="2,0,0,5,4,34" ten="222,629,199,0" oya="2" hai0="71,46,0,107,104,58,53,112,1,76,95,82,86" hai1="57,96,39,77,32,79,94,108,125,75,42,87,130" hai2="98,135,61,131,44,103,109,132,127,90,49,74,47" hai3="" shuffle="mt19937ar,5BDF48A9,16C17F90,BE2D413C,BE3D06B7,9EAB6B20,1AF23278,7DA81C85,E887E364"/><V56/><F74/><T80/><D71/><U85/><E32/><V123/><N who="2" m="31520" /><V40/><F127/><T68/><D68/><U36/><E125/><V78/><F78/><T69/><D69/><U128/><E57/><V50/><F109/><T113/><D46/><U67/><E67/><V51/><F90/><T124/><D124/><U35/><E35/><V92/><F131/><N who="1" m="50217" /><E108/><V81/><F81/><T2/><D95/><U116/><E116/><V45/><REACH who="2" step="1"/><F40/><REACH who="2" step="2"/><T120/><N who="0" m="30752" /><T52/><D82/><U88/><E42/><V64/><AGARI ba="0,1" hai="44,45,47,49,50,51,56,61,64,92,98,103,132,135" m="31520" machi="64" ten="40,5200,0" yaku="1,1,0,1,52,1,53,0" doraHai="34" doraHaiUra="38" who="2" fromWho="2" sc="222,-26,629,-26,189,62,0,0" /><INIT seed="2,1,0,4,4,39" ten="196,603,251,0" oya="2" hai0="70,42,129,81,78,40,114,35,45,77,44,108,55" hai1="110,97,98,34,73,69,47,67,130,101,72,58,121" hai2="54,79,60,68,90,74,61,57,36,102,106,62,118" hai3="" shuffle="mt19937ar,E0B2BF90,23963A2E,E1A60568,C701FAA5,CD5F94A4,CF1D6129,24DAE556,D6EAE813"/><V56/><F36/><T49/><D35/><U104/><N who="1" m="31008" /><U103/><E34/><V93/><F118/><T86/><D70/><U127/><E110/><V117/><F117/><T0/><D0/><U89/><E130/><V82/><F68/><T107/><D107/><U41/><E69/><V132/><F132/><T100/><D100/><U66/><E89/><V2/><F2/><T133/><D108/><U91/><E91/><V109/><F109/><T1/><D1/><U112/><E112/><V53/><F102/><T92/><D92/><U75/><E127/><V99/><REACH who="2" step="1"/><F106/><REACH who="2" step="2"/><T124/><D133/><U83/><E104/><V125/><F125/><T46/><D124/><U65/><E103/><V135/><F135/><T126/><D126/><U134/><E101/><V37/><F37/><T59/><D114/><U63/><E134/><V105/><F105/><T119/><D119/><U95/><E73/><V113/><F113/><T38/><D38/><U120/><E72/><V48/><AGARI ba="1,1" hai="48,53,54,56,57,60,61,62,74,79,82,90,93,99" machi="48" ten="20,2600,0" yaku="1,1,0,1,7,1,53,0" doraHai="39" doraHaiUra="115" who="2" fromWho="2" sc="196,-14,603,-14,241,38,0,0" /><INIT seed="2,2,0,0,5,74" ten="182,589,279,0" oya="2" hai0="95,35,42,0,117,75,73,55,120,90,49,86,100" hai1="102,116,77,62,131,76,96,83,72,65,105,60,118" hai2="43,109,36,129,59,78,111,122,135,37,92,82,97" hai3="" shuffle="mt19937ar,05161380,9890B4F1,CAA315E2,4CE070E0,46C6320B,DC70C934,3155816D,DBC6CBAF"/><V125/><N who="2" m="31264" /><V39/><F135/><T34/><N who="0" m="30752" /><T119/><D0/><U61/><E131/><V63/><F129/><T132/><D42/><U89/><E77/><V44/><F125/><T101/><D132/><U69/><E89/><V107/><F107/><T41/><D41/><U126/><E126/><V45/><F43/><T93/><D75/><U91/><E91/><V1/><F1/><T110/><D73/><U84/><E84/><V103/><F59/><T94/><D110/><N who="2" m="41994" /><F63/><T112/><D112/><U99/><E99/><V130/><F130/><T113/><D113/><U50/><E50/><V134/><F134/><T58/><D35/><U127/><E127/><V104/><F104/><T53/><D34/><U98/><E60/><V123/><N who="2" m="31520" /><V85/><AGARI ba="2,0" hai="36,37,39,44,45,78,82,85,92,97,103" m="31520,41994,31264" machi="85" ten="40,12000,2" yaku="4,1,14,1,10,1,52,3" doraHai="74" who="2" fromWho="2" sc="182,-62,589,-62,279,124,0,0" /><INIT seed="2,3,0,2,2,51" ten="120,527,403,0" oya="2" hai0="39,47,106,99,126,74,32,2,34,102,78,130,79" hai1="94,90,73,82,127,95,134,80,91,81,101,53,69" hai2="58,43,56,117,118,48,60,93,40,104,77,125,68" hai3="" shuffle="mt19937ar,333019DE,3CBCEDFD,951FBB63,39B46504,42C2F28A,DA2AEC35,22BE1809,B08DBDC9"/><V100/><F104/><T124/><D2/><U116/><E69/><V62/><F77/><T119/><D119/><U133/><E116/><V45/><F125/><T38/><D130/><U108/><E127/><V61/><F100/><T49/><D124/><U42/><E42/><N who="2" m="15915" /><F93/><N who="1" m="35337" /><E53/><V115/><F115/><T105/><D126/><U128/><E128/><V57/><F68/><T107/><D99/><U75/><E101/><V109/><F109/><T44/><D102/><U1/><E1/><V113/><F113/><T122/><N who="0" m="31264" /><T85/><D74/><N who="1" m="28171" /><E108/><V36/><F36/><T129/><D129/><U59/><E59/><V87/><F87/><T65/><D85/><U86/><E86/><V70/><F70/><T46/><D65/><U110/><E110/><V67/><F67/><T3/><D3/><U121/><N who="1" m="31008" /><U0/><E0/><V76/><F118/><T63/><D63/><U123/><N who="1" m="31520" /><U89/><AGARI ba="3,0" hai="80,81,82,89,90,91,133,134" m="31520,31008,28171,35337" machi="89" ten="40,9000,2" yaku="4,1,28,2,34,2,52,2" doraHai="51" who="1" fromWho="1" sc="120,-33,527,96,403,-63,0,0" /><INIT seed="4,0,0,0,1,123" ten="87,623,340,0" oya="0" hai0="50,118,68,53,65,57,74,76,69,82,80,92,44" hai1="39,73,105,117,61,66,127,1,64,95,58,99,51" hai2="37,43,94,3,108,104,47,42,49,115,2,63,107" hai3="" shuffle="mt19937ar,6B3F0289,3778EA05,3C927C4F,89AB80BF,003A3A74,786246A5,716D2D2B,EBC71C23"/><T133/><D118/><U126/><E117/><V128/><F63/><T101/><D133/><U98/><E1/><V96/><F2/><T93/><D80/><U90/><E39/><V71/><F71/><T62/><REACH who="0" step="1"/><D101/><REACH who="0" step="2"/><U135/><E135/><V88/><F3/><T59/><D59/><U41/><E58/><V102/><F104/><T56/><D56/><U91/><E105/><V40/><F107/><T122/><N who="0" m="31264" /><T110/><D110/><U97/><E126/><V35/><F108/><T85/><D85/><U111/><E127/><V134/><F102/><T100/><D100/><U119/><E111/><V0/><F134/><T77/><D77/><U83/><E119/><V121/><F0/><T86/><D86/><U79/><E83/><V81/><F81/><T78/><D78/><U103/><E79/><V72/><F121/><T55/><D55/><U52/><E103/><V34/><F88/><T54/><D54/><U45/><E52/><V60/><F72/><T33/><D33/><U87/><E73/><V70/><F34/><T112/><D112/><U32/><E32/><V116/><F115/><T120/><N who="0" m="30752" /><T75/><D75/><U132/><E91/><V114/><F35/><T38/><D38/><U131/><E132/><RYUUKYOKU ba="0,1" sc="77,20,623,-10,340,-10,0,0" hai0="44,50,53,57,62,65,68,69,74,76,82,92,93" /><INIT seed="4,1,1,3,0,49" ten="97,613,330,0" oya="0" hai0="38,98,92,68,74,133,55,56,69,72,135,109,80" hai1="90,112,59,122,117,51,48,85,128,93,106,35,119" hai2="44,129,2,66,97,126,78,120,46,123,118,40,3" hai3="" shuffle="mt19937ar,70F0B9D7,23B499E6,A48F7841,15E34E07,7B389FEA,83275BAE,42B0B3CC,518F1E38"/><T42/><D109/><U134/><N who="1" m="31264" /><U105/><E35/><V91/><N who="2" m="30752" /><V101/><N who="2" m="31520" /><V67/><F118/><T53/><D42/><U99/><E48/><V34/><F34/><T75/><D38/><U103/><E112/><V124/><F91/><T60/><D80/><U88/><E128/><V0/><F78/><T57/><D68/><U104/><E134/><V65/><F129/><T131/><D69/><U132/><E132/><V77/><F77/><T114/><D114/><U108/><E108/><V54/><F54/><T116/><D116/><N who="1" m="44619" /><E51/><V84/><F84/><T39/><D39/><U64/><E59/><V1/><F40/><T83/><D83/><U76/><E64/><V100/><N who="2" m="0" /><DORA hai="58" /><V110/><F97/><T86/><D86/><U113/><E113/><V70/><F70/><T125/><D125/><N who="2" m="48234" /><F110/><T81/><D81/><AGARI ba="1,1" hai="76,81,85,88,90,93,99,103,104,105,106" m="44619,31264" machi="81" ten="40,8000,1" yaku="34,2,52,1,54,1" doraHai="49,58" who="1" fromWho="0" sc="97,-82,613,92,330,0,0,0" /><INIT seed="5,0,0,3,1,111" ten="15,705,330,0" oya="1" hai0="78,108,81,40,129,121,131,128,74,71,96,77,68" hai1="132,75,90,46,72,45,115,103,70,99,105,32,95" hai2="87,109,85,92,47,58,82,49,122,44,0,118,125" hai3="" shuffle="mt19937ar,62A2024F,B318E0DD,E343C9D3,0A4BB954,4F811BA5,CF8F6424,A1DCA30B,4B8EC6E5"/><U41/><E115/><V35/><N who="2" m="31264" /><V102/><F0/><T100/><N who="0" m="31008" /><T126/><D108/><U64/><E70/><V110/><F35/><T86/><D126/><U36/><E64/><V114/><F125/><T113/><D40/><U54/><E32/><V37/><F118/><T88/><D71/><U38/><E132/><V42/><F58/><T69/><D69/><U133/><E133/><V135/><F135/><T94/><D68/><U127/><E127/><V55/><F114/><T134/><D134/><U1/><E1/><V104/><F104/><T119/><D119/><U117/><E117/><V80/><F85/><T97/><D113/><U34/><E34/><V53/><F55/><T107/><D77/><U66/><E66/><V93/><F82/><T124/><D124/><U60/><E54/><V39/><F109/><T91/><D91/><U57/><E90/><V33/><F110/><T98/><AGARI ba="0,0" hai="74,78,81,86,88,94,96,97,98,100,107,128,129,131" m="31008" machi="98" ten="40,12000,3" yaku="0,1,24,2,19,1,34,3,52,1,54,1" doraHai="111" who="0" fromWho="0" sc="15,120,705,-80,330,-40,0,0" /><INIT seed="6,0,0,2,5,132" ten="135,625,290,0" oya="2" hai0="84,34,91,66,36,106,61,134,62,127,33,32,81" hai1="72,73,116,103,105,87,113,104,117,53,98,121,42" hai2="125,135,130,48,38,46,49,111,40,107,78,83,86" hai3="" shuffle="mt19937ar,81122A42,0109B8B9,5C5A30D4,5FB0B8ED,95E3E5E8,801F6FDD,28883A41,CC4A332B"/><V88/><F111/><T75/><D36/><U80/><N who="1" m="31008" /><U74/><E42/><V119/><F119/><N who="1" m="45641" /><E113/><V63/><F107/><T60/><D106/><U64/><E64/><V52/><F135/><T129/><D134/><U47/><E105/><V108/><F108/><T122/><N who="0" m="31264" /><T95/><D129/><U1/><E1/><V100/><F100/><T55/><D66/><U50/><E87/><V35/><F130/><T126/><D75/><U112/><E112/><V131/><F35/><T76/><D76/><AGARI ba="0,0" hai="47,50,53,72,73,74,76,80,98,103,104" m="45641,31008" machi="76" ten="30,2000,0" yaku="12,1,52,1" doraHai="132" who="1" fromWho="0" sc="135,-20,625,20,290,0,0,0" owari="115,-48,645,59,290,-11,0,0" /></mjloggm>