<mjloggm ver="2.3"><GO type="225"/><UN n0="%E9%9B%AA%E5%9B%BD%E8%82%B2%E3%81%A1" n1="%E7%9F%B3%E5%B1%8B" n2="%E3%83%81%E3%83%A3%E3%82%AA%E3%83%AA" n3="%E9%9B%B2%E9%9B%80%E6%81%AD%E5%BC%A5" dan="17,16,17,17" rate="2063,2067,2103,2195" sx="M,M,M,M"/><TAIKYOKU oya="0"/><INIT seed="0,0,0,0,1,114" ten="250,250,250,250" oya="0" hai0="77,103,4,106,50,113,91,116,108,71,26,24,110" hai1="65,92,33,74,128,66,88,23,135,19,125,27,67" hai2="3,57,87,34,83,62,86,17,126,131,9,48,25" hai3="30,8,52,5,90,122,104,35,18,45,49,76,10" shuffle="mt19937ar,A3F71F52,65623BF7,BACB6FFC,C3522676,54769659,9AF036CA,6EC6D35A,543A27CA"/><T121/><D113/><U117/><E74/><V40/><F126/><W99/><G122/><T60/><D121/><U132/><E125/><V118/><F131/><W21/><G76/><T89/><D4/><U69/><E128/><V102/><F102/><W51/><G51/><T2/><D2/><U46/><E69/><V105/><F105/><W98/><G104/><T85/><D77/><U56/><E33/><V73/><F34/><W129/><G129/><T101/><D50/><U0/><E0/><V1/><F73/><W75/><G75/><T11/><D11/><U134/><E46/><V84/><F83/><W80/><G30/><T112/><D112/><U119/><REACH who="1" step="1"/><E56/><REACH who="1" step="2"/><V12/><F3/><W70/><G35/><T54/><D71/><U109/><E109/><V78/><F1/><W124/><G70/><T81/><D110/><U61/><E61/><V59/><F62/><W41/><G124/><T55/><D60/><U82/><E82/><V96/><F57/><W115/><G115/><T36/><D108/><U31/><E31/><V111/><F59/><W97/><G80/><T79/><D81/><U42/><E42/><V20/><F78/><W123/><G41/><T95/><D106/><U100/><E100/><V38/><F111/><W6/><G123/><T94/><D101/><U44/><E44/><V39/><F40/><W32/><G32/><T63/><D103/><U43/><E43/><V14/><F39/><W7/><REACH who="3" step="1"/><G90/><REACH who="3" step="2"/><N who="0" m="53583" /><D63/><U127/><E127/><V107/><F107/><W37/><G37/><T15/><D36/><U47/><E47/><V16/><F38/><RYUUKYOKU ba="0,2" sc="250,-15,240,15,250,-15,240,15" hai1="19,23,27,65,66,67,88,92,117,119,132,134,135" hai3="5,6,7,8,10,18,21,45,49,52,97,98,99" /><INIT seed="1,1,2,1,2,24" ten="235,255,235,255" oya="1" hai0="53,87,134,94,68,113,15,96,85,107,31,63,131" hai1="60,89,35,121,117,78,108,57,122,128,62,52,10" hai2="61,43,73,40,50,14,65,114,110,46,132,2,11" hai3="4,105,88,58,97,116,37,32,130,48,41,44,93" shuffle="mt19937ar,558C2C29,3DE958DB,3EA84C23,E7E125C6,96EE18DC,351268D0,BDC2FBE5,7E7D1EC3"/><U67/><E117/><V80/><F2/><W16/><G130/><T56/><D113/><U47/><E128/><V75/><F114/><W33/><G116/><T69/><D131/><U30/><E78/><V0/><F0/><W83/><G105/><T101/><D134/><U127/><E10/><V49/><F132/><W135/><G135/><T111/><D111/><U54/><E54/><V103/><F103/><W95/><G4/><T3/><D3/><U6/><E6/><V77/><F110/><W100/><G83/><T123/><D123/><U26/><E108/><V22/><F22/><W84/><G37/><T34/><D15/><U12/><E12/><V72/><F49/><W119/><G119/><T133/><D133/><U7/><E7/><V42/><F75/><W5/><G5/><T36/><D36/><U59/><E47/><V112/><F73/><W28/><G28/><T23/><D23/><U1/><E1/><V18/><REACH who="2" step="1"/><F112/><REACH who="2" step="2"/><W55/><G33/><T21/><D21/><U90/><REACH who="1" step="1"/><E127/><REACH who="1" step="2"/><V9/><F9/><W74/><G32/><T82/><D34/><U38/><E38/><V102/><F102/><W8/><G8/><T64/><D101/><U125/><E125/><V99/><F99/><W106/><G100/><T120/><D96/><U66/><E66/><V92/><F92/><W45/><G95/><T19/><D94/><U76/><E76/><V129/><F129/><W79/><G97/><T51/><D107/><U81/><E81/><V20/><F20/><W124/><G106/><T98/><D82/><U17/><E17/><V109/><F109/><RYUUKYOKU ba="1,4" sc="235,-15,245,15,225,15,255,-15" hai1="26,30,35,52,57,59,60,62,67,89,90,121,122" hai2="11,14,18,40,42,43,46,50,61,65,72,77,80" /><INIT seed="1,2,4,4,4,101" ten="220,260,240,240" oya="1" hai0="68,91,67,12,52,126,120,83,72,113,133,106,53" hai1="34,15,114,33,129,92,100,54,22,19,119,7,90" hai2="112,102,105,107,93,48,135,16,27,20,38,56,61" hai3="35,42,18,43,60,80,79,110,78,57,134,70,84" shuffle="mt19937ar,D7836CEF,79C3EB39,B1356E9B,33769A39,A009CB0F,34668980,8AF2D265,663838B0"/><U130/><E114/><V109/><F38/><W88/><G70/><T45/><D113/><U62/><E119/><V21/><F112/><W8/><G35/><T94/><D120/><U23/><E7/><V26/><F48/><W123/><G123/><T49/><D106/><U32/><E100/><V64/><F109/><W44/><G110/><T39/><D39/><U99/><REACH who="1" step="1"/><E23/><REACH who="1" step="2"/><V31/><F135/><W131/><G134/><T2/><D133/><U63/><E63/><V28/><F28/><W76/><G131/><T65/><D126/><U74/><E74/><V122/><F122/><W118/><G118/><T3/><D72/><U115/><E115/><V95/><F95/><W50/><G60/><T58/><D94/><U51/><E51/><V111/><F111/><W4/><G4/><T37/><D49/><U132/><E132/><V71/><F71/><W104/><G104/><T40/><D68/><U5/><E5/><V127/><F127/><W25/><G43/><T121/><D40/><U13/><E13/><V81/><F81/><W11/><G57/><AGARI ba="2,5" hai="15,19,22,32,33,34,54,57,62,90,92,99,129,130" machi="57" ten="50,9600,0" yaku="1,1,53,2" doraHai="101" doraHaiUra="125" who="1" fromWho="3" sc="220,0,250,152,240,0,240,-102" /><INIT seed="1,3,0,2,5,106" ten="220,402,240,138" oya="1" hai0="36,76,6,34,111,105,127,74,96,130,28,8,59" hai1="128,54,90,62,73,108,44,51,10,64,124,115,99" hai2="119,13,9,48,37,0,71,26,113,25,72,55,80" hai3="23,33,102,92,100,30,133,120,49,135,117,101,70" shuffle="mt19937ar,18BD1857,BF2BE9B1,07D02709,46CBB603,DA8AA454,89F62733,90373F43,42DB9924"/><U19/><E115/><V116/><F71/><W112/><G120/><T69/><D69/><U43/><E73/><V122/><F37/><W39/><G112/><T63/><D127/><U109/><E124/><V118/><F113/><W134/><G70/><T78/><D111/><N who="1" m="42571" /><E128/><V27/><F0/><W67/><G67/><T21/><D36/><U82/><E54/><V114/><F114/><W60/><G60/><T107/><D34/><U85/><E99/><V95/><F122/><W46/><G39/><T22/><D74/><U65/><E62/><V5/><F95/><W35/><G117/><T32/><D32/><U88/><E90/><V1/><F1/><W20/><G92/><T75/><D75/><U58/><E58/><V50/><REACH who="2" step="1"/><F55/><REACH who="2" step="2"/><W2/><G2/><N who="0" m="87" /><D105/><U24/><E64/><V126/><F126/><W52/><REACH who="3" step="1"/><G30/><REACH who="3" step="2"/><T94/><D28/><U15/><E65/><V17/><F17/><W47/><G47/><T40/><D94/><U125/><E125/><V87/><F87/><W53/><G53/><T121/><D107/><U29/><E29/><V81/><F81/><W3/><G3/><T45/><D121/><U7/><E19/><V41/><F41/><W14/><G14/><T31/><D31/><U12/><E12/><V11/><F11/><W38/><G38/><T42/><D42/><U56/><E43/><V79/><AGARI ba="3,2" hai="5,9,13,25,26,27,48,50,72,79,80,116,118,119" machi="79" ten="40,5200,0" yaku="1,1,0,1,52,1,53,0" doraHai="106" doraHaiUra="83" who="2" fromWho="2" sc="220,-16,402,-29,230,81,128,-16" /><INIT seed="2,0,0,0,0,97" ten="204,373,311,112" oya="2" hai0="6,91,66,126,114,86,56,46,75,125,96,130,50" hai1="76,115,83,42,110,81,35,133,44,17,47,105,38" hai2="51,68,34,124,18,117,0,127,26,45,104,32,55" hai3="80,108,65,109,112,33,123,121,15,12,25,2,98" shuffle="mt19937ar,DA2ACF6E,5B4256DC,B7FBE5B7,E2B96745,5879B58A,6125BCAB,53C8AF52,6F38EAE9"/><V41/><F0/><W31/><G65/><T58/><D75/><U122/><E115/><V9/><F68/><W103/><G80/><T7/><D114/><U119/><E119/><V100/><F117/><W37/><G37/><T30/><D30/><U23/><E35/><V53/><F9/><W73/><G112/><T54/><D130/><U132/><E122/><V1/><F1/><W118/><G118/><T92/><D86/><U5/><E5/><N who="0" m="1545" /><D66/><U49/><E105/><V102/><F104/><W21/><G73/><T89/><D89/><U93/><E93/><V36/><F34/><W27/><G2/><T106/><D106/><U19/><E19/><V60/><F60/><W87/><G87/><T99/><D96/><U8/><E8/><V120/><F120/><W84/><G84/><T13/><D13/><N who="1" m="9647" /><E76/><V135/><F135/><N who="1" m="51785" /><E110/><N who="3" m="42602" /><G123/><T64/><D64/><U29/><E29/><N who="2" m="19511" /><F18/><N who="3" m="12471" /><G121/><T85/><D85/><U113/><E113/><V57/><F53/><AGARI ba="0,0" hai="38,42,44,47,49,53,81,83" m="51785,9647" machi="53" ten="30,1000,0" yaku="20,1" doraHai="97" who="1" fromWho="2" sc="204,0,373,10,311,-10,112,0" /><INIT seed="3,0,0,1,3,101" ten="204,383,301,112" oya="3" hai0="40,30,67,96,69,46,66,23,19,36,18,121,86" hai1="21,134,7,56,53,132,37,73,12,75,82,130,54" hai2="50,27,76,68,104,78,14,106,120,60,63,87,70" hai3="105,114,135,25,28,35,119,80,52,108,58,1,34" shuffle="mt19937ar,E1E69189,9F3910F4,EC5A6009,0E48A70B,906857EB,22269579,C30B3B82,BFAC7551"/><W59/><G119/><T103/><D121/><U112/><E37/><V88/><F27/><W129/><G114/><T85/><D30/><U64/><E64/><V16/><F120/><W90/><G1/><T111/><D111/><U20/><E112/><V115/><F115/><W5/><G5/><T100/><D100/><U45/><E45/><V49/><F70/><W94/><G129/><T2/><D2/><U10/><E130/><V97/><F78/><W29/><G135/><N who="1" m="51754" /><E54/><V8/><F76/><W62/><G108/><T11/><D11/><U81/><E81/><V24/><F24/><W43/><G43/><T128/><D18/><U31/><E31/><V39/><F39/><W26/><G80/><T13/><D128/><U33/><E33/><V122/><F122/><W44/><G44/><T74/><D74/><N who="1" m="28171" /><E82/><V89/><F89/><W48/><G105/><T83/><D69/><U95/><E95/><V99/><F106/><W42/><G42/><T133/><D133/><U84/><E84/><V91/><F91/><W0/><G0/><T17/><D17/><U102/><E102/><V72/><F72/><W117/><G117/><T79/><D86/><U65/><E65/><V107/><F107/><AGARI ba="0,0" hai="13,19,23,36,40,46,66,67,79,83,85,96,103,107" machi="107" ten="30,2000,0" yaku="7,1,52,1" doraHai="101" who="0" fromWho="2" sc="204,20,383,0,301,-20,112,0" owari="224,-13,383,39,281,3,112,-29" /></mjloggm>