<mjloggm ver="2.3"><GO type="225"/><UN n0="%E5%88%BB%E5%AD%90%E5%B8%82%E6%B0%91" n1="%EF%BC%A6%EF%BC%B8%E9%9B%80%E5%A3%AB" n2="%73%69%64%65" n3="%4E%6F%2E%32" dan="17,16,17,16" rate="2101,2053,2105,2107" sx="M,M,M,M"/><TAIKYOKU oya="0"/><INIT seed="0,0,0,3,4,132" ten="250,250,250,250" oya="0" hai0="111,18,16,48,103,123,89,28,45,53,83,68,130" hai1="24,78,1,110,14,102,52,3,56,116,98,72,93" hai2="75,124,63,96,65,36,31,54,81,94,9,67,106" hai3="122,125,90,80,58,7,12,32,40,66,44,119,34" shuffle="mt19937ar,4BE4CD9A,5FA92D30,F2E81437,6B8C72CC,5AD4E41C,16D2A430,8F5A0EDC,1848B5DB"/><T85/><D123/><U127/><E116/><V46/><F106/><W42/><G119/><T62/><D130/><U104/><E110/><V121/><F121/><W107/><G107/><T37/><D111/><U101/><E101/><V71/><F67/><W135/><G66/><T60/><D103/><U131/><E131/><V35/><F9/><W57/><G135/><T115/><D115/><U97/><E97/><V22/><F22/><W49/><G122/><T92/><D37/><U108/><E104/><V79/><F94/><W70/><G70/><T74/><D74/><U17/><E24/><N who="2" m="18919" /><F54/><W118/><G118/><T113/><D113/><U10/><E108/><V19/><F19/><N who="0" m="7210" /><D68/><U47/><E47/><V55/><F55/><W86/><G57/><T117/><D117/><U27/><E27/><V0/><F96/><W134/><G58/><T39/><D39/><U95/><E95/><V129/><F129/><W73/><G73/><T77/><D28/><U84/><E72/><V88/><F0/><W38/><G34/><T30/><D30/><U11/><E11/><V5/><F5/><W15/><G32/><T64/><D64/><U25/><E25/><V51/><F36/><W20/><G134/><T41/><D53/><U99/><E99/><V21/><F21/><W128/><G20/><T91/><D77/><U4/><E3/><V61/><F79/><W23/><G128/><T105/><D105/><U50/><E1/><V114/><F75/><W13/><G38/><T6/><D6/><U59/><E4/><V120/><F114/><W87/><G7/><T8/><D8/><RYUUKYOKU ba="0,0" sc="250,30,250,-10,250,-10,250,-10" hai0="41,45,48,60,62,83,85,89,91,92" /><INIT seed="0,1,0,3,5,58" ten="280,240,240,240" oya="0" hai0="60,108,67,18,48,12,115,10,131,97,126,117,77" hai1="43,100,36,79,130,103,54,0,116,92,25,49,39" hai2="1,20,34,23,133,52,69,134,31,80,26,96,17" hai3="111,5,13,121,125,124,3,118,122,76,9,38,57" shuffle="mt19937ar,4BB4689D,06B4F5C1,3E7AB218,E48E7125,EE51B381,7E9F8CDD,F64C4C01,F0ED7E4E"/><T104/><D117/><U35/><E116/><V85/><F69/><W4/><G38/><T102/><D115/><U78/><E0/><V113/><F113/><W42/><G42/><T40/><D126/><N who="3" m="48745" /><G76/><T120/><D120/><N who="3" m="46185" /><G118/><T83/><D131/><U86/><E130/><V19/><F96/><W61/><G111/><T106/><D108/><U107/><E43/><V27/><F1/><W88/><G88/><T8/><D106/><U132/><E107/><V90/><REACH who="2" step="1"/><F52/><REACH who="2" step="2"/><N who="3" m="33959" /><G3/><T128/><D128/><U65/><E54/><V24/><AGARI ba="1,1" hai="17,19,20,23,24,26,27,31,34,80,85,90,133,134" machi="24" ten="30,4000,0" yaku="1,1,0,1,9,1,53,0" doraHai="58" doraHaiUra="33" who="2" fromWho="2" sc="280,-21,240,-11,230,53,240,-11" /><INIT seed="1,0,0,1,1,50" ten="259,229,283,229" oya="1" hai0="6,15,101,14,73,46,4,110,88,47,134,133,85" hai1="93,108,44,99,87,48,45,81,84,36,16,113,111" hai2="100,11,33,9,58,70,103,51,5,29,118,52,64" hai3="80,116,0,55,19,86,121,54,61,56,63,72,91" shuffle="mt19937ar,C3B58188,7566BB48,4B2DE82C,B5A2E637,FE5FDD5F,96EC1D42,FBC811AC,9678710D"/><U37/><E113/><V42/><F118/><W82/><G121/><T129/><D73/><U57/><E57/><V17/><F42/><W3/><G116/><T59/><D101/><U83/><E99/><V75/><F75/><W66/><G19/><T124/><D59/><U112/><E93/><V92/><F33/><W30/><G30/><T96/><D96/><U120/><E112/><V49/><F29/><W60/><G60/><T74/><D74/><U71/><E71/><V38/><F38/><W119/><G119/><T39/><D39/><U13/><E120/><V102/><F51/><W41/><G41/><T122/><D122/><U28/><E28/><V109/><F109/><N who="1" m="42057" /><E37/><V76/><F76/><W67/><G72/><T117/><D110/><U131/><E36/><V107/><F107/><W115/><G115/><T68/><D68/><U123/><E123/><V7/><F70/><W40/><G40/><T79/><D117/><U21/><E131/><V35/><F35/><W95/><G3/><T43/><D129/><U89/><E48/><V10/><F64/><N who="3" m="24619" /><G0/><T104/><D104/><U62/><E62/><N who="3" m="23562" /><G56/><T128/><D128/><U1/><E1/><V32/><F32/><W2/><G2/><T105/><D105/><U94/><E94/><V77/><F92/><W69/><G69/><T135/><D135/><U27/><E27/><V18/><F77/><AGARI ba="0,0" hai="13,16,21,44,45,77,81,83,84,87,89" m="42057" machi="77" ten="30,5800,0" yaku="14,1,10,1,54,1" doraHai="50" who="1" fromWho="2" sc="259,0,229,58,283,-58,229,0" /><INIT seed="1,1,0,5,5,94" ten="259,287,225,229" oya="1" hai0="37,106,21,102,68,73,14,9,40,71,52,123,29" hai1="15,57,126,74,18,27,88,69,70,1,51,11,60" hai2="111,104,66,81,114,38,103,79,17,134,36,42,65" hai3="116,63,46,24,85,125,64,4,54,95,93,8,33" shuffle="mt19937ar,FDA248EA,FA41DD83,EA806470,5541F8DF,EFD30E67,B3C18F29,390975C8,C9043BC5"/><U30/><E74/><V26/><F111/><W118/><G125/><T124/><D73/><U121/><E121/><V41/><F134/><W127/><G127/><T83/><D83/><U6/><E51/><V135/><F135/><W22/><G33/><T5/><D124/><U107/><E107/><V3/><F3/><W96/><G46/><T62/><D40/><U112/><E112/><V115/><F26/><W117/><G54/><T32/><D37/><N who="2" m="14442" /><F17/><N who="3" m="12367" /><G85/><T67/><D32/><U90/><E126/><V16/><F103/><N who="3" m="60815" /><G95/><T19/><D123/><U78/><E78/><V77/><F104/><W50/><G50/><T109/><D109/><U119/><E119/><V99/><F99/><W48/><G48/><T97/><D29/><U75/><E75/><V44/><F44/><W100/><G100/><T35/><D35/><U61/><E69/><V110/><F110/><W80/><G80/><T28/><D28/><U34/><E70/><V2/><F81/><W131/><G131/><T7/><D71/><U56/><E56/><V122/><F122/><W82/><G82/><T13/><REACH who="0" step="1"/><D52/><REACH who="0" step="2"/><N who="1" m="33831" /><E61/><V113/><F79/><W132/><G63/><T105/><D105/><U72/><E72/><V130/><F77/><W92/><G132/><T0/><D0/><U89/><E1/><V98/><F2/><N who="3" m="23" /><G64/><T53/><D53/><U23/><E34/><V108/><F108/><W59/><G92/><T31/><D31/><AGARI ba="1,1" hai="6,11,15,18,23,27,30,31,88,89,90" m="33831" machi="31" ten="30,5800,0" yaku="8,1,54,2" doraHai="94" who="1" fromWho="0" sc="249,-61,287,71,225,0,229,0" /><INIT seed="1,2,0,3,1,1" ten="188,358,225,229" oya="1" hai0="60,96,35,55,120,58,125,100,111,8,11,92,21" hai1="91,42,134,45,25,87,68,81,135,86,34,124,90" hai2="133,71,0,131,66,38,63,41,18,30,84,105,119" hai3="20,2,95,40,39,98,78,24,110,54,61,56,48" shuffle="mt19937ar,CA7F2D94,8798705E,19E576AE,E12BB420,39683A81,C885D21D,AE9AD622,3F56D83B"/><U97/><E68/><V117/><F105/><W50/><G110/><T102/><D35/><U101/><E34/><V28/><F0/><W74/><G2/><T103/><D111/><U52/><E25/><V36/><F133/><W14/><G39/><T62/><D120/><U73/><E73/><V7/><F131/><W53/><G78/><T31/><D125/><U70/><E70/><V19/><F84/><W5/><G74/><T27/><REACH who="0" step="1"/><D62/><REACH who="0" step="2"/><U116/><E124/><V49/><F63/><W121/><G121/><T32/><D32/><U108/><E108/><V115/><F119/><W69/><G61/><T114/><D114/><U67/><E116/><V33/><F33/><W44/><G69/><T72/><D72/><U127/><E127/><V129/><F115/><W23/><G40/><T112/><D112/><U126/><E42/><V13/><F117/><W22/><G24/><T4/><D4/><U9/><E126/><V15/><F7/><W132/><G132/><T123/><D123/><U79/><E134/><V75/><F75/><W76/><G5/><T113/><D113/><U37/><E135/><V64/><F71/><W118/><G118/><T89/><AGARI ba="2,1" hai="8,11,21,27,31,55,58,60,89,92,96,100,102,103" machi="89" ten="30,7900,0" yaku="1,1,0,1,8,1,53,1" doraHai="1" doraHaiUra="51" who="0" fromWho="0" sc="178,95,358,-41,225,-22,229,-22" /><INIT seed="2,0,0,0,2,130" ten="273,317,203,207" oya="2" hai0="40,22,121,123,81,125,36,85,6,72,128,0,133" hai1="13,107,31,44,95,26,74,4,2,16,27,18,51" hai2="38,116,108,50,65,56,12,104,124,67,69,115,111" hai3="41,32,53,62,91,70,24,96,131,83,112,94,90" shuffle="mt19937ar,FF1EDD01,7177210C,AE58E734,935AAA0A,71E83EC3,B4669560,075D8579,EB3A127F"/><V100/><F104/><W75/><G131/><T89/><D22/><U102/><E74/><V59/><F100/><W71/><G41/><T64/><D64/><N who="2" m="24650" /><F12/><W120/><G120/><T134/><D128/><U48/><E107/><V46/><F116/><W126/><G112/><T117/><D117/><U49/><E2/><V45/><F69/><W98/><G32/><T101/><D101/><U33/><E27/><V79/><F79/><W3/><G3/><T28/><D72/><U76/><E76/><V25/><F25/><W127/><G24/><T78/><D78/><U113/><E113/><V73/><F73/><W23/><G23/><T47/><D28/><U1/><E1/><V19/><F19/><W60/><G75/><T105/><D105/><U10/><E44/><N who="2" m="17003" /><F38/><W55/><REACH who="3" step="1"/><G94/><REACH who="3" step="2"/><T122/><D0/><U5/><E33/><V58/><F115/><W114/><G114/><T110/><D122/><U119/><E119/><V87/><F87/><W132/><G132/><T66/><D123/><U17/><E26/><V84/><F84/><W54/><G54/><T88/><D133/><U37/><E31/><V15/><F15/><W99/><G99/><T68/><D134/><U29/><E29/><V63/><F63/><W11/><G11/><T77/><D121/><U14/><E10/><V118/><F118/><W93/><G93/><T103/><D85/><U20/><E20/><V80/><F80/><AGARI ba="0,1" hai="53,55,60,62,70,71,80,83,90,91,96,98,126,127" machi="80" ten="25,8000,1" yaku="1,1,22,2,53,2" doraHai="130" doraHaiUra="57" who="3" fromWho="2" sc="273,0,317,0,203,-80,197,90" /><INIT seed="3,0,0,0,5,118" ten="273,317,123,287" oya="3" hai0="4,115,110,76,49,80,14,103,120,74,83,30,42" hai1="34,91,126,21,20,71,121,55,52,40,88,58,63" hai2="84,97,119,15,129,79,41,28,16,113,130,114,101" hai3="13,6,116,109,86,53,22,95,93,48,112,98,0" shuffle="mt19937ar,26D96A6E,4EA26E44,92E35B76,4D482930,7650E112,40D61ACC,8936AC75,5F587325"/><W73/><G116/><T43/><D110/><U8/><E121/><V123/><F119/><W122/><G112/><T57/><D115/><U27/><E71/><V24/><F41/><W3/><G73/><T5/><D120/><U59/><E34/><N who="2" m="20743" /><F79/><W131/><G122/><T50/><D30/><U7/><E40/><V99/><F84/><W9/><G131/><N who="2" m="50185" /><F99/><W94/><G109/><T61/><D103/><U102/><E126/><V47/><F47/><W46/><G86/><N who="0" m="48391" /><D83/><U17/><E102/><V92/><F123/><W81/><G81/><T96/><D96/><U12/><E21/><AGARI ba="0,0" hai="15,16,21,92,97,101,113,114" m="50185,20743" machi="21" ten="30,2000,0" yaku="19,1,54,1" doraHai="118" who="2" fromWho="1" sc="273,0,317,-20,123,20,287,0" /><INIT seed="4,0,0,0,5,78" ten="273,297,143,287" oya="0" hai0="31,56,98,69,65,114,111,97,80,9,104,40,109" hai1="14,72,43,106,108,96,20,129,27,23,130,36,134" hai2="37,13,95,41,26,116,66,33,67,4,71,63,22" hai3="30,81,51,46,76,12,17,88,68,133,61,50,75" shuffle="mt19937ar,9E51336A,74CE6D98,46E25C27,12ED6519,2985A7B0,85513CEC,3EBF8EBF,1EB105A0"/><T11/><D114/><U127/><E108/><N who="0" m="41545" /><D69/><U0/><E0/><V34/><F116/><W52/><G30/><T49/><D31/><U24/><E72/><V84/><F67/><W7/><G7/><T118/><D118/><U77/><E77/><V28/><F37/><W124/><G133/><T107/><D40/><U15/><E134/><V25/><F41/><W1/><G1/><T126/><D126/><U3/><E3/><V85/><F95/><W122/><G124/><T10/><D65/><U83/><E127/><V54/><F54/><W113/><G113/><T48/><D80/><U59/><E83/><V35/><REACH who="2" step="1"/><F26/><REACH who="2" step="2"/><W91/><G52/><N who="0" m="31751" /><D49/><U55/><E43/><V132/><F132/><W18/><G51/><T74/><D74/><U131/><E36/><V89/><F89/><W39/><G50/><T58/><D58/><U64/><E64/><V82/><F82/><W21/><G91/><T87/><D87/><U128/><E128/><V44/><F44/><W90/><G88/><T6/><D6/><U42/><E42/><V38/><F38/><W120/><G90/><T112/><D112/><U8/><E59/><V45/><F45/><W19/><G46/><T115/><D115/><U73/><E55/><V94/><F94/><W125/><G39/><T121/><D121/><N who="3" m="46697" /><G125/><T47/><D47/><U60/><E73/><V79/><F79/><W102/><G75/><T86/><D86/><U105/><E129/><V16/><F16/><W119/><G19/><T123/><D123/><U99/><E60/><V92/><F92/><W103/><G61/><T110/><D110/><RYUUKYOKU ba="0,1" sc="273,10,297,10,133,10,287,-30" hai0="9,10,11,97,98,104,107" hai1="8,14,15,20,23,24,27,96,99,105,106,130,131" hai2="4,13,22,25,28,33,34,35,63,66,71,84,85" /><INIT seed="4,1,1,5,4,35" ten="283,307,143,257" oya="0" hai0="70,124,40,50,33,119,52,9,46,39,98,24,8" hai1="95,23,29,63,101,61,76,100,125,91,85,118,4" hai2="111,54,20,122,81,69,32,82,83,10,116,45,56" hai3="121,117,73,2,78,11,17,51,34,28,90,115,79" shuffle="mt19937ar,B8D8558C,1B4D12DD,22152782,1E6379D2,1BAC4BA5,AE204E5F,7E8AC70C,5D3CC45B"/><T135/><D119/><U36/><E36/><V44/><F122/><W126/><G117/><T67/><D124/><U60/><E118/><V1/><F32/><W131/><G126/><T42/><D135/><U87/><E4/><V30/><F116/><W43/><G115/><T120/><D120/><U112/><E112/><V84/><F69/><W16/><G121/><T41/><D98/><N who="1" m="57727" /><E125/><V93/><F111/><W105/><G105/><T31/><REACH who="0" step="1"/><D39/><REACH who="0" step="2"/><U108/><E108/><V57/><F1/><W72/><G2/><T62/><AGARI ba="1,2" hai="8,9,24,31,33,40,41,42,46,50,52,62,67,70" machi="62" ten="30,11700,0" yaku="1,1,2,1,0,1,54,1,53,0" doraHai="35" doraHaiUra="103" who="0" fromWho="0" sc="273,140,307,-40,143,-40,257,-40" owari="413,41,267,2,103,-30,217,-13" /></mjloggm>