<mjloggm ver="2.3"><GO type="225"/><UN n0="%E5%88%BB%E5%AD%90%E5%B8%82%E6%B0%91" n1="%74%63%61%30%30" n2="%E9%9B%AA%E5%9B%BD%E8%82%B2%E3%81%A1" n3="%E3%83%9C%E3%83%84" dan="17,16,17,16" rate="2128,2043,2187,2045" sx="M,M,M,M"/><TAIKYOKU oya="0"/><INIT seed="0,0,0,1,3,66" ten="250,250,250,250" oya="0" hai0="98,118,123,8,74,18,92,40,119,81,126,111,113" hai1="131,3,62,97,7,26,82,35,128,9,76,134,20" hai2="135,116,65,90,121,50,84,11,37,129,71,104,17" hai3="32,6,1,19,41,47,125,109,23,88,39,67,95" shuffle="mt19937ar,7C996EA3,8317B06B,83CCD0B6,DEF27B23,5175FB1C,A199059D,ADF0E140,E2F38FDF"/><T55/><D40/><U46/><E134/><V68/><F37/><W51/><G109/><T102/><D123/><U89/><E46/><V22/><F104/><W106/><G32/><T34/><D34/><U53/><E35/><V107/><F107/><W57/><G106/><T70/><D70/><U122/><E122/><V28/><F121/><W52/><G67/><T96/><D113/><U127/><E127/><V56/><F129/><N who="1" m="49737" /><E97/><V12/><F135/><W15/><G125/><T61/><D61/><U86/><E53/><V73/><F73/><W132/><G132/><T101/><D74/><U16/><E62/><V21/><F116/><W4/><REACH who="3" step="1"/><G1/><REACH who="3" step="2"/><T79/><D126/><U120/><E120/><V124/><F124/><W130/><G130/><T108/><D108/><U112/><E112/><V103/><F65/><W2/><G2/><T48/><D111/><U77/><AGARI ba="0,1" hai="3,7,9,16,20,26,76,77,82,86,89" m="49737" machi="77" ten="30,2000,0" yaku="19,1,54,1" doraHai="66" who="1" fromWho="1" sc="250,-10,250,30,250,-5,240,-5" /><INIT seed="1,0,0,3,0,60" ten="240,280,245,235" oya="1" hai0="69,50,78,88,43,104,46,47,34,133,83,67,99" hai1="128,4,110,98,71,63,124,5,36,93,72,24,79" hai2="131,48,10,49,7,14,76,13,52,73,59,31,103" hai3="135,68,97,122,62,65,38,42,127,20,109,119,22" shuffle="mt19937ar,A45BB866,7FADFF7B,DF6BED79,9F3B2384,FAF63F2A,40B69BB2,1BA5BA21,6FDF732B"/><U3/><E36/><V8/><F131/><W108/><G122/><T100/><D133/><U112/><E112/><V29/><F103/><W0/><G0/><T114/><D114/><U11/><E128/><V40/><F73/><W125/><G135/><T118/><D118/><U120/><E120/><V113/><F76/><W75/><G75/><T58/><D34/><U35/><E5/><V95/><F95/><W89/><G119/><T102/><D102/><U54/><E124/><N who="3" m="47690" /><G42/><T15/><D15/><U82/><E110/><N who="3" m="42602" /><G38/><T18/><D18/><U115/><E115/><V130/><F130/><W121/><G121/><T30/><D30/><N who="2" m="11274" /><F113/><W86/><G97/><T19/><D19/><U2/><E2/><V37/><F37/><W101/><G101/><T61/><D100/><U117/><E117/><V74/><F74/><W70/><G70/><T134/><D134/><U53/><E35/><V64/><F40/><W123/><G123/><T111/><D111/><U51/><E24/><V84/><F84/><W132/><G132/><T1/><D1/><U106/><E106/><V90/><F90/><W57/><G68/><T91/><D69/><U87/><E72/><V33/><F33/><W39/><G39/><T25/><D104/><U21/><E71/><V81/><F7/><W77/><G77/><T92/><D25/><U45/><E98/><V28/><F14/><W126/><N who="3" m="47698" /><W55/><DORA hai="9" /><G55/><T80/><D91/><U129/><E3/><V41/><F13/><W12/><G12/><T6/><D6/><U44/><E4/><V66/><F8/><W17/><G17/><RYUUKYOKU ba="0,0" sc="240,-10,280,-10,245,-10,235,30" hai3="20,22,57,62,65,86,89" /><INIT seed="2,1,0,1,4,22" ten="230,270,235,265" oya="2" hai0="66,80,3,30,87,6,39,11,31,131,60,65,51" hai1="124,2,48,38,42,69,12,123,78,20,15,135,134" hai2="89,116,104,10,14,94,108,92,67,56,77,8,105" hai3="128,16,46,41,64,109,75,90,44,110,32,55,84" shuffle="mt19937ar,40F35C30,F1E20B64,C533F677,BC24A909,57076BC5,68DD2315,39076B8E,83BE3025"/><V93/><F116/><W98/><G75/><T62/><D39/><U114/><E69/><V4/><F77/><W103/><G64/><T24/><D131/><U107/><E2/><V120/><F120/><W82/><G128/><T88/><D51/><U43/><E107/><V58/><F108/><N who="3" m="41579" /><G32/><T101/><D101/><U35/><E35/><V36/><F36/><W52/><G16/><T117/><D117/><U29/><E114/><V118/><F118/><W99/><G99/><T18/><D65/><U5/><E123/><V57/><F67/><W73/><G73/><T126/><D126/><U63/><E124/><V96/><F96/><W9/><G9/><T19/><D31/><U127/><E5/><V33/><F33/><W59/><G59/><T122/><D122/><U17/><E29/><V61/><F61/><W70/><G70/><T129/><D129/><U26/><E63/><V68/><F68/><W34/><G34/><T47/><D47/><N who="3" m="17961" /><G41/><T112/><D62/><U13/><E38/><V50/><F50/><W86/><G86/><T7/><D7/><U54/><E78/><V72/><F72/><W100/><G100/><T1/><D1/><U102/><E102/><V97/><F10/><W130/><G130/><T85/><D85/><U0/><E0/><V121/><F121/><W95/><AGARI ba="1,0" hai="52,55,82,84,90,95,98,103" m="17961,41579" machi="95" ten="30,2000,0" yaku="14,1,54,1" doraHai="22" who="3" fromWho="3" sc="230,-6,270,-6,235,-11,265,23" /><INIT seed="3,0,0,3,1,73" ten="224,264,224,288" oya="3" hai0="27,63,114,74,2,123,36,10,41,109,100,44,13" hai1="35,32,61,51,108,90,79,132,127,115,23,83,39" hai2="25,46,49,96,43,14,16,92,3,129,87,33,84" hai3="80,47,21,22,121,118,71,69,64,122,40,18,130" shuffle="mt19937ar,A7AD5211,D758912B,EA6B01C3,4B3E9976,E186CB11,D2FE1466,EE7CDF67,6F082159"/><W126/><G118/><T5/><D123/><U76/><E39/><V1/><F129/><W19/><G130/><T86/><D109/><U98/><E115/><V48/><F48/><W59/><G126/><T37/><D114/><U7/><E7/><V30/><F1/><W125/><G125/><T112/><D112/><U81/><E61/><V68/><F68/><W119/><G59/><T105/><D74/><U102/><E127/><V24/><F3/><W42/><G80/><T38/><D13/><U8/><E8/><V99/><F25/><W31/><G119/><T57/><D27/><U65/><E65/><V9/><REACH who="2" step="1"/><F99/><REACH who="2" step="2"/><W17/><G121/><T135/><D135/><U4/><E98/><V117/><F117/><W58/><G122/><T28/><D28/><U29/><E29/><V91/><AGARI ba="0,1" hai="9,14,16,24,30,33,43,46,49,84,87,91,92,96" machi="91" ten="20,5200,0" yaku="1,1,0,1,7,1,54,1,53,0" doraHai="73" doraHaiUra="67" who="2" fromWho="2" sc="224,-13,264,-13,214,62,288,-26" /><INIT seed="4,0,0,5,1,6" ten="211,251,276,262" oya="0" hai0="97,78,52,40,63,73,14,87,129,38,115,94,48" hai1="125,134,51,23,100,92,3,80,85,66,45,104,75" hai2="77,117,107,106,81,96,44,37,56,128,124,55,83" hai3="113,126,34,90,98,84,46,130,67,30,9,93,121" shuffle="mt19937ar,170E9256,CDE6DC49,52887F2F,F55C7A5A,5D3315AA,C12B931F,EE977000,1E0DBBF0"/><T0/><D0/><U31/><E3/><V110/><F117/><W20/><G113/><T65/><D73/><U109/><E109/><V64/><F124/><W116/><G116/><T5/><D115/><U118/><E125/><V101/><F128/><W122/><G126/><T35/><D35/><U43/><E118/><V42/><F64/><W17/><G67/><T112/><D112/><U119/><E119/><V91/><F110/><W132/><G46/><N who="0" m="25671" /><D38/><U89/><E134/><V62/><F91/><W22/><G130/><T53/><D129/><U11/><E66/><V79/><REACH who="2" step="1"/><F106/><REACH who="2" step="2"/><W82/><G132/><T57/><D78/><AGARI ba="0,1" hai="37,42,44,55,56,62,77,78,79,81,83,96,101,107" machi="78" ten="40,2600,0" yaku="1,1,2,1,53,0" doraHai="6" doraHaiUra="60" who="2" fromWho="0" sc="211,-26,251,0,266,36,262,0" owari="185,-21,251,-10,302,30,262,1" /></mjloggm>