<mjloggm ver="2.3"><GO type="185"/><UN n0="%E6%88%91%E3%80%85%E3%82%AF%E3%83%A9%E3%82%B9" n1="%E9%AB%98%E5%80%89%E5%81%A5" n2="%E3%81%B5%E3%81%8F%EF%BC%A3%EF%BD%88%EF%BD%81%EF%BD%8E%E2%99%AA" n3="" dan="17,16,17,0" rate="2150,2094,2203,1500" sx="F,M,F,C"/><TAIKYOKU oya="0"/><INIT seed="0,0,0,0,0,52" ten="350,350,350,0" oya="0" hai0="55,117,94,32,34,71,1,86,98,49,100,67,2" hai1="125,75,112,61,43,40,53,0,72,126,65,116,108" hai2="135,104,33,77,80,84,102,87,70,78,37,44,105" hai3="" shuffle="mt19937ar,C0055240,7BDFBCDA,3C797355,58ADA52C,50B1F7FE,222578BB,3E290963,085E4D78"/><T97/><D117/><U41/><E0/><V113/><F70/><T42/><D42/><U35/><E35/><V92/><F44/><T74/><D74/><U63/><E116/><V64/><F64/><T45/><D86/><U81/><E75/><V66/><F66/><T103/><D67/><U60/><E72/><V121/><N who="2" m="31008" /><V107/><F37/><T118/><D71/><U88/><E112/><V119/><F33/><T101/><D118/><U57/><E108/><V128/><F119/><T134/><D134/><U50/><E88/><V91/><F128/><T36/><D34/><U127/><E81/><V85/><F135/><T96/><D32/><U90/><E90/><V115/><F102/><T132/><D132/><U124/><N who="1" m="32256" /><DORA hai="46" /><U68/><AGARI ba="0,0" hai="40,41,43,50,53,57,60,61,63,65,68" m="32256" machi="68" ten="60,12000,3" yaku="4,1,0,1,18,1,34,3,52,2" doraHai="52,46" who="1" fromWho="1" sc="350,-80,350,120,350,-40,0,0" /><INIT seed="1,0,0,0,4,39" ten="270,470,310,0" oya="1" hai0="83,50,129,55,103,47,38,53,79,69,101,126,122" hai1="74,108,99,81,65,37,44,97,123,112,95,90,121" hai2="45,98,72,105,33,119,64,34,60,88,94,128,76" hai3="" shuffle="mt19937ar,BC646F15,8E7EFF3B,B651F262,025DDCAB,4DABE630,A56DBD4A,52F5F8DC,48C0AC2A"/><U124/><N who="1" m="31008" /><U89/><N who="1" m="31520" /><U102/><E112/><V36/><F119/><T118/><N who="0" m="31264" /><T41/><D69/><U46/><E124/><V54/><F128/><T100/><D126/><U113/><E113/><V133/><F133/><T56/><D129/><U92/><E65/><V40/><F105/><T111/><D111/><U116/><E116/><V62/><F72/><T73/><D118/><U80/><E108/><V114/><F76/><T63/><REACH who="0" step="1"/><D103/><REACH who="0" step="2"/><U110/><E110/><V35/><F114/><T61/><D61/><U82/><E74/><V51/><REACH who="2" step="1"/><F64/><REACH who="2" step="2"/><T106/><D106/><U58/><E102/><V78/><F78/><T1/><D1/><U71/><E71/><V52/><F52/><T115/><D115/><U87/><E37/><V49/><F49/><T32/><D32/><U2/><E2/><V85/><F85/><T70/><D70/><U134/><E87/><V59/><AGARI ba="0,2" hai="33,34,35,36,40,45,51,54,59,60,62,88,94,98" machi="59" ten="30,6000,1" yaku="1,1,0,1,52,1,54,1,53,1" doraHai="39" doraHaiUra="93" who="2" fromWho="2" sc="260,-20,470,-40,300,80,0,0" /><INIT seed="2,0,0,1,0,43" ten="240,430,380,0" oya="2" hai0="63,109,119,77,59,104,35,52,42,39,124,55,69" hai1="111,93,117,105,110,85,125,2,45,51,90,33,62" hai2="135,87,97,61,38,37,134,92,56,34,106,102,131" hai3="" shuffle="mt19937ar,DE581D35,2C76BC70,F67DA6D6,E75BC760,5A486B22,3C2550CE,9F4EB43B,2EB4B212"/><V50/><F34/><T49/><D35/><U113/><E33/><V46/><F131/><T70/><D104/><U107/><E2/><V132/><F106/><T122/><N who="0" m="31264" /><T80/><D119/><U83/><E117/><V60/><F87/><T67/><D124/><U57/><E125/><V118/><F118/><T79/><D109/><N who="1" m="41483" /><E113/><V74/><F74/><T47/><D79/><U81/><E83/><V53/><REACH who="2" step="1"/><F61/><REACH who="2" step="2"/><T66/><D80/><U65/><E81/><V126/><F126/><T95/><D77/><U64/><E107/><V40/><AGARI ba="0,1" hai="37,38,40,46,50,53,56,60,92,97,102,132,134,135" machi="40" ten="30,7800,0" yaku="1,1,0,1,20,1,52,1,53,0" doraHai="43" doraHaiUra="112" who="2" fromWho="2" sc="240,-39,430,-39,370,88,0,0" /><INIT seed="2,1,0,2,5,79" ten="201,391,458,0" oya="2" hai0="57,0,123,131,63,82,76,104,52,113,62,107,47" hai1="48,55,106,59,32,46,117,97,133,34,85,101,134" hai2="130,94,105,129,98,42,96,102,90,111,110,126,115" hai3="" shuffle="mt19937ar,237DE230,61EB6A19,E327D891,B3811133,14480A4D,6BC99491,945EFD6B,8EECEB22"/><V135/><F42/><T73/><N who="0" m="31520" /><T132/><D0/><U95/><E117/><V35/><F35/><T37/><D132/><U91/><REACH who="1" step="1"/><E46/><REACH who="1" step="2"/><V92/><F135/><AGARI ba="1,1" hai="32,34,48,55,59,85,91,95,97,101,106,133,134,135" machi="135" ten="40,5200,0" yaku="1,1,2,1,20,1,53,0" doraHai="79" doraHaiUra="39" who="1" fromWho="2" sc="201,0,381,64,458,-54,0,0" /><INIT seed="4,0,0,4,4,68" ten="201,445,404,0" oya="0" hai0="129,1,67,55,58,42,50,3,124,105,125,52,115" hai1="99,104,111,93,120,66,97,112,100,113,57,96,114" hai2="126,110,80,121,77,95,84,109,134,0,122,72,38" hai3="" shuffle="mt19937ar,C8B71FD5,A682FF4C,C2F1D466,07F1BF55,AD847E23,1D48501B,CDC20AC6,20BB7209"/><T98/><D115/><U123/><N who="1" m="30752" /><U82/><N who="1" m="31520" /><U106/><E111/><V78/><N who="2" m="31008" /><V61/><N who="2" m="31264" /><V35/><F61/><T133/><D133/><U76/><E66/><V79/><F38/><T36/><D129/><U88/><E57/><V85/><F35/><T119/><D119/><U56/><E56/><V70/><F70/><T63/><D105/><N who="1" m="40555" /><E100/><V103/><F126/><N who="0" m="48746" /><D98/><U94/><E94/><V130/><F0/><N who="0" m="74" /><D50/><U128/><E128/><V83/><F130/><T117/><D117/><U45/><E45/><AGARI ba="0,0" hai="36,42,45,52,55,58,63,67" m="74,48746" machi="45" ten="30,5800,0" yaku="18,1,52,1,54,1" doraHai="68" who="0" fromWho="1" sc="201,58,445,-58,404,0,0,0" /><INIT seed="4,1,0,5,2,93" ten="259,387,404,0" oya="0" hai0="88,64,73,119,40,98,74,113,59,33,107,130,49" hai1="32,89,50,83,126,91,71,124,128,54,104,101,106" hai2="61,52,38,123,60,34,67,96,86,76,120,135,78" hai3="" shuffle="mt19937ar,4F2F2A6E,E42AA60F,00DB5741,8E0677FC,85D47B29,02A9A402,EECDE28E,A33CFB17"/><T42/><D33/><U134/><E32/><V129/><N who="2" m="30752" /><V0/><N who="2" m="31520" /><V90/><F0/><T68/><D119/><U94/><E71/><V81/><F38/><T79/><D68/><U66/><E66/><V51/><F129/><T53/><D130/><U62/><E62/><V57/><F135/><T47/><D64/><U46/><E128/><V77/><F61/><T80/><D113/><U87/><E101/><V72/><F34/><T121/><N who="0" m="31008" /><T36/><D42/><U108/><E108/><V37/><F37/><T131/><D131/><U44/><E44/><V55/><F55/><T132/><D132/><U109/><E109/><V111/><F111/><T45/><D45/><U41/><E134/><V112/><F112/><T117/><D117/><U58/><E46/><V100/><F72/><T70/><D70/><U127/><E41/><V2/><F2/><T133/><D133/><U110/><REACH who="1" step="1"/><E110/><REACH who="1" step="2"/><V63/><REACH who="2" step="1"/><F67/><REACH who="2" step="2"/><T69/><D53/><U99/><AGARI ba="1,2" hai="50,54,58,83,87,89,91,94,99,104,106,124,126,127" machi="99" ten="30,6000,1" yaku="1,1,2,1,0,1,18,1,52,1,53,0" doraHai="93" doraHaiUra="43" who="1" fromWho="1" sc="259,-41,377,82,394,-21,0,0" /><INIT seed="5,0,0,4,3,113" ten="218,459,373,0" oya="1" hai0="77,91,68,129,96,42,83,41,3,92,46,45,75" hai1="133,84,50,60,0,103,118,63,66,122,97,131,2" hai2="87,108,106,34,37,48,39,111,86,70,85,135,69" hai3="" shuffle="mt19937ar,FFD16191,478251FE,09126393,51204410,2E39B3D8,ACCFF541,CA0E511A,ED6A0D54"/><U52/><N who="1" m="31264" /><U44/><E118/><V49/><F106/><T89/><D3/><U38/><E133/><V51/><F135/><T117/><D68/><U119/><E119/><V116/><F116/><T47/><D129/><U78/><E38/><V98/><F98/><T43/><REACH who="0" step="1"/><D117/><REACH who="0" step="2"/><U81/><E131/><V65/><F34/><T54/><D54/><U32/><E32/><V35/><F35/><T74/><D74/><U109/><E109/><V102/><F102/><AGARI ba="0,1" hai="41,42,43,45,46,47,75,77,83,89,91,92,96,102" machi="102" ten="40,1300,0" yaku="1,1,53,0" doraHai="113" doraHaiUra="124" who="0" fromWho="2" sc="208,23,459,0,373,-13,0,0" /><INIT seed="6,0,0,0,3,100" ten="231,459,360,0" oya="2" hai0="101,37,129,67,61,48,125,75,73,126,124,34,110" hai1="59,98,46,122,117,1,45,65,121,60,108,103,64" hai2="92,50,127,79,68,36,112,66,87,84,35,109,102" hai3="" shuffle="mt19937ar,30A4DDA4,87298079,42328AD7,21CC4B35,84DE13CA,0C7B43E7,461DF1C0,6E9B989F"/><V128/><F35/><T123/><N who="0" m="31520" /><T47/><D34/><U77/><N who="1" m="31008" /><U115/><N who="1" m="31264" /><U53/><E1/><V40/><F109/><T63/><D110/><U118/><E108/><V131/><F36/><T49/><D129/><U56/><E115/><V116/><F112/><T57/><D101/><U74/><E77/><V85/><F79/><T38/><D73/><U96/><E74/><V83/><F83/><T42/><D75/><U76/><E76/><V78/><F78/><T72/><D72/><U94/><E96/><V135/><F116/><N who="1" m="44649" /><E65/><V54/><F66/><T120/><N who="0" m="30752" /><T52/><D37/><U43/><E43/><V32/><F40/><T134/><D134/><U88/><E103/><V82/><F135/><T2/><D2/><U89/><E89/><V86/><F32/><T99/><D99/><U71/><E71/><AGARI ba="0,0" hai="38,42,47,48,49,52,57,61,63,67,71,124,125,126" m="30752,31520" machi="71" ten="40,12000,2" yaku="18,1,34,3,52,2,54,1" doraHai="100" who="0" fromWho="1" sc="231,120,459,-120,360,0,0,0" /><INIT seed="8,0,0,4,1,65" ten="351,339,360,0" oya="0" hai0="80,88,95,39,61,127,46,69,60,79,0,110,91" hai1="37,94,78,2,124,81,35,101,85,90,55,38,66" hai2="82,129,32,112,105,54,70,57,132,48,120,51,64" hai3="" shuffle="mt19937ar,9A7F4EB1,F7FAC151,A61CD8B6,2D9ECE97,6FCE3A01,08D74F23,AAF13B1A,A61EC3B4"/><T89/><D0/><U67/><E2/><V1/><N who="2" m="30752" /><V102/><F32/><T108/><D127/><U100/><E35/><V117/><F1/><T122/><N who="0" m="31264" /><T3/><D3/><U84/><E124/><V72/><F112/><T59/><D69/><U52/><E38/><V99/><F132/><T74/><D95/><U68/><E37/><V113/><F113/><T116/><D116/><U87/><E67/><V43/><F129/><T103/><D103/><U86/><E86/><V98/><F98/><T75/><D75/><U104/><E104/><V71/><F64/><T106/><D106/><U134/><E55/><V42/><F117/><T83/><D83/><U77/><E134/><V50/><F82/><T93/><D93/><U114/><E114/><V34/><F72/><T135/><D135/><U115/><E115/><V119/><F119/><T73/><D73/><U123/><N who="1" m="31520" /><U53/><E53/><V56/><F34/><T76/><D76/><U63/><E52/><V111/><F54/><T125/><D125/><U36/><E36/><V49/><N who="2" m="12288" /><DORA hai="131" /><V97/><F105/><T130/><D130/><U121/><N who="1" m="31008" /><U96/><REACH who="1" step="1"/><E81/><REACH who="1" step="2"/><V44/><F71/><T92/><D92/><U45/><E45/><RYUUKYOKU ba="0,1" sc="351,-10,329,20,360,-10,0,0" hai1="63,66,68,77,78,84,85,87,90,94,96,100,101" /><INIT seed="9,1,1,4,5,109" ten="341,349,350,0" oya="1" hai0="128,56,46,112,94,129,130,68,48,107,79,3,115" hai1="38,135,84,67,120,96,77,92,35,125,49,83,76" hai2="34,44,132,102,60,37,50,82,124,65,45,119,118" hai3="" shuffle="mt19937ar,ACD49E05,869C9475,DEE12A2D,B9234C6A,FD97EFBA,C541BBFE,4D260C77,55B38D13"/><U89/><N who="1" m="30752" /><U103/><E38/><V134/><F34/><T71/><D107/><U72/><E35/><V131/><F102/><T106/><D106/><U105/><E125/><V121/><N who="2" m="31008" /><V58/><F124/><T98/><D79/><U42/><E135/><N who="2" m="51755" /><F131/><T108/><D56/><U110/><E110/><V78/><F37/><T117/><D117/><N who="2" m="44554" /><F50/><T62/><D108/><U70/><E77/><V95/><F95/><T57/><D3/><U39/><E39/><V66/><F66/><T101/><D48/><U93/><E93/><V111/><F111/><T33/><D33/><U41/><REACH who="1" step="1"/><E49/><REACH who="1" step="2"/><V99/><F99/><T51/><D51/><U63/><AGARI ba="1,2" hai="41,42,63,67,70,72,76,83,84,89,92,96,103,105" m="30752" machi="63" ten="30,12000,2" yaku="1,1,2,1,0,1,24,2,52,1,53,1" doraHai="109" doraHaiUra="90" who="1" fromWho="1" sc="341,-61,339,142,350,-61,0,0" owari="280,-32,481,43,289,-11,0,0" /></mjloggm>