<mjloggm ver="2.3"><GO type="225"/><UN n0="%72%61%72%61%70%70%65" n1="%E6%A1%9C%E8%8A%B1%E9%96%83%E3%80%85" n2="%E9%9B%AA%E5%9B%BD%E8%82%B2%E3%81%A1" n3="%EF%BC%88%EF%BC%8A%EF%BC%9E%EF%BC%9C%EF%BC%89" dan="16,16,17,17" rate="2041,2058,2128,2193" sx="M,M,M,F"/><TAIKYOKU oya="0"/><INIT seed="0,0,0,3,4,128" ten="250,250,250,250" oya="0" hai0="21,104,14,92,10,107,63,101,69,11,111,93,135" hai1="4,31,100,131,12,17,16,95,41,126,34,106,80" hai2="125,2,105,78,23,121,58,109,53,72,83,65,37" hai3="56,103,48,5,96,116,26,75,82,15,134,0,88" shuffle="mt19937ar,AD311AAD,59AB0AEA,67FCDC34,95F07A1C,8C521832,EA3C1F24,85D5919C,3AA08B82"/><T73/><D73/><U28/><E106/><V40/><F121/><W25/><G0/><T38/><D38/><U110/><E131/><V43/><F105/><W61/><G116/><T54/><D21/><U97/><E110/><V62/><F109/><W46/><G75/><T119/><D119/><U130/><E130/><V112/><F112/><W120/><G120/><T87/><D111/><U113/><E113/><V74/><F74/><W27/><G5/><T99/><D11/><N who="1" m="4199" /><E34/><V127/><F2/><W85/><G15/><T98/><D87/><U64/><E126/><N who="2" m="48139" /><F37/><W45/><G48/><T70/><D70/><U36/><E36/><V57/><F23/><W115/><G115/><T42/><D42/><U1/><E1/><V90/><F90/><W18/><G18/><N who="1" m="7274" /><E41/><V67/><F67/><W35/><G35/><T6/><D69/><U24/><E64/><V124/><F124/><W9/><G9/><T60/><D107/><U71/><E71/><V76/><F76/><W84/><G84/><T122/><D104/><U44/><E44/><V68/><F68/><W81/><G45/><T66/><D122/><U55/><E24/><V89/><F89/><W8/><G46/><T29/><D66/><U50/><E80/><V52/><F65/><N who="3" m="39079" /><G81/><T59/><D29/><U33/><E33/><V117/><F117/><W91/><G8/><T123/><D123/><U133/><E31/><V77/><F77/><W22/><G22/><T49/><D135/><U20/><E133/><V39/><F39/><W51/><G134/><T118/><D118/><U47/><E28/><V32/><F32/><RYUUKYOKU ba="0,0" sc="250,10,250,10,250,10,250,-30" hai0="6,10,14,49,54,59,60,63,92,93,98,99,101" hai1="20,47,50,55,95,97,100" hai2="40,43,52,53,57,58,62,72,78,83" /><INIT seed="0,1,0,4,2,21" ten="260,260,260,220" oya="0" hai0="19,106,71,18,121,99,60,77,25,81,61,32,120" hai1="92,9,50,127,64,24,48,113,112,88,22,59,13" hai2="40,95,16,86,98,129,110,85,128,23,4,73,8" hai3="115,131,109,28,34,58,118,7,44,93,30,125,39" shuffle="mt19937ar,FE3A77F0,57589EA5,6355E294,0BA56396,61A3EC0D,7228030C,61ECAC27,5D1AC5C2"/><T20/><D32/><U49/><E127/><V42/><F73/><W84/><G118/><T47/><D47/><U102/><E102/><V134/><F110/><W117/><G117/><T104/><D19/><U52/><E64/><V83/><F134/><W57/><G115/><N who="1" m="44106" /><E13/><N who="2" m="5255" /><F129/><W96/><G125/><T82/><D81/><U74/><E9/><V123/><F123/><W130/><G7/><T116/><D116/><U79/><E79/><N who="2" m="46335" /><F86/><W100/><G84/><T87/><D99/><N who="1" m="57735" /><E74/><V31/><F31/><AGARI ba="1,0" hai="22,24,31,48,49,50,52,59" m="57735,44106" machi="31" ten="30,7700,0" yaku="11,1,52,1,54,2" doraHai="21" who="1" fromWho="2" sc="260,0,260,80,260,-80,220,0" /><INIT seed="1,0,0,2,5,57" ten="260,340,180,220" oya="1" hai0="23,36,49,27,41,98,74,43,96,111,66,88,0" hai1="15,102,80,63,32,37,93,120,72,100,50,2,97" hai2="135,131,38,78,39,122,109,18,35,68,70,55,85" hai3="30,11,54,125,104,21,34,119,1,59,47,127,16" shuffle="mt19937ar,179F3709,939DBAEE,ECAF7137,4AF04E9C,94E794F0,85C18888,31D5D01F,497F4752"/><U124/><E2/><V42/><F122/><W83/><G104/><T84/><D74/><U67/><E37/><V19/><F35/><W29/><G47/><T91/><D0/><U108/><E120/><V90/><F131/><W26/><G119/><T103/><D111/><U107/><E32/><V86/><F135/><W25/><G83/><T89/><D36/><U45/><E108/><V52/><F42/><N who="0" m="15882" /><D66/><U17/><E124/><N who="3" m="47690" /><G54/><T106/><D106/><U115/><E115/><V60/><F90/><N who="0" m="34922" /><D49/><U130/><E130/><V95/><F95/><W105/><G105/><T116/><D103/><U56/><E72/><V77/><REACH who="2" step="1"/><F109/><REACH who="2" step="2"/><W134/><G134/><T44/><D116/><U31/><E107/><V114/><F114/><W117/><G117/><T132/><D132/><U71/><E102/><V61/><AGARI ba="0,1" hai="18,19,38,39,52,55,60,61,68,70,77,78,85,86" machi="61" ten="25,12000,2" yaku="1,1,0,1,22,2,52,2,54,1,53,0" doraHai="57" doraHaiUra="128" who="2" fromWho="2" sc="260,-30,340,-60,170,130,220,-30" /><INIT seed="2,0,0,2,4,29" ten="230,280,300,190" oya="2" hai0="107,55,109,78,97,61,79,28,5,128,115,80,39" hai1="3,130,133,102,30,101,99,122,15,69,18,1,100" hai2="132,64,43,81,66,27,45,44,129,8,91,54,57" hai3="131,37,63,67,114,20,98,82,42,19,119,62,31" shuffle="mt19937ar,A3BCEAA3,E055E698,4E98CBF8,DF5279CB,00827EF0,980F8360,6019B57E,A3197B09"/><V104/><F104/><W33/><G119/><T0/><D39/><U103/><E69/><V2/><F129/><W7/><G7/><T51/><D128/><U74/><E74/><V48/><F132/><W14/><G131/><T52/><D115/><U116/><E130/><V89/><F27/><W117/><G117/><T58/><D109/><U9/><E116/><V21/><F21/><W110/><G114/><T88/><D28/><U86/><E133/><V90/><F81/><W118/><G118/><T106/><D79/><U13/><E122/><V84/><F84/><W113/><G113/><T76/><D76/><U111/><E111/><V4/><REACH who="2" step="1"/><F45/><REACH who="2" step="2"/><W94/><G110/><T95/><D107/><U73/><E86/><V56/><F56/><W10/><G82/><T105/><D106/><U92/><E73/><V72/><F72/><W22/><G22/><T108/><D105/><U35/><E99/><V24/><F24/><W65/><G20/><T34/><D108/><U85/><E85/><V134/><F134/><W11/><G98/><T46/><D80/><U112/><E112/><V93/><F93/><W70/><G94/><T135/><D135/><U68/><E92/><V121/><F121/><W123/><G123/><T23/><D23/><U38/><E68/><V83/><F83/><W26/><G14/><T17/><D78/><U124/><E15/><V59/><F59/><N who="3" m="37087" /><G19/><T16/><D17/><U77/><E18/><V87/><F87/><W49/><G26/><T71/><D71/><U36/><E13/><V96/><F96/><W126/><G70/><T41/><D16/><RYUUKYOKU ba="0,1" sc="230,-10,280,-10,290,30,190,-10" hai2="2,4,8,43,44,48,54,57,64,66,89,90,91" /><INIT seed="2,1,1,4,4,34" ten="220,270,320,180" oya="2" hai0="13,96,116,114,72,65,97,111,88,47,16,27,36" hai1="43,67,21,87,112,59,46,90,26,3,19,24,108" hai2="31,10,2,17,125,92,20,56,121,104,14,85,91" hai3="66,55,42,75,63,106,5,22,62,25,107,11,135" shuffle="mt19937ar,D0351644,9B48A2AE,938E8ED5,B4B7969B,5C883928,FEDD2D97,2C1B1F40,49B16897"/><V7/><F121/><W68/><G75/><T12/><D114/><U94/><E112/><V76/><F104/><W105/><G42/><T118/><D72/><U71/><E71/><V40/><F125/><W101/><G135/><T37/><D111/><U53/><E108/><V35/><F40/><W73/><G73/><T119/><D65/><U103/><E67/><V57/><F76/><W109/><G109/><T93/><D97/><U115/><E115/><V15/><F14/><N who="0" m="5738" /><D47/><U60/><E103/><V39/><F39/><W79/><G79/><T86/><D96/><U80/><E3/><V131/><F131/><W89/><G89/><T44/><D44/><U102/><E26/><AGARI ba="1,1" hai="2,7,10,15,17,20,26,31,35,56,57,85,91,92" machi="26" ten="40,7700,0" yaku="24,2,52,1" doraHai="34" who="2" fromWho="1" sc="220,0,270,-80,320,90,180,0" /><INIT seed="2,2,0,2,1,101" ten="220,190,410,180" oya="2" hai0="79,12,22,18,123,16,17,4,131,72,56,125,14" hai1="21,50,135,52,69,65,78,15,55,96,66,33,38" hai2="53,70,37,104,76,39,49,10,91,103,127,41,26" hai3="32,85,132,46,109,6,97,124,5,130,20,63,2" shuffle="mt19937ar,7BF1DAC0,02A73F80,B81CE52B,3D6F8DDA,EE9D8F6A,A408E83D,F375F22D,8814AF02"/><V115/><F115/><W35/><G85/><T71/><D123/><U51/><E33/><V87/><F70/><W36/><G46/><T120/><D71/><U11/><E38/><V82/><F127/><W105/><G36/><T94/><D120/><U102/><E135/><V7/><F26/><W112/><G63/><T86/><D125/><U25/><E78/><V111/><F41/><W1/><G97/><T28/><D72/><U118/><E118/><V30/><F30/><W61/><G61/><T98/><D131/><U108/><E108/><V67/><F67/><N who="1" m="25609" /><E69/><V45/><F111/><W134/><G109/><T110/><D110/><U77/><E77/><V106/><F76/><W90/><G90/><N who="0" m="55639" /><D56/><U57/><E96/><V95/><F37/><W133/><G124/><T126/><D126/><U64/><E102/><V93/><F39/><W107/><G112/><T92/><D28/><N who="1" m="17455" /><E64/><V24/><F103/><W99/><G99/><T119/><D119/><U129/><E129/><V13/><REACH who="2" step="1"/><F24/><REACH who="2" step="2"/><W58/><G133/><T113/><D113/><U54/><E51/><V100/><F100/><W116/><G130/><T23/><D79/><U3/><E3/><V34/><F34/><W29/><G116/><T121/><D121/><U128/><E128/><V43/><F43/><W75/><G29/><T122/><D122/><U117/><E117/><V40/><F40/><W59/><G75/><T83/><D4/><AGARI ba="2,1" hai="4,11,15,50,52,54,55,57" m="17455,25609" machi="4" ten="30,2000,0" yaku="8,1,54,1" doraHai="101" who="1" fromWho="0" sc="220,-26,190,36,400,0,180,0" /><INIT seed="3,0,0,4,4,9" ten="194,226,400,180" oya="3" hai0="20,84,64,90,74,56,11,92,43,82,103,129,14" hai1="113,94,59,67,121,87,13,109,44,60,130,35,5" hai2="50,83,55,89,69,33,31,108,120,126,105,22,58" hai3="118,18,66,97,131,19,37,78,12,107,30,41,32" shuffle="mt19937ar,F7AF894F,93339C43,1F2904F3,01D1E14A,4EDA5C59,999F8ACF,844EAC7A,E2DCFAA3"/><W101/><G118/><T36/><D129/><U128/><E113/><V28/><F69/><W27/><G131/><N who="1" m="50218" /><E35/><V73/><F33/><W17/><G78/><T70/><D70/><U42/><E109/><V10/><F105/><W93/><G93/><T34/><D34/><U54/><E121/><V75/><F89/><W7/><G7/><T133/><D133/><U135/><E135/><V122/><F83/><W40/><G66/><T115/><D115/><U29/><E29/><V127/><F108/><W76/><G76/><T124/><D124/><N who="2" m="47658" /><F10/><W106/><G106/><T71/><D11/><N who="1" m="4335" /><E67/><V2/><F2/><W45/><REACH who="3" step="1"/><G40/><REACH who="3" step="2"/><T102/><D64/><U79/><E79/><V1/><F122/><W61/><G61/><T85/><D43/><U111/><E111/><V16/><F120/><W91/><G91/><T112/><D90/><N who="1" m="53599" /><E42/><V95/><F95/><W114/><G114/><T4/><D92/><U62/><E44/><V49/><F75/><W26/><G26/><T98/><D74/><U96/><E96/><V86/><F73/><W88/><G88/><T132/><D98/><U65/><E65/><V57/><F86/><W0/><G0/><T125/><D84/><U24/><E24/><N who="2" m="14407" /><F1/><W46/><G46/><T134/><D85/><U53/><E53/><AGARI ba="0,1" hai="28,31,49,50,53,55,57,58" m="14407,47658" machi="53" ten="30,2000,0" yaku="18,1,54,1" doraHai="9" who="2" fromWho="1" sc="194,0,226,-20,400,30,170,0" owari="194,-16,206,-4,430,43,170,-23" /></mjloggm>