<mjloggm ver="2.3"><GO type="225"/><UN n0="%E9%9B%81%E7%BA%8F" n1="%E6%A1%9C%E8%8A%B1%E9%96%83%E3%80%85" n2="%E7%AB%9C%E9%A9%A4%E9%BA%9F%E6%8C%AF" n3="%E9%9B%AA%E5%9B%BD%E8%82%B2%E3%81%A1" dan="16,16,17,17" rate="2068,2041,2028,2131" sx="M,M,M,M"/><TAIKYOKU oya="0"/><INIT seed="0,0,0,4,2,127" ten="250,250,250,250" oya="0" hai0="95,106,16,98,131,40,37,20,14,67,68,21,113" hai1="94,7,130,58,105,28,5,96,128,66,47,3,54" hai2="121,22,102,134,93,107,89,18,4,70,6,92,85" hai3="76,109,33,45,27,125,129,62,44,132,46,25,87" shuffle="mt19937ar,AE45EC6E,599E65D2,22B731E6,6B008280,4D2E2BEA,4C844F6B,B5100C48,6EA497DC"/><T35/><D35/><U115/><E105/><V119/><F121/><W124/><G132/><T84/><D113/><U29/><E115/><V80/><F70/><W112/><G112/><T41/><D106/><U81/><E66/><V9/><F134/><W90/><G109/><T104/><D104/><U11/><E7/><V34/><F34/><W101/><G101/><T0/><D0/><U48/><E81/><V38/><F38/><W8/><G76/><T10/><D84/><U73/><E47/><V97/><F119/><W15/><G62/><T72/><D72/><U60/><E60/><V108/><F108/><W1/><G1/><T51/><D37/><U30/><REACH who="1" step="1"/><E73/><REACH who="1" step="2"/><V61/><F61/><W52/><G124/><T88/><D67/><U57/><E57/><V19/><F6/><W86/><G125/><T50/><D68/><U17/><E17/><V133/><F133/><W77/><G45/><N who="0" m="25895" /><D131/><U43/><E43/><V100/><F107/><W111/><G129/><T64/><D64/><U110/><E110/><V32/><F80/><W69/><G69/><T36/><D36/><U31/><N who="1" m="7168" /><DORA hai="123" /><U24/><E24/><V118/><F32/><W42/><G27/><T78/><D78/><U53/><E53/><V71/><F71/><W75/><G77/><T82/><D82/><U74/><E74/><V135/><F135/><W13/><G75/><T2/><D2/><U59/><E59/><V79/><F79/><W122/><G33/><T103/><D41/><U63/><E63/><V83/><F83/><W12/><G42/><T120/><D51/><U23/><E23/><RYUUKYOKU ba="0,1" sc="250,-10,240,30,250,-10,250,-10" hai1="3,5,11,48,54,58,94,96,128,130" /><INIT seed="1,1,1,5,4,106" ten="240,270,240,240" oya="1" hai0="89,2,91,14,16,71,119,7,62,114,63,85,30" hai1="72,99,88,73,97,55,129,76,104,53,58,117,3" hai2="9,128,32,80,44,98,74,23,109,125,133,34,105" hai3="112,69,116,118,27,25,66,120,95,103,86,90,6" shuffle="mt19937ar,FB1E3CEF,627047D9,14F5663A,A908985A,A6167CA9,DA59CE87,357B4F43,86F28A26"/><U110/><E117/><N who="3" m="45162" /><G112/><T78/><D114/><U26/><E3/><V29/><F109/><W135/><G120/><T54/><D119/><U92/><E110/><V70/><F70/><W68/><G135/><T20/><D71/><N who="3" m="27209" /><G66/><T45/><D30/><U108/><E108/><V101/><F133/><W123/><G123/><T84/><D2/><U127/><E127/><V50/><F125/><W61/><G61/><N who="0" m="23051" /><D7/><U42/><E76/><V36/><F36/><W19/><G6/><T17/><D78/><U11/><E129/><V75/><F128/><W59/><G59/><T107/><D107/><U126/><E126/><V18/><F9/><W79/><G103/><T37/><D37/><U77/><E77/><V122/><F122/><W94/><G94/><T41/><D41/><U87/><E42/><V64/><F64/><W102/><G102/><T46/><D17/><U39/><E39/><V10/><F10/><W49/><G79/><T43/><D54/><U134/><E134/><V81/><F81/><W21/><G49/><N who="0" m="26815" /><D46/><U52/><E58/><V115/><F115/><W12/><AGARI ba="1,1" hai="12,19,21,25,27,86,90,95" m="27209,45162" machi="12" ten="30,1100,0" yaku="12,1" doraHai="106" who="3" fromWho="3" sc="240,-4,270,-6,240,-4,240,24" /><INIT seed="2,0,0,3,2,97" ten="236,264,236,264" oya="2" hai0="38,89,100,30,80,133,63,134,48,12,95,117,40" hai1="61,135,115,104,36,105,121,127,52,32,91,68,51" hai2="10,9,67,55,99,0,131,122,62,18,26,22,78" hai3="83,71,65,20,116,72,123,14,39,45,11,85,98" shuffle="mt19937ar,C7C99391,D79DDE41,292D2948,848CF47C,418D3360,BE265C2D,27276A75,152D20C0"/><V106/><F122/><W33/><G33/><T82/><D38/><U23/><E32/><V29/><F131/><W110/><G123/><T43/><D30/><U13/><E121/><V96/><F78/><W118/><G72/><T41/><D117/><U60/><E115/><V70/><F0/><W8/><G110/><T34/><D34/><U57/><E135/><N who="0" m="51721" /><D48/><U120/><E120/><V132/><F132/><W7/><G20/><T2/><D2/><U66/><E127/><V64/><F64/><W79/><G65/><T28/><D28/><U5/><E36/><V1/><F1/><W75/><G71/><T125/><D100/><U54/><E91/><V124/><F124/><W109/><G109/><T103/><D103/><U37/><E37/><V59/><F106/><W130/><G130/><T50/><D50/><U76/><E76/><V24/><F10/><W77/><G11/><T15/><D63/><U3/><E3/><V108/><F108/><W44/><G116/><T53/><D53/><U25/><E5/><V112/><F112/><W69/><G39/><T81/><D125/><U128/><E128/><V17/><F9/><W87/><G118/><T107/><D107/><U88/><E104/><V113/><F113/><W56/><G8/><T6/><D6/><U73/><E105/><V84/><F29/><W16/><G7/><T94/><D89/><U93/><E88/><V21/><F84/><W4/><G85/><T58/><D58/><U46/><E57/><V90/><F90/><W119/><G56/><T111/><D111/><U35/><E35/><V92/><F92/><AGARI ba="0,0" hai="12,15,40,41,43,80,81,82,92,94,95" m="51721" machi="92" ten="40,8000,1" yaku="6,1,28,2,20,1" doraHai="97" who="0" fromWho="2" sc="236,80,264,0,236,-80,264,0" /><INIT seed="3,0,0,3,3,70" ten="316,264,156,264" oya="3" hai0="48,113,124,28,126,42,63,51,33,85,121,21,73" hai1="24,88,122,17,38,64,56,12,129,69,39,58,93" hai2="95,90,18,7,80,106,14,100,27,20,105,109,25" hai3="46,101,10,102,68,32,0,108,44,6,81,54,128" shuffle="mt19937ar,CCBBEA6D,138D6738,05742F1E,8962E6A6,FE0CAB36,39A6564D,85F21CA9,DEAFD191"/><W111/><G128/><T89/><D121/><U117/><E122/><V99/><F109/><N who="3" m="42059" /><G32/><T37/><D73/><U53/><E129/><V134/><F134/><W2/><G68/><T49/><D113/><U50/><E117/><V132/><F132/><W45/><G2/><T72/><D72/><U31/><E69/><V127/><F127/><N who="0" m="48682" /><D63/><N who="1" m="38007" /><E24/><V125/><F125/><W110/><N who="3" m="42067" /><W97/><DORA hai="30" /><G81/><N who="0" m="49327" /><D33/><U52/><E31/><V107/><F7/><W11/><G11/><T60/><D60/><U75/><E75/><V5/><F5/><W92/><G102/><T23/><D28/><U114/><E114/><V120/><F120/><W1/><G1/><T55/><D55/><AGARI ba="0,0" hai="0,6,10,44,45,46,54,55,92,97,101" m="42067" machi="55" ten="50,4800,0" yaku="14,1,10,1" doraHai="70,30" who="3" fromWho="0" sc="316,-48,264,0,156,0,264,48" owari="268,2,264,-9,156,-24,312,31" /></mjloggm>