<mjloggm ver="2.3"><GO type="225"/><UN n0="%E9%81%8A%E6%AD%A9" n1="%E3%81%B5%E3%82%8B%E3%81%AD%E3%81%93%40%E4%BD%95%E5%88%87%E3%82%8B" n2="%E9%9B%AA%E5%9B%BD%E8%82%B2%E3%81%A1" n3="%E9%9E%8D" dan="16,16,17,16" rate="2021,2062,2194,2022" sx="F,M,M,M"/><TAIKYOKU oya="0"/><INIT seed="0,0,0,1,4,59" ten="250,250,250,250" oya="0" hai0="62,11,85,42,83,32,31,92,52,17,135,33,98" hai1="80,100,23,53,9,54,133,102,97,56,48,99,86" hai2="10,39,81,120,65,91,3,90,122,37,84,93,46" hai3="110,19,75,126,111,95,24,76,50,55,125,2,109" shuffle="mt19937ar,59D37CED,C90024FC,87B21F63,DCC8B931,DE4215AA,0EE9B17D,7E02800D,085691F2"/><T41/><D135/><U117/><E117/><V73/><F65/><W57/><G2/><T34/><D31/><U68/><E68/><V114/><F114/><W89/><G76/><T60/><D11/><U78/><E133/><V58/><F58/><W129/><G75/><T130/><D130/><U94/><E9/><V121/><F46/><W103/><G103/><T20/><D42/><U15/><E15/><V118/><F118/><W77/><G77/><T38/><D41/><U88/><E23/><V16/><F73/><W67/><G129/><T69/><D38/><U116/><E116/><V101/><F101/><W115/><G115/><T82/><D69/><U21/><E21/><V96/><REACH who="2" step="1"/><F3/><REACH who="2" step="2"/><W30/><G67/><T112/><D112/><U27/><E27/><V127/><F127/><W18/><G125/><T64/><D64/><U132/><E132/><V51/><F51/><W12/><G126/><T87/><D62/><N who="1" m="36111" /><E99/><V43/><F43/><W44/><G44/><AGARI ba="0,1" hai="44,48,54,78,80,86,88,94,97,100,102" m="36111" machi="44" ten="30,3900,0" yaku="8,1,52,1,54,1" doraHai="59" who="1" fromWho="3" sc="250,0,250,49,240,0,250,-39" /><INIT seed="1,0,0,0,5,86" ten="250,299,240,211" oya="1" hai0="110,129,115,106,134,32,131,16,112,135,56,73,69" hai1="47,99,5,26,14,74,63,130,24,114,39,57,11" hai2="4,40,100,83,58,92,33,75,41,19,77,17,101" hai3="102,118,36,98,88,27,128,59,29,48,107,117,124" shuffle="mt19937ar,A532C13F,78FD4C5A,B1C55CDC,89C22510,97849875,B786291F,0A37049F,ACE90BF2"/><U1/><E114/><N who="0" m="43561" /><D69/><U109/><E74/><V23/><F33/><W64/><G36/><T46/><D46/><U53/><E130/><N who="0" m="49673" /><D56/><U123/><E123/><V94/><F4/><W85/><G128/><T119/><D73/><U13/><E109/><V90/><F58/><W2/><G2/><T132/><D106/><U25/><REACH who="1" step="1"/><E99/><REACH who="1" step="2"/><V61/><F75/><W31/><G124/><T72/><D72/><U76/><E76/><V0/><F77/><W52/><G64/><T10/><D110/><U105/><E105/><V21/><F101/><W30/><REACH who="3" step="1"/><G27/><REACH who="3" step="2"/><T42/><D134/><U37/><E37/><V116/><F116/><W43/><G43/><AGARI ba="0,2" hai="1,5,11,13,14,24,25,26,39,43,47,53,57,63" machi="43" ten="40,2000,0" yaku="1,1,53,0" doraHai="86" doraHaiUra="28" who="1" fromWho="3" sc="250,0,289,40,240,0,201,-20" /><INIT seed="1,1,0,5,1,115" ten="250,329,240,181" oya="1" hai0="40,105,33,95,127,34,45,64,118,7,69,74,103" hai1="66,108,99,120,10,109,89,9,132,42,60,96,47" hai2="82,50,93,134,1,80,90,29,121,75,26,102,65" hai3="130,8,16,32,92,38,55,135,17,35,77,98,91" shuffle="mt19937ar,AA4FD07B,F8F0F92E,824E946F,8A1B23A6,5F8D5D51,300BDE29,7F65B621,A0C76499"/><U27/><E120/><V94/><F121/><W54/><G38/><N who="0" m="21655" /><D95/><U59/><E132/><V84/><F1/><W11/><G135/><T79/><D7/><U111/><E27/><V123/><F123/><W83/><G130/><T129/><D127/><U97/><REACH who="1" step="1"/><E89/><REACH who="1" step="2"/><V114/><F90/><W25/><G25/><T78/><D129/><U67/><E67/><V125/><F65/><W15/><G32/><T24/><D24/><U106/><E106/><V126/><F134/><W116/><G35/><T86/><D34/><U6/><E6/><V44/><F125/><W131/><G131/><T0/><D33/><U128/><E128/><V36/><F126/><W88/><G91/><T133/><D133/><U12/><E12/><V41/><F26/><W49/><G15/><T72/><D64/><U3/><E3/><V43/><F29/><W119/><G88/><T18/><D0/><U62/><E62/><V52/><F114/><W113/><G113/><T56/><D79/><U87/><E87/><V37/><F84/><W20/><G77/><T4/><D4/><U2/><E2/><V39/><F93/><W85/><G92/><T124/><D124/><U21/><E21/><V48/><F94/><W53/><G20/><T100/><D86/><U23/><E23/><V58/><F80/><W76/><G85/><T104/><D104/><U51/><AGARI ba="1,1" hai="9,10,42,47,51,59,60,66,96,97,99,108,109,111" machi="51" ten="40,12000,1" yaku="1,1,0,1,14,1,10,1,53,0" doraHai="115" doraHaiUra="19" who="1" fromWho="1" sc="250,-41,319,133,240,-41,181,-41" /><INIT seed="1,2,0,1,1,49" ten="209,452,199,140" oya="1" hai0="60,101,65,74,19,33,39,114,17,108,12,113,117" hai1="127,131,30,16,52,15,124,58,70,87,54,47,75" hai2="110,23,95,91,82,20,77,6,11,21,3,68,109" hai3="40,41,105,130,84,126,45,79,67,14,62,55,106" shuffle="mt19937ar,AFB9CEE7,80822BF8,21365F73,9D61B9FC,B4B49801,47D9A8CD,A1BBA411,050F25D8"/><U22/><E70/><V46/><F68/><W88/><G79/><T1/><D117/><U99/><E75/><V118/><F118/><W132/><G132/><T53/><D1/><U119/><E119/><V5/><F5/><W24/><G126/><N who="1" m="48170" /><E131/><V9/><F9/><W97/><G130/><T43/><D108/><N who="2" m="41578" /><F46/><W57/><G14/><T94/><D33/><U92/><E87/><N who="2" m="52735" /><F21/><W96/><G24/><T61/><D113/><U78/><E78/><V36/><F36/><W63/><G106/><T83/><D39/><U89/><E47/><V102/><F102/><W135/><G105/><T129/><D101/><U59/><E30/><V44/><F44/><W50/><G135/><T121/><D129/><U93/><E93/><V71/><F71/><W64/><G40/><T80/><D43/><U26/><E26/><V134/><F134/><W86/><G86/><AGARI ba="2,0" hai="3,6,11,20,23,77,82,86" m="52735,41578" machi="86" ten="30,1000,0" yaku="14,1" doraHai="49" who="2" fromWho="3" sc="209,0,452,0,199,16,140,-16" /><INIT seed="2,0,0,2,4,59" ten="209,452,215,124" oya="2" hai0="116,49,96,118,85,20,63,73,75,114,50,22,28" hai1="47,57,110,33,86,37,105,127,129,121,126,91,54" hai2="53,92,42,19,90,95,56,67,84,18,78,132,107" hai3="122,0,52,79,74,29,113,93,66,104,36,39,9" shuffle="mt19937ar,C9E6E2CF,BA0A848D,BA4ABC40,1FBA5613,7AB00180,EFAD042F,74B96435,7422391F"/><V3/><F107/><W101/><G104/><T15/><D114/><U128/><E105/><V13/><F3/><W119/><G119/><N who="0" m="45611" /><D96/><U98/><E98/><V11/><F132/><W70/><G122/><T10/><D85/><U71/><E71/><V102/><F67/><W51/><G113/><T81/><D63/><N who="1" m="36279" /><E33/><V61/><F78/><W6/><G29/><T111/><D111/><U16/><E110/><V103/><F42/><W125/><G125/><N who="1" m="47626" /><E121/><V97/><REACH who="2" step="1"/><F18/><REACH who="2" step="2"/><W89/><G79/><N who="0" m="44271" /><D75/><U131/><E16/><V87/><F87/><W82/><G74/><T130/><D130/><U30/><E30/><V123/><F123/><W68/><G66/><T109/><D109/><U5/><E5/><V35/><F35/><W117/><G117/><T38/><D28/><U64/><E64/><V14/><F14/><W17/><G17/><N who="0" m="8439" /><D38/><U27/><E37/><V106/><F106/><W32/><G39/><T134/><D134/><U55/><E128/><V135/><F135/><W4/><G36/><T24/><D24/><U88/><E27/><V100/><AGARI ba="0,1" hai="11,13,19,53,56,61,84,90,92,95,97,100,102,103" machi="100" ten="20,12000,1" yaku="1,1,0,1,7,1,8,1,52,1,53,0" doraHai="59" doraHaiUra="25" who="2" fromWho="2" sc="209,-40,452,-40,205,130,124,-40" /><INIT seed="2,1,0,3,5,96" ten="169,412,335,84" oya="2" hai0="37,36,4,60,50,105,42,33,63,54,134,131,80" hai1="39,55,123,23,95,16,66,113,98,99,47,86,48" hai2="84,100,70,6,122,38,115,41,128,114,126,89,106" hai3="73,78,12,29,121,101,7,92,43,68,34,9,64" shuffle="mt19937ar,07ECA28A,04EE634E,5DE3562E,9A4CF0F3,82C334D6,D0682F78,025E0B64,1B73EC92"/><V110/><F70/><W58/><G121/><T133/><D33/><U112/><E39/><N who="0" m="14921" /><D80/><U108/><E108/><V65/><F65/><W111/><G111/><T94/><D105/><U79/><E123/><V120/><F6/><W26/><G43/><T45/><D4/><U2/><E2/><V28/><F28/><W83/><G68/><T35/><D94/><U117/><E117/><V135/><F41/><W3/><G64/><T76/><D76/><U32/><E32/><V82/><F38/><W24/><G58/><N who="0" m="33111" /><D35/><U52/><E66/><V77/><F110/><W118/><G118/><T87/><D87/><U67/><E67/><V85/><F128/><W22/><G3/><T90/><D90/><N who="1" m="53719" /><E79/><V21/><F21/><W15/><G15/><T91/><D91/><U49/><E113/><N who="2" m="43019" /><F135/><N who="0" m="51722" /><D131/><U31/><E31/><V27/><F27/><W130/><G130/><T127/><D42/><U75/><E112/><V102/><F126/><W125/><G125/><T44/><D127/><U93/><E75/><V10/><F10/><W109/><G109/><T19/><D19/><U116/><E116/><V11/><F11/><W71/><G71/><T46/><AGARI ba="1,0" hai="44,45,46,60,63" m="51722,33111,14921" machi="46" ten="40,5200,0" yaku="20,1,34,2" doraHai="96" who="0" fromWho="0" sc="169,55,412,-14,335,-27,84,-14" /><INIT seed="3,0,0,4,4,92" ten="224,398,308,70" oya="3" hai0="94,30,126,66,4,53,34,79,1,122,22,78,86" hai1="57,108,75,17,29,85,49,134,95,27,2,83,19" hai2="129,11,131,91,71,32,77,36,100,51,72,84,10" hai3="74,26,43,52,118,45,18,115,125,14,93,80,133" shuffle="mt19937ar,ABDFE02C,B30778A5,406ADC73,34CF0F0C,09491119,54E065DD,47F5B43C,DD69DCCF"/><W63/><G118/><T25/><D122/><U81/><E2/><V39/><F71/><W23/><G115/><T6/><D126/><U9/><E75/><V46/><F32/><W99/><G125/><T117/><D117/><U55/><E108/><V20/><F100/><W104/><G104/><T96/><D66/><U111/><E111/><V109/><F109/><W127/><G127/><T90/><D34/><U48/><E134/><V65/><F65/><W73/><G133/><T8/><D4/><U130/><E130/><N who="2" m="49675" /><F20/><W28/><G80/><N who="1" m="30794" /><E9/><N who="2" m="3083" /><F77/><W67/><G67/><T35/><D35/><U107/><E107/><V42/><F72/><W15/><G15/><T58/><REACH who="0" step="1"/><D86/><REACH who="0" step="2"/><U21/><E85/><V128/><F128/><W68/><G68/><T5/><D5/><U135/><E135/><V121/><F121/><W102/><G43/><T47/><D47/><U61/><E55/><V3/><F46/><W114/><G114/><T44/><D44/><U60/><E57/><V31/><F42/><W38/><G38/><T76/><D76/><U50/><E21/><V88/><F84/><W37/><G37/><T16/><D16/><U132/><E19/><V105/><F39/><W123/><G123/><T64/><D64/><U69/><E17/><V87/><F87/><W13/><G45/><T113/><D113/><U12/><E69/><V70/><F70/><W106/><G106/><T33/><D33/><U82/><E132/><V120/><F105/><W97/><G97/><T103/><D103/><U101/><E101/><V0/><F36/><W62/><G18/><T116/><D116/><RYUUKYOKU ba="0,1" sc="214,30,398,-10,308,-10,70,-10" hai0="1,6,8,22,25,30,53,58,78,79,90,94,96" owari="244,-11,398,40,298,5,60,-34" /></mjloggm>