<mjloggm ver="2.3"><GO type="225"/><UN n0="%E6%9C%A7%E5%A4%8F%E6%9C%88" n1="%74%63%61%30%30" n2="%E3%82%88%E3%81%A3%E3%81%A1" n3="%E9%9B%81%E7%BA%8F" dan="17,16,16,16" rate="2134,2042,2079,2071" sx="M,M,M,M"/><TAIKYOKU oya="0"/><INIT seed="0,0,0,3,0,120" ten="250,250,250,250" oya="0" hai0="105,60,88,74,125,27,44,111,81,106,123,132,119" hai1="13,101,66,34,77,41,83,16,24,3,97,90,108" hai2="4,39,72,107,32,18,115,58,135,70,79,10,61" hai3="11,104,128,65,55,89,116,37,102,73,22,49,30" shuffle="mt19937ar,4D62F416,5894D8F8,C29806C2,0A1BE00E,B5B6D45A,CBCB0A36,9E87906B,240B6FE3"/><T26/><D119/><U52/><E3/><V113/><F39/><W100/><G116/><T42/><D123/><U43/><E66/><V59/><F107/><W33/><G37/><T98/><D132/><U131/><E90/><V122/><F32/><W15/><G73/><T127/><D60/><U71/><E71/><V86/><F18/><W38/><G38/><N who="0" m="21591" /><D74/><U118/><E118/><V21/><F72/><W0/><G104/><N who="0" m="40043" /><D111/><U48/><E34/><V23/><F70/><W80/><G65/><T133/><D133/><U134/><E24/><V57/><F61/><W6/><G33/><T109/><D109/><U20/><E134/><V124/><F135/><W68/><G68/><T96/><D96/><U56/><E131/><V85/><F122/><W63/><G128/><T19/><D19/><U91/><E91/><V130/><F130/><W64/><G63/><T28/><D28/><U117/><E108/><V121/><F121/><W51/><G64/><T9/><D9/><U17/><E17/><V92/><F92/><W93/><G80/><T2/><D2/><U87/><E117/><V31/><F31/><W82/><G82/><T45/><D45/><U62/><E62/><V25/><F59/><W7/><G7/><T35/><D35/><U67/><E67/><V126/><F4/><W46/><G51/><T110/><D110/><U29/><E29/><V50/><F50/><W69/><G69/><T114/><D114/><U5/><E5/><V103/><F10/><W95/><G0/><T84/><D98/><U76/><E76/><V8/><F8/><W36/><G6/><RYUUKYOKU ba="0,0" sc="250,15,250,15,250,-15,250,-15" hai0="26,27,81,84,88,125,127" hai1="13,16,20,41,43,48,52,56,77,83,87,97,101" /><INIT seed="0,1,0,1,5,131" ten="265,265,235,235" oya="0" hai0="35,100,36,25,104,94,76,63,78,117,121,83,77" hai1="15,53,44,134,105,7,47,26,21,70,81,80,58" hai2="42,16,60,68,6,20,82,96,32,46,92,73,8" hai3="37,61,75,10,132,11,24,133,98,116,74,48,59" shuffle="mt19937ar,2CD7A27E,342DE726,6C17F3FE,38DF0B18,513A27B7,04B44453,F9E94186,D964E00D"/><T2/><D2/><U106/><E70/><V97/><F32/><W50/><G37/><T87/><D36/><U45/><E106/><V1/><F60/><W110/><G116/><T57/><D117/><U13/><E105/><V28/><F68/><W129/><G129/><T79/><D104/><U115/><E115/><V114/><F28/><W40/><G98/><N who="0" m="59479" /><D35/><U52/><E134/><N who="3" m="51818" /><G110/><T89/><D121/><U64/><E64/><V65/><F65/><N who="3" m="39103" /><G24/><T0/><D0/><U27/><E7/><V122/><F122/><W9/><G40/><T5/><D5/><U120/><E120/><V54/><F54/><N who="1" m="21097" /><E58/><V49/><F92/><W71/><G71/><T22/><D57/><U39/><E39/><V102/><F102/><W112/><G112/><T69/><D69/><U85/><E26/><V107/><F107/><W111/><G111/><T128/><D128/><U95/><E13/><V23/><F114/><W91/><G91/><T3/><D3/><U14/><E14/><V19/><F97/><W51/><AGARI ba="1,0" hai="9,10,11,48,50,51,74,75" m="39103,51818" machi="51" ten="40,8000,1" yaku="20,1,52,3" doraHai="131" who="3" fromWho="3" sc="265,-41,265,-21,235,-21,235,83" /><INIT seed="1,0,0,5,1,58" ten="224,244,214,318" oya="1" hai0="45,12,120,129,128,94,42,36,8,104,37,26,55" hai1="38,20,18,29,84,92,67,108,43,9,110,99,82" hai2="76,97,57,49,60,122,6,59,25,53,24,102,93" hai3="83,27,119,1,87,111,107,125,72,68,115,22,81" shuffle="mt19937ar,B38EC670,F3A22091,CBC0603C,74798C25,9C61FAC7,5500B35B,8235E745,8CC7293A"/><U64/><E29/><V114/><F114/><W130/><RYUUKYOKU type="yao9" ba="0,0" sc="224,0,244,0,214,0,318,0" hai3="1,22,27,68,72,81,83,87,107,111,115,119,125,130" /><INIT seed="1,1,0,0,4,2" ten="224,244,214,318" oya="1" hai0="53,30,104,113,56,97,11,18,110,78,7,54,76" hai1="8,130,91,37,23,74,29,59,123,101,1,80,70" hai2="92,125,9,51,109,22,103,15,112,122,118,102,5" hai3="108,28,129,32,17,48,68,71,88,90,46,45,16" shuffle="mt19937ar,48BB3137,FC82E003,8DA82376,2D31B0B0,053AD7D3,E964EFB1,5894B18B,84435C7C"/><U100/><E70/><V72/><F72/><W13/><G108/><T89/><D113/><U77/><E123/><V85/><F122/><W10/><G129/><T47/><D110/><U55/><E37/><V40/><F109/><W120/><G120/><T19/><D30/><U57/><E57/><V38/><F38/><W82/><G46/><T20/><D47/><U105/><E105/><V115/><F118/><W95/><G17/><T49/><D54/><U62/><E130/><V27/><F125/><W111/><G111/><T127/><D127/><U12/><E1/><V67/><F67/><W61/><G61/><T128/><D128/><U25/><REACH who="1" step="1"/><E91/><REACH who="1" step="2"/><N who="2" m="53359" /><F115/><W44/><G44/><T119/><D104/><U34/><E34/><V24/><F112/><W96/><G32/><T106/><D106/><U65/><E65/><V99/><F103/><W116/><G116/><T134/><D89/><U107/><E107/><V43/><F51/><W63/><G63/><T26/><D49/><U114/><E114/><V0/><F0/><W73/><G90/><T93/><D119/><U42/><E42/><N who="2" m="15915" /><F22/><W60/><G60/><T133/><D20/><U4/><AGARI ba="1,1" hai="4,8,12,23,25,29,55,59,62,74,77,80,100,101" machi="4" ten="20,7800,0" yaku="1,1,0,1,7,1,52,1,53,0" doraHai="2" doraHaiUra="64" who="1" fromWho="1" sc="224,-27,234,91,214,-27,318,-27" /><INIT seed="1,2,0,3,1,27" ten="197,325,187,291" oya="1" hai0="48,114,10,81,74,104,70,108,40,119,16,91,125" hai1="45,131,34,15,11,107,38,99,93,89,52,28,71" hai2="87,35,86,30,112,120,84,31,33,41,25,83,4" hai3="23,90,49,106,97,17,98,56,12,29,79,36,126" shuffle="mt19937ar,8E4716B5,0A745023,0AE0D402,8982BDFE,4FEBF275,C3258C14,0AD91085,9DA9C312"/><U85/><E71/><V128/><F120/><W117/><G36/><T13/><D114/><U43/><E131/><V64/><F128/><W123/><G123/><T94/><D119/><U115/><E115/><V101/><F112/><W51/><G117/><T133/><D70/><U96/><E107/><V63/><F4/><W21/><G126/><T113/><D113/><U102/><E102/><V95/><F41/><W68/><G68/><T19/><D104/><U78/><E78/><V67/><F83/><W53/><G79/><T103/><D125/><U75/><E75/><V7/><F7/><W73/><G73/><T24/><D108/><U61/><E34/><V92/><F101/><W22/><G106/><T18/><D133/><U100/><E100/><V32/><F25/><W26/><G90/><T77/><D103/><U5/><E28/><N who="2" m="10795" /><F63/><W47/><G22/><T0/><D0/><U129/><E129/><V39/><F39/><W109/><G109/><T60/><D60/><U9/><E9/><V8/><F8/><W110/><G110/><T3/><D3/><U121/><E121/><V69/><F69/><W82/><G82/><T1/><D1/><U130/><E130/><V2/><F2/><W135/><G135/><T72/><D72/><U20/><E20/><V132/><F132/><W111/><G111/><T37/><D37/><U65/><E38/><V44/><F44/><W124/><G124/><T76/><D24/><U46/><E46/><V58/><F58/><W62/><G51/><T122/><D122/><U88/><E43/><AGARI ba="2,0" hai="12,17,21,23,26,29,43,47,49,53,56,62,97,98" machi="43" ten="30,3900,0" yaku="7,1,8,1,52,1" doraHai="27" who="3" fromWho="1" sc="197,0,325,-45,187,0,291,45" /><INIT seed="2,0,0,1,1,111" ten="197,280,187,336" oya="2" hai0="23,8,5,27,64,50,63,91,66,31,0,71,106" hai1="57,11,109,41,96,62,73,1,122,80,6,52,129" hai2="24,94,103,25,21,26,119,87,89,29,82,44,100" hai3="115,60,127,22,92,123,125,135,70,12,59,15,114" shuffle="mt19937ar,545890EC,98C111EA,CA201B94,616FAD60,CCF4E4A8,FC2BE28C,9E88B8DF,10CA108A"/><V132/><F132/><W75/><G123/><T65/><D106/><U90/><E109/><V102/><F119/><W131/><G131/><T85/><REACH who="0" step="1"/><D50/><REACH who="0" step="2"/><U130/><E122/><V118/><F118/><W101/><G135/><T107/><D107/><U35/><E130/><V45/><REACH who="2" step="1"/><F94/><AGARI ba="0,1" hai="0,5,8,23,27,31,63,64,65,66,71,85,91,94" machi="94" ten="30,2000,0" yaku="1,1,7,1,53,0" doraHai="111" doraHaiUra="79" who="0" fromWho="2" sc="187,30,280,0,187,-20,336,0" /><INIT seed="3,0,0,3,4,86" ten="217,280,167,336" oya="3" hai0="131,5,69,30,46,3,94,22,108,102,68,47,104" hai1="117,17,92,81,18,90,6,64,116,87,58,67,19" hai2="107,122,50,13,79,77,9,42,80,75,135,105,101" hai3="29,100,91,57,132,31,7,133,93,63,34,83,73" shuffle="mt19937ar,40AE82C6,202A040D,B517D593,441D249B,558090F9,834DD97F,1B5AE8F8,83614C56"/><W4/><G100/><T129/><D104/><U36/><E36/><V110/><F122/><W119/><G119/><T118/><D118/><N who="1" m="45675" /><E6/><N who="3" m="2090" /><G83/><T39/><D108/><U60/><E81/><V89/><F135/><N who="3" m="51787" /><G34/><T23/><D102/><U20/><E67/><V123/><F110/><W45/><G45/><T96/><D47/><U130/><E130/><V24/><F123/><W112/><G112/><T97/><D46/><U120/><E120/><V124/><F124/><W88/><G73/><T26/><D131/><U125/><E125/><V43/><F24/><AGARI ba="0,0" hai="17,18,19,20,24,58,60,64,87,90,92" m="45675" machi="24" ten="30,2000,0" yaku="12,1,52,1" doraHai="86" who="1" fromWho="2" sc="217,0,280,20,167,-20,336,0" owari="217,-13,300,5,147,-25,336,33" /></mjloggm>