<mjloggm ver="2.3"><GO type="225"/><UN n0="%E3%82%AF%E3%83%AB%E3%83%AB%E2%98%86" n1="%74%63%61%30%30" n2="%23%37%34%E5%A4%A7%E6%B2%BB%E9%83%8E" n3="%E3%83%9A%E3%83%AD%E3%81%A1%E3%82%83%E3%82%93" dan="16,16,16,16" rate="2046,2049,2051,2048" sx="F,M,M,M"/><TAIKYOKU oya="0"/><INIT seed="0,0,0,2,5,126" ten="250,250,250,250" oya="0" hai0="12,60,48,135,112,71,70,72,121,123,108,57,96" hai1="66,38,10,97,2,127,105,85,113,26,64,118,111" hai2="39,76,0,63,95,28,1,88,73,17,29,59,11" hai3="133,20,62,67,117,55,78,130,13,56,91,114,53" shuffle="mt19937ar,4F65837E,BBE43BCA,54F41404,999AF157,4A972836,0FB35CA5,0B2A785D,ABCD547F"/><T6/><D72/><U58/><E38/><V36/><F76/><W90/><G117/><T7/><D112/><U101/><E118/><V21/><F73/><W75/><G114/><T87/><D135/><U125/><E113/><V77/><F77/><W92/><G133/><T81/><D48/><U122/><E122/><V103/><F103/><W27/><G130/><T49/><D49/><U24/><E111/><V41/><F41/><W9/><G78/><T50/><D50/><U47/><E47/><V106/><F106/><W115/><G115/><T35/><D35/><U86/><E2/><V33/><F39/><W5/><G75/><T84/><D108/><U30/><E10/><V19/><F36/><W42/><G42/><T134/><D134/><U4/><E4/><V79/><F79/><W80/><G80/><T119/><D119/><U98/><E58/><V61/><F33/><W15/><G15/><T32/><D32/><U22/><E97/><V3/><F11/><W94/><G94/><T99/><D12/><U116/><E116/><V16/><F21/><W120/><G120/><T93/><D57/><U40/><E26/><V69/><F69/><W54/><REACH who="3" step="1"/><G92/><REACH who="3" step="2"/><T128/><D93/><U65/><REACH who="1" step="1"/><E40/><REACH who="1" step="2"/><V37/><F37/><W68/><G68/><T102/><D121/><U51/><E51/><V43/><F43/><W74/><G74/><T83/><D123/><U107/><E107/><V129/><F129/><W131/><G131/><T14/><D128/><U44/><E44/><V132/><F132/><W34/><G34/><T82/><D60/><N who="2" m="23114" /><F59/><W8/><G8/><RYUUKYOKU ba="0,2" sc="250,-30,240,10,250,10,240,10" hai1="22,24,30,64,65,66,85,86,98,101,105,125,127" hai2="0,1,3,16,17,19,28,29,88,95" hai3="5,9,13,20,27,53,54,55,56,62,67,90,91" /><INIT seed="1,1,2,3,5,97" ten="220,250,260,250" oya="1" hai0="2,75,129,80,93,20,19,90,95,38,83,69,99" hai1="13,78,125,81,88,126,21,45,86,60,40,106,118" hai2="56,59,55,29,112,67,14,36,24,6,39,43,54" hai3="31,103,22,120,119,72,94,100,104,35,121,5,27" shuffle="mt19937ar,E2A0A8A8,05385C76,04BFBC28,7D588CEB,DC0EDDE7,441E39E5,A76A69FE,CF8D042E"/><U8/><E106/><V85/><F112/><W128/><G72/><T53/><D2/><U4/><E118/><V3/><F3/><W28/><G104/><T44/><D69/><U1/><E60/><V74/><F74/><W68/><G68/><T12/><D75/><U64/><E64/><V63/><F43/><W76/><G76/><T124/><D124/><N who="1" m="47723" /><E21/><V117/><F117/><W79/><G79/><T32/><D32/><U11/><E78/><V37/><F85/><W33/><G119/><T65/><D65/><U25/><E25/><V49/><F67/><W42/><G42/><T30/><D30/><U110/><E110/><V18/><F6/><W41/><G41/><T71/><D71/><U111/><E111/><V58/><F58/><W116/><G5/><T15/><D38/><N who="1" m="21655" /><E11/><V48/><F63/><W82/><G116/><T108/><D108/><U109/><E109/><V16/><REACH who="2" step="1"/><F14/><AGARI ba="1,2" hai="1,4,8,13,14,81,86,88" m="21655,47723" machi="14" ten="30,2900,0" yaku="18,1,54,1" doraHai="97" who="1" fromWho="2" sc="220,0,250,52,260,-32,250,0" /><INIT seed="1,2,0,5,3,91" ten="220,302,228,250" oya="1" hai0="55,44,22,76,14,49,94,32,38,64,30,37,132" hai1="81,66,108,117,115,58,102,17,15,7,1,97,33" hai2="26,128,47,68,59,65,0,73,125,34,56,101,127" hai3="72,29,43,89,74,107,87,70,51,6,60,79,69" shuffle="mt19937ar,3CB4FFA2,E7A84104,17C9EA84,9FA7E136,94767624,5ED08B1C,3BB8616E,5BF56377"/><U99/><E33/><V71/><F73/><W28/><G107/><T109/><D109/><U19/><E117/><V8/><F128/><W61/><G6/><T24/><D132/><U84/><E115/><V135/><F135/><W131/><G131/><T124/><D124/><N who="2" m="47690" /><F47/><W42/><G89/><T82/><D64/><U78/><E108/><V85/><F85/><W129/><G129/><T113/><D113/><U120/><E97/><V9/><F101/><W130/><G130/><T133/><D133/><U104/><E1/><V62/><F56/><W96/><G96/><T50/><D50/><U3/><E3/><V110/><F110/><W119/><G51/><T100/><D32/><U53/><E66/><V93/><F93/><W16/><G87/><T114/><D114/><U20/><E120/><V118/><F118/><W11/><G119/><T126/><D14/><U88/><E78/><V90/><F90/><W40/><G40/><T52/><D55/><U67/><E67/><V98/><F98/><W41/><G41/><T122/><D126/><U105/><E105/><V121/><F121/><W48/><G48/><T25/><D122/><U111/><E111/><V2/><F34/><W95/><G95/><T83/><D83/><U92/><E104/><V4/><F26/><W5/><G79/><T134/><D24/><U10/><E20/><V39/><F39/><W45/><G72/><N who="0" m="43271" /><D134/><U31/><E31/><V86/><F86/><W103/><G74/><T23/><D23/><U21/><E21/><V46/><F46/><W36/><G45/><T75/><D75/><U106/><E106/><RYUUKYOKU ba="2,0" sc="220,10,302,10,228,10,250,-30" hai0="22,25,30,37,38,44,49,52,94,100" hai1="7,10,15,17,19,53,58,81,84,88,92,99,102" hai2="0,2,4,8,9,59,62,65,68,71" /><INIT seed="1,3,0,1,4,105" ten="230,312,238,220" oya="1" hai0="135,30,66,41,18,86,67,113,121,95,133,98,34" hai1="19,70,103,131,55,87,17,4,104,40,68,77,106" hai2="93,36,124,42,47,39,83,54,110,102,101,35,38" hai3="111,12,82,132,97,44,52,7,8,92,2,27,15" shuffle="mt19937ar,62E9805F,C101F894,A004ABFF,52019CD2,97E4B875,403A5056,EB2BAEA8,1FB9D8F3"/><U48/><E40/><V21/><F35/><W33/><G132/><N who="0" m="50763" /><D113/><U85/><E4/><V78/><F110/><W127/><G111/><T57/><D41/><U20/><E131/><V73/><F124/><W72/><G127/><T64/><D86/><U29/><E29/><V119/><F119/><W28/><G82/><T108/><D108/><U26/><E103/><V75/><F54/><W84/><G84/><T114/><D114/><U116/><E116/><V37/><F93/><W129/><G129/><T90/><D121/><U51/><E20/><V79/><F21/><W58/><G44/><T134/><D134/><U59/><E26/><V65/><REACH who="2" step="1"/><F65/><REACH who="2" step="2"/><W11/><G11/><T122/><D122/><U45/><E55/><V43/><F43/><W115/><G115/><T60/><D18/><U74/><E17/><V53/><F53/><W25/><G25/><AGARI ba="3,1" hai="25,30,34,57,60,64,66,67,90,95,98" m="50763" machi="25" ten="30,1000,0" yaku="20,1" doraHai="105" who="0" fromWho="3" sc="230,29,312,0,228,0,220,-19" /><INIT seed="2,0,0,3,3,0" ten="259,312,228,201" oya="2" hai0="91,127,33,125,17,44,31,32,76,70,65,77,6" hai1="92,103,22,74,80,134,4,64,42,47,36,59,88" hai2="109,71,87,115,131,67,5,101,2,126,49,102,61" hai3="55,124,20,35,3,27,104,29,56,30,83,12,54" shuffle="mt19937ar,82BE5BA5,0A656A9D,343FF50D,753A14C9,02A32EBB,D483D2FE,C59347D6,9415D032"/><V15/><F115/><W60/><G104/><T130/><D44/><U13/><E103/><V11/><F126/><N who="0" m="48138" /><D65/><U108/><E134/><V16/><F131/><W25/><G124/><T121/><D70/><U129/><E129/><V96/><F109/><W51/><G3/><T86/><D130/><U84/><E108/><V24/><F24/><W110/><G110/><T8/><D17/><U114/><E114/><V14/><F49/><W100/><G100/><T123/><D123/><U41/><E41/><V26/><F26/><W23/><G35/><N who="0" m="13387" /><D31/><U116/><E116/><V45/><F45/><W7/><G83/><N who="0" m="49631" /><D121/><U1/><E64/><V38/><F38/><W107/><G107/><T19/><D19/><U28/><E59/><V75/><F75/><W50/><REACH who="3" step="1"/><G55/><REACH who="3" step="2"/><T9/><D9/><AGARI ba="0,1" hai="7,9,12,20,23,25,27,29,30,50,51,54,56,60" machi="9" ten="40,8000,1" yaku="1,1,2,1,9,1,8,1,52,1,53,0" doraHai="0" doraHaiUra="68" who="3" fromWho="0" sc="259,-80,312,0,228,0,191,90" /><INIT seed="3,0,0,5,3,69" ten="179,312,228,281" oya="3" hai0="38,98,84,130,78,46,135,42,131,14,17,36,37" hai1="65,70,125,39,94,89,35,105,52,21,101,124,32" hai2="9,6,120,92,117,48,15,47,91,122,40,115,97" hai3="128,82,86,63,80,111,3,93,57,77,123,106,114" shuffle="mt19937ar,17D5CD04,074ED9A2,24B095AA,644EA371,512FF1FA,EEA2E54D,7B08BC34,CBE31FFE"/><W103/><G123/><T29/><D135/><U112/><E39/><V127/><F117/><W134/><G3/><T116/><D116/><U22/><E112/><V66/><F115/><W107/><G114/><T51/><D29/><U71/><E101/><V5/><F127/><N who="1" m="48713" /><E105/><V34/><F34/><N who="1" m="12841" /><E52/><V19/><REACH who="2" step="1"/><F66/><REACH who="2" step="2"/><W41/><G134/><T12/><D98/><N who="1" m="57679" /><E65/><V49/><F49/><W83/><G107/><T24/><D24/><U61/><E61/><V28/><F28/><W113/><G106/><T73/><D73/><U30/><E30/><V85/><F85/><W4/><G86/><T50/><D50/><U59/><E59/><V126/><F126/><W23/><G57/><T64/><D64/><U88/><E88/><V55/><F55/><W13/><G63/><T44/><D44/><U108/><E108/><V119/><F119/><W102/><G111/><T118/><D118/><U132/><E132/><V7/><AGARI ba="0,1" hai="5,6,7,9,15,19,40,47,48,91,92,97,120,122" machi="7" ten="30,2000,0" yaku="1,1,0,1,53,0" doraHai="69" doraHaiUra="100" who="2" fromWho="2" sc="179,-5,312,-5,218,30,281,-10" owari="174,-23,307,31,248,-10,271,2" /></mjloggm>