<mjloggm ver="2.3"><GO type="225"/><UN n0="%E3%82%AF%E3%83%AB%E3%83%AB%E2%98%86" n1="%E9%95%B7%E6%9D%91%E3%83%93%E3%83%83%E3%82%B0" n2="%E9%9B%B2%E9%9B%80%E6%81%AD%E5%BC%A5" n3="%E3%82%88%E3%81%A3%E3%81%A1" dan="16,16,17,16" rate="2061,2066,2178,2072" sx="F,M,M,M"/><TAIKYOKU oya="0"/><INIT seed="0,0,0,4,0,71" ten="250,250,250,250" oya="0" hai0="76,47,98,70,116,6,22,32,117,62,7,59,124" hai1="91,90,0,9,128,65,25,56,21,10,104,54,122" hai2="39,45,84,135,123,17,44,133,74,51,102,5,41" hai3="80,63,99,105,29,87,46,3,16,30,33,69,118" shuffle="mt19937ar,C18733C4,92C3957A,0A345795,A60B656A,6A9BC22E,155D6506,918536E5,35C42B94"/><T58/><D32/><U43/><E122/><V1/><F123/><W14/><G3/><T64/><D124/><U89/><E104/><V42/><F74/><W94/><G118/><T67/><D76/><U4/><E128/><V19/><F102/><W66/><G46/><T61/><D70/><U78/><E78/><V15/><F84/><W86/><G105/><T52/><D98/><U53/><E43/><V36/><F51/><W134/><G134/><N who="2" m="51209" /><F1/><W96/><G96/><T100/><D100/><U108/><E108/><V113/><F113/><W11/><G33/><T107/><D107/><U109/><E109/><V8/><AGARI ba="0,0" hai="5,8,15,17,19,36,39,41,42,44,45" m="51209" machi="8" ten="30,4000,0" yaku="20,1,52,2" doraHai="71" who="2" fromWho="2" sc="250,-20,250,-10,250,40,250,-10" /><INIT seed="1,0,0,3,3,7" ten="230,240,290,240" oya="1" hai0="127,71,3,81,112,51,45,107,84,22,117,43,55" hai1="38,32,60,23,44,62,94,41,39,20,128,12,126" hai2="89,42,64,86,105,88,56,121,63,57,103,91,118" hai3="129,131,19,134,59,48,102,119,46,101,97,104,35" shuffle="mt19937ar,B100B0AD,14D84A9D,D832E299,E34986EB,91BB8836,C14F2E69,E856A964,1B05C21F"/><U28/><E39/><V135/><F121/><W122/><G35/><T27/><D112/><U37/><E37/><V92/><F118/><W29/><G119/><T68/><D107/><U133/><E133/><V50/><F135/><W69/><G69/><T114/><D114/><U67/><E128/><V109/><F109/><W13/><G134/><T34/><D34/><U98/><E126/><V14/><F105/><W85/><G102/><T52/><D117/><U1/><E1/><V95/><F103/><W49/><G29/><T110/><D110/><U53/><E53/><V99/><F91/><W2/><G2/><T116/><D116/><U33/><E60/><V66/><F14/><W24/><G24/><T65/><D3/><U17/><E23/><V130/><F130/><W31/><G31/><T26/><D127/><U6/><E6/><V8/><F8/><W82/><G59/><T61/><D71/><U76/><E76/><V87/><F99/><W4/><G49/><T132/><D132/><U83/><E83/><V111/><F111/><W74/><G74/><T115/><D115/><U78/><E78/><V40/><F50/><W120/><G129/><T9/><D9/><U15/><E28/><V79/><F79/><N who="3" m="46303" /><G131/><T30/><REACH who="0" step="1"/><D27/><REACH who="0" step="2"/><U80/><E33/><V18/><F18/><W75/><G19/><T100/><D100/><N who="1" m="60503" /><E32/><V113/><F113/><W54/><G75/><T70/><D70/><N who="1" m="42359" /><E12/><V25/><F25/><W108/><G108/><T73/><D73/><U21/><E21/><V0/><F0/><W72/><G72/><T106/><D106/><U77/><E77/><AGARI ba="0,1" hai="22,26,30,43,45,51,52,55,61,65,68,77,81,84" machi="77" ten="30,7700,0" yaku="1,1,6,1,7,1,54,1,53,0" doraHai="7" doraHaiUra="96" who="0" fromWho="1" sc="220,87,240,-77,290,0,240,0" /><INIT seed="2,0,0,1,0,125" ten="307,163,290,240" oya="2" hai0="97,122,66,49,52,39,59,32,120,34,88,105,100" hai1="77,16,50,91,123,80,69,37,20,133,104,131,132" hai2="89,90,68,60,2,87,121,22,28,26,38,44,98" hai3="54,103,71,58,10,83,128,9,107,43,15,4,75" shuffle="mt19937ar,38B41E8E,ECC8D1F2,83FDE27E,13CC885F,FC438B65,023FC8A8,A78C8445,372E0BED"/><V55/><F121/><W126/><G71/><T8/><D39/><U114/><E114/><V48/><F2/><W61/><G126/><T42/><D42/><U84/><E37/><V85/><F38/><W116/><G116/><T86/><D66/><U92/><E69/><V117/><F117/><W63/><G43/><T0/><D34/><U36/><E36/><V135/><F135/><N who="1" m="51785" /><E104/><V21/><F21/><W109/><G109/><T124/><D32/><U11/><E11/><V6/><F6/><W118/><G118/><T134/><D124/><U102/><E102/><V3/><F3/><W33/><G33/><T112/><D134/><U70/><E50/><V73/><F73/><W51/><G103/><T12/><D0/><U111/><E70/><V40/><F68/><W113/><G107/><T1/><D1/><U81/><E111/><V46/><F46/><W101/><G101/><T56/><D112/><U18/><E123/><V74/><F74/><W95/><G113/><T119/><D59/><U41/><E41/><V110/><F110/><W29/><G58/><T129/><D119/><U76/><E80/><V108/><F108/><W96/><G83/><T27/><D122/><U94/><E94/><N who="2" m="56663" /><F89/><W64/><G95/><T45/><D120/><U78/><E92/><V24/><F24/><W99/><G10/><T57/><D105/><U5/><E5/><V30/><F30/><W25/><G4/><T65/><D27/><N who="1" m="14727" /><E18/><V79/><F79/><N who="1" m="20225" /><U93/><DORA hai="53" /><E93/><V14/><F14/><W17/><G15/><T62/><D12/><U130/><AGARI ba="0,0" hai="81,84,91,130,131" m="20225,14727,51785" machi="130" ten="40,8000,1" yaku="20,1,52,2,54,1" doraHai="125,53" who="1" fromWho="1" sc="307,-20,163,80,290,-40,240,-20" /><INIT seed="3,0,0,5,5,75" ten="287,243,250,220" oya="3" hai0="18,77,44,40,109,3,41,45,62,126,60,110,95" hai1="89,57,52,53,14,47,55,22,120,113,130,133,107" hai2="134,91,68,7,30,85,11,78,92,37,64,48,38" hai3="72,28,125,74,122,12,32,13,56,19,33,51,88" shuffle="mt19937ar,87D00103,A9C7F23A,6FE30183,F220D724,FC98770F,4D6AA903,1735FA00,FA81B9DD"/><W90/><G122/><T2/><D126/><U93/><E113/><V115/><F115/><W1/><G1/><T96/><D18/><N who="1" m="10583" /><E107/><V17/><F134/><W43/><G125/><T15/><D15/><U80/><E133/><V63/><F30/><W118/><G118/><T108/><D77/><U31/><E130/><V105/><F105/><W50/><G19/><T4/><D4/><U69/><E69/><V34/><F34/><W106/><G106/><T129/><D129/><U67/><E120/><V73/><F17/><W25/><G43/><T76/><D76/><U35/><E35/><V65/><F65/><W87/><G56/><T112/><D112/><U121/><E121/><V24/><F24/><W82/><G82/><T128/><D128/><U98/><E31/><V6/><F48/><W5/><G28/><T123/><D123/><U39/><E39/><V132/><F132/><W61/><G61/><T42/><D2/><U124/><E124/><V100/><F100/><W0/><G0/><T54/><D3/><U49/><E80/><V111/><F111/><W59/><G59/><N who="0" m="34935" /><D62/><AGARI ba="0,0" hai="47,49,52,53,55,57,62,67,89,93,98" m="10583" machi="62" ten="30,2000,0" yaku="8,1,54,1" doraHai="75" who="1" fromWho="0" sc="287,-20,243,20,250,0,220,0" /><INIT seed="4,0,0,5,1,31" ten="267,263,250,220" oya="0" hai0="24,11,85,96,35,106,102,16,49,54,116,9,50" hai1="135,26,99,69,121,98,72,120,6,4,105,13,17" hai2="104,87,46,53,83,34,33,41,73,67,52,111,37" hai3="101,93,71,89,58,86,108,45,63,29,64,103,80" shuffle="mt19937ar,A7975E05,208A0BF9,80F467FE,5973053F,F6677CB0,C6B41BF1,948F02BD,A425DAFA"/><T56/><D116/><U114/><E72/><V128/><F111/><W74/><G108/><T130/><D130/><U51/><E69/><V94/><F104/><W122/><G122/><T5/><D85/><U32/><E51/><V88/><F128/><W36/><G71/><T119/><D119/><U109/><E109/><V77/><REACH who="2" step="1"/><F67/><REACH who="2" step="2"/><W8/><G64/><T10/><D5/><U125/><E105/><V79/><F79/><W84/><G101/><T22/><REACH who="0" step="1"/><D35/><AGARI ba="0,1" hai="33,34,35,37,41,46,52,53,73,77,83,87,88,94" machi="35" ten="40,12000,2" yaku="1,1,52,3,54,2,53,0" doraHai="31" doraHaiUra="2" who="2" fromWho="0" sc="267,-120,263,0,240,130,220,0" owari="147,-25,263,1,370,37,220,-13" /></mjloggm>