<mjloggm ver="2.3"><GO type="185"/><UN n0="%E5%83%8D%E3%81%8D%E3%81%9F%E3%81%8F%E3%81%AA%E3%81%84" n1="%E5%8D%81%E5%85%AD%E5%A4%9C%E2%80%A0%E5%92%B2%E5%A4%9C" n2="%E3%81%9F%E3%82%80%E3%81%A8%E3%83%BC" n3="" dan="17,16,16,0" rate="2218,2142,2150,1500" sx="M,F,M,C"/><TAIKYOKU oya="0"/><INIT seed="0,0,0,0,2,111" ten="350,350,350,0" oya="0" hai0="61,112,114,66,36,74,38,47,122,50,80,60,33" hai1="53,45,3,39,69,118,91,71,84,89,75,65,44" hai2="82,121,42,40,120,90,117,88,57,37,78,113,81" hai3="" shuffle="mt19937ar,C78716C7,16B99BC3,D2EAEFFB,B940C6E5,F6A32D05,B4ECBE04,C3612F99,D95595E5"/><T0/><N who="0" m="31264" /><T70/><D33/><U49/><E75/><V76/><N who="2" m="30752" /><V134/><N who="2" m="31008" /><V116/><F37/><N who="0" m="14442" /><D74/><U2/><E118/><N who="2" m="45675" /><F57/><T43/><D80/><N who="2" m="30826" /><F113/><N who="0" m="43626" /><D0/><U129/><E129/><V130/><F134/><T48/><D61/><U127/><E127/><V54/><F54/><T107/><D107/><U102/><E102/><V58/><F58/><T35/><D35/><U128/><E128/><V131/><F131/><T133/><D50/><U115/><E49/><V123/><N who="2" m="31520" /><V110/><F110/><T124/><D124/><U77/><E39/><V93/><F93/><T94/><D94/><U1/><E3/><V68/><F68/><T67/><D67/><U52/><E65/><V103/><F103/><T79/><D79/><N who="2" m="30250" /><F130/><T97/><D97/><U92/><E69/><V119/><F119/><T59/><D133/><U105/><E115/><V96/><F96/><T55/><D43/><AGARI ba="0,0" hai="40,42,43,88,90" m="30250,31520,30826,45675,31008,30752" machi="43" ten="30,12000,2" yaku="28,2,12,1,52,3,54,1" doraHai="111" who="2" fromWho="0" sc="350,-120,350,0,350,120,0,0" /><INIT seed="1,0,0,3,1,112" ten="230,350,470,0" oya="1" hai0="130,121,73,114,86,134,77,76,38,125,47,63,46" hai1="1,110,111,113,52,108,72,33,83,103,107,45,128" hai2="93,135,96,50,129,119,89,32,118,71,87,79,126" hai3="" shuffle="mt19937ar,BEC80A59,301AD8C4,4B74448F,32ED6046,D3A335ED,57658DEE,6F1683A1,679EA865"/><U70/><E1/><V51/><F32/><T99/><N who="0" m="31008" /><T97/><D114/><U90/><E33/><V105/><F71/><T80/><D134/><U78/><E70/><V95/><F135/><T34/><D34/><U48/><E113/><V40/><F129/><T132/><D130/><U65/><E128/><V124/><F40/><T117/><D132/><U109/><N who="1" m="27648" /><DORA hai="44" /><U82/><E65/><V92/><F79/><T56/><D125/><N who="2" m="48234" /><F105/><T67/><D73/><U102/><REACH who="1" step="1"/><E107/><REACH who="1" step="2"/><V35/><F35/><T84/><D67/><U81/><E81/><V69/><F69/><T94/><D80/><U61/><E61/><V59/><F93/><T2/><D63/><U53/><E53/><V85/><F95/><T101/><D94/><U43/><E43/><V127/><F127/><T100/><D2/><U122/><N who="1" m="31264" /><U91/><E91/><V120/><N who="2" m="30752" /><V115/><F115/><T123/><N who="0" m="31520" /><T66/><D66/><U104/><E104/><V55/><F50/><T131/><D131/><U68/><E68/><V62/><F62/><T49/><D49/><U75/><E75/><V133/><F133/><T88/><D88/><U41/><E41/><V64/><F64/><T36/><D36/><U3/><E3/><RYUUKYOKU ba="0,1" sc="230,-20,340,10,470,10,0,0" hai1="45,48,52,72,78,82,83,90,102,103" hai2="51,55,59,85,87,89,92,96,118,119" /><INIT seed="1,1,1,2,5,88" ten="210,350,480,0" oya="1" hai0="50,103,130,55,47,109,118,66,84,56,37,57,92" hai1="86,104,80,39,117,81,59,46,96,35,38,77,127" hai2="54,76,83,74,110,107,123,49,48,87,90,78,72" hai3="" shuffle="mt19937ar,0AE06225,29A77A9B,D9793939,7DD3881D,CF6AF21A,68D8B9E6,C0472BC0,7A68BFD7"/><U112/><E35/><V63/><N who="2" m="31520" /><V62/><F107/><T69/><D130/><U126/><E112/><V51/><F110/><T105/><D109/><U73/><E117/><V129/><F129/><T133/><D118/><U71/><E71/><V115/><F115/><T79/><D133/><U82/><E59/><V40/><F40/><T34/><D34/><U120/><N who="1" m="30752" /><U33/><E33/><V70/><F70/><T60/><D105/><U119/><E119/><V94/><F54/><T65/><D65/><U93/><E104/><V116/><F116/><T67/><D67/><U41/><E39/><V124/><F124/><N who="1" m="47657" /><E73/><V58/><F58/><T108/><D108/><U44/><E44/><V135/><F135/><T95/><D57/><U43/><E43/><V121/><N who="2" m="31008" /><V2/><F2/><T32/><D32/><U100/><AGARI ba="1,1" hai="38,41,46,77,80,81,82,86,93,96,100" m="47657,30752" machi="100" ten="30,4000,0" yaku="18,1,52,2" doraHai="88" who="1" fromWho="1" sc="210,-21,350,52,480,-21,0,0" /><INIT seed="1,2,0,1,5,94" ten="189,402,459,0" oya="1" hai0="43,76,67,1,109,38,35,100,91,87,123,55,71" hai1="59,85,57,81,34,132,133,42,70,90,45,99,54" hai2="125,121,74,51,95,80,40,37,41,128,77,66,64" hai3="" shuffle="mt19937ar,0A5840EA,ADB9C525,47D2C613,1F97B40D,34AF7711,1EF9FD71,E0DCFE75,4F000E58"/><U118/><E34/><V102/><N who="2" m="31008" /><V96/><F37/><T0/><N who="0" m="31520" /><T120/><N who="0" m="30752" /><T89/><D35/><U73/><E70/><V60/><F125/><T119/><D119/><U62/><E118/><V97/><F128/><T116/><D116/><U114/><E73/><V117/><F117/><T48/><D109/><U83/><E114/><V46/><F41/><T93/><D100/><U122/><N who="1" m="31264" /><U106/><E83/><V112/><F112/><T111/><D76/><U75/><E75/><V98/><F66/><T92/><D111/><U124/><E124/><V78/><F78/><T36/><D43/><U79/><E57/><AGARI ba="2,0" hai="40,46,51,57,60,64,74,77,80,95,96,97,98,102" m="31008" machi="57" ten="30,8000,1" yaku="7,1,52,4" doraHai="94" who="2" fromWho="1" sc="189,0,402,-84,459,84,0,0" /><INIT seed="2,0,0,5,1,77" ten="189,318,543,0" oya="2" hai0="98,100,51,112,128,47,32,45,85,84,88,73,62" hai1="106,57,102,49,50,66,34,127,3,117,120,60,41" hai2="64,134,0,2,48,110,103,70,46,55,58,52,97" hai3="" shuffle="mt19937ar,1EB789A0,10263ED9,1E7EA94A,108A3CC1,7B04FBA2,30E13A32,C92DEF12,DED540C3"/><V59/><F0/><T72/><D32/><U86/><N who="1" m="30752" /><U87/><E3/><V96/><F2/><T108/><D108/><U38/><E34/><V39/><F110/><T44/><D128/><U54/><E117/><V93/><F134/><T82/><D112/><U113/><E113/><V80/><F70/><T91/><D62/><U114/><E114/><V107/><F64/><T92/><REACH who="0" step="1"/><D51/><REACH who="0" step="2"/><U42/><E50/><V68/><F39/><T122/><N who="0" m="31264" /><T65/><D65/><U40/><E38/><V109/><F109/><T116/><D116/><U89/><E66/><V76/><F68/><T105/><AGARI ba="0,1" hai="44,45,47,72,73,82,84,85,88,91,92,98,100,105" m="31264" machi="105" ten="30,6000,1" yaku="1,1,0,1,52,2,54,1,53,0" doraHai="77" doraHaiUra="67" who="0" fromWho="0" sc="179,70,318,-20,543,-40,0,0" /><INIT seed="4,0,0,2,5,34" ten="249,298,503,0" oya="0" hai0="105,97,91,87,58,75,130,109,79,116,114,101,104" hai1="94,76,45,48,93,47,110,92,40,129,102,44,83" hai2="36,69,73,61,0,98,60,113,96,3,118,57,124" hai3="" shuffle="mt19937ar,843BFFE7,7303540A,BB3D258C,FF020538,4134810F,67742AC8,F8FD0009,5B03F95E"/><T108/><D58/><U86/><E110/><N who="0" m="42601" /><D116/><U32/><E32/><V100/><F36/><T72/><D130/><U2/><E129/><V38/><F38/><T95/><D114/><U78/><E102/><V59/><F73/><N who="0" m="28234" /><D79/><U55/><E2/><V39/><F39/><T51/><D51/><U106/><E106/><AGARI ba="0,0" hai="87,91,95,97,101,104,105,106" m="28234,42601" machi="106" ten="30,5800,0" yaku="10,1,34,2" doraHai="34" who="0" fromWho="1" sc="249,58,298,-58,503,0,0,0" /><INIT seed="4,1,0,3,1,135" ten="307,240,503,0" oya="0" hai0="88,93,76,89,101,73,112,77,84,120,125,3,51" hai1="108,134,103,91,46,111,85,86,82,90,115,107,57" hai2="131,67,1,58,123,61,63,66,35,72,121,81,127" hai3="" shuffle="mt19937ar,96721E28,6F87DE38,C4678CC2,FCF4DFB4,428FE9D8,F3E6DBC0,A6438481,74D19A34"/><T71/><N who="0" m="30752" /><T110/><D71/><U109/><E57/><V39/><F1/><T80/><D3/><U102/><E46/><V45/><F35/><T42/><D112/><U94/><E115/><V87/><N who="2" m="31008" /><V79/><N who="2" m="31520" /><V119/><F127/><T52/><D125/><U106/><REACH who="1" step="1"/><E134/><REACH who="1" step="2"/><V65/><F58/><T49/><D42/><U55/><E55/><V68/><F45/><T130/><D52/><U118/><E118/><V53/><F119/><T41/><D41/><U64/><E64/><V33/><F66/><T129/><D49/><U122/><N who="1" m="31264" /><U128/><E128/><V96/><F131/><T132/><D51/><U105/><AGARI ba="1,1" hai="82,85,86,90,91,94,102,103,105,106,107,108,109,111" m="31264" machi="105" ten="40,9000,2" yaku="1,1,0,1,34,3,52,1,53,0" doraHai="135" doraHaiUra="36" who="1" fromWho="1" sc="307,-61,230,102,503,-31,0,0" /><INIT seed="5,0,0,3,5,102" ten="246,332,472,0" oya="1" hai0="106,124,74,49,100,59,2,56,94,43,39,61,81" hai1="121,84,45,35,34,105,46,36,86,117,116,42,79" hai2="118,50,101,40,83,120,108,67,114,76,109,66,62" hai3="" shuffle="mt19937ar,F4F21412,CCC8B25E,59D2563E,2F4776C6,5B927FE4,236E60E2,B067409D,ED78669E"/><U80/><N who="1" m="31008" /><U54/><E86/><V3/><F118/><T0/><D124/><U60/><E105/><V99/><F3/><T72/><D39/><U103/><E103/><V57/><N who="2" m="30752" /><V98/><F114/><T73/><D94/><U132/><E132/><V88/><F66/><T44/><D81/><U97/><E97/><V123/><N who="2" m="31520" /><V135/><F135/><T119/><D119/><U85/><E85/><V77/><F77/><T82/><D82/><U47/><E60/><V33/><F33/><T122/><N who="0" m="31264" /><T63/><D59/><U128/><E128/><V52/><F98/><T32/><D32/><U38/><E117/><V96/><F96/><T131/><D131/><U113/><E116/><V126/><F88/><T55/><D100/><U71/><E113/><V111/><F101/><T93/><D93/><U112/><E112/><V125/><F99/><T75/><N who="0" m="18432" /><DORA hai="53" /><T104/><REACH who="0" step="1"/><D61/><REACH who="0" step="2"/><U134/><E35/><V48/><F83/><T107/><AGARI ba="0,1" hai="0,2,43,44,49,55,56,63,104,106,107" m="18432,31264" machi="107" ten="70,12000,3" yaku="1,1,2,1,0,1,52,5,53,2" doraHai="102,53" doraHaiUra="41,51" who="0" fromWho="0" sc="236,130,332,-80,472,-40,0,0" /><INIT seed="6,0,0,0,2,59" ten="366,252,432,0" oya="2" hai0="119,116,62,2,87,132,53,66,114,97,103,43,88" hai1="125,39,118,96,86,71,63,70,1,48,0,73,58" hai2="79,80,61,102,3,44,81,35,67,110,76,109,135" hai3="" shuffle="mt19937ar,6743AAED,12570316,49B09441,698D3FDF,A4F61679,F6652A60,65A164B2,DB9294E1"/><V50/><F3/><T55/><D2/><U57/><E73/><V98/><F35/><T68/><D132/><U94/><E39/><V134/><F50/><T37/><D114/><U42/><E118/><V100/><F44/><T64/><D119/><U77/><E125/><V74/><F61/><T84/><D84/><U91/><E71/><V129/><F67/><T99/><D99/><U95/><E70/><V52/><F52/><T45/><D66/><U46/><E58/><V108/><F129/><T111/><D111/><U113/><E113/><V51/><F51/><T120/><N who="0" m="30752" /><T54/><D116/><U101/><REACH who="1" step="1"/><E77/><REACH who="1" step="2"/><V104/><F102/><T93/><D55/><AGARI ba="0,1" hai="0,1,42,46,48,55,57,63,86,91,94,95,96,101" machi="55" ten="30,7700,0" yaku="1,1,2,1,7,1,52,1,53,0" doraHai="59" doraHaiUra="69" who="1" fromWho="0" sc="366,-77,242,87,432,0,0,0" owari="289,-31,329,-7,432,38,0,0" /></mjloggm>