<mjloggm ver="2.3"><GO type="225"/><UN n0="%E3%83%9C%E3%83%84" n1="%E5%88%BB%E5%AD%90%E5%B8%82%E6%B0%91" n2="%E3%81%B6%E3%81%A3%E3%81%A8%E3%81%B3%E4%BE%8D" n3="%E3%80%93%E3%81%84%E3%81%A1%E3%81%AF%E3%82%89%E3%80%93" dan="16,17,16,16" rate="2044,2128,2081,2044" sx="M,M,M,M"/><TAIKYOKU oya="0"/><INIT seed="0,0,0,5,2,58" ten="250,250,250,250" oya="0" hai0="93,69,23,14,13,91,124,61,102,1,39,24,44" hai1="126,113,86,83,32,6,51,40,107,110,135,45,68" hai2="71,10,63,46,2,67,54,38,21,125,53,33,105" hai3="50,88,47,96,89,106,95,17,78,104,98,81,37" shuffle="mt19937ar,51189FED,FC82DB54,733C5506,EA52B97B,35B17534,1A87F80A,FD8E4F61,9EF7BA81"/><T103/><D1/><U5/><E113/><V92/><F33/><W28/><G37/><T15/><D124/><U77/><E126/><V94/><F105/><W108/><G28/><T100/><D39/><U121/><E121/><V8/><F125/><W70/><G70/><T99/><D44/><U60/><E110/><V134/><F134/><W34/><G34/><T43/><D43/><U128/><E135/><V119/><F119/><W122/><G122/><T80/><D80/><U62/><E68/><V117/><F117/><W12/><G108/><T116/><D116/><U130/><E107/><V79/><F21/><W19/><G19/><N who="0" m="12415" /><D69/><U11/><E32/><V29/><F29/><W36/><G36/><T7/><D7/><N who="1" m="2571" /><E11/><V9/><F2/><W72/><G98/><T82/><D82/><U59/><E59/><V109/><F109/><W123/><G89/><T31/><D31/><U56/><E56/><V35/><F35/><W41/><REACH who="3" step="1"/><G123/><REACH who="3" step="2"/><T129/><D129/><AGARI ba="0,1" hai="40,45,51,60,62,77,83,86,128,129,130" m="2571" machi="129" ten="30,3900,0" yaku="19,1,52,2" doraHai="58" who="1" fromWho="0" sc="250,-39,250,49,250,0,240,0" /><INIT seed="1,0,0,0,2,33" ten="211,299,250,240" oya="1" hai0="93,27,35,84,122,98,50,114,69,97,2,104,60" hai1="36,42,74,116,117,112,64,76,14,134,71,103,135" hai2="111,43,11,54,101,65,53,91,133,127,132,38,24" hai3="73,81,130,7,45,47,79,96,32,49,75,115,110" shuffle="mt19937ar,A51B58A6,08C0DB57,FB1FE23A,88046B52,0DD6F2B0,8BB04B88,33097104,0D415D40"/><U88/><E112/><V48/><F101/><W100/><G115/><T59/><D114/><U90/><E103/><V123/><F24/><W44/><G110/><T77/><D122/><U119/><E76/><V129/><F91/><W22/><G32/><T9/><D69/><U8/><E74/><V31/><F31/><W131/><G73/><T120/><D120/><U16/><E42/><V4/><F123/><W10/><G22/><T105/><D50/><U102/><E36/><V67/><F111/><W121/><G121/><T86/><D35/><U15/><E102/><V89/><F89/><W55/><G131/><T124/><D27/><U63/><E15/><V107/><F107/><W1/><REACH who="3" step="1"/><G130/><REACH who="3" step="2"/><T62/><D124/><U41/><E41/><V12/><F127/><W83/><G83/><T21/><D21/><U92/><REACH who="1" step="1"/><E90/><REACH who="1" step="2"/><V80/><F129/><W34/><G34/><T26/><D77/><U99/><AGARI ba="0,2" hai="8,14,16,63,64,71,88,92,99,116,117,119,134,135" machi="99" ten="40,18000,2" yaku="1,1,2,1,0,1,54,2,53,2" doraHai="33" doraHaiUra="128" who="1" fromWho="1" sc="211,-60,289,200,250,-60,230,-60" /><INIT seed="1,1,0,4,0,63" ten="151,489,190,170" oya="1" hai0="42,84,129,106,76,89,20,14,41,133,135,78,0" hai1="120,121,54,10,77,69,47,31,32,128,101,75,51" hai2="134,30,39,64,26,71,6,112,105,95,86,110,93" hai3="119,58,22,68,35,55,90,88,109,111,50,124,37" shuffle="mt19937ar,57F6F576,BA8CE1C3,E08B7128,D57AB62F,B7DB81F6,A8FEB737,1185DC7F,F1D0CF3F"/><U99/><E69/><V40/><F105/><W38/><G35/><T83/><D106/><U27/><E128/><V24/><F6/><W116/><G22/><T102/><D102/><U17/><E77/><N who="0" m="29801" /><D0/><U59/><E75/><V25/><F40/><W2/><G2/><T56/><D129/><U66/><E17/><V52/><F39/><N who="3" m="14859" /><G68/><T53/><D133/><U34/><E34/><V132/><F112/><W118/><G124/><T72/><D72/><U9/><E9/><V80/><F30/><W127/><G127/><T100/><D100/><U23/><E10/><V107/><F107/><W65/><G65/><T73/><D73/><U74/><E74/><V131/><F131/><W85/><G90/><T117/><D135/><N who="2" m="51754" /><F71/><W94/><AGARI ba="1,0" hai="50,55,58,85,88,94,109,111,116,118,119" m="14859" machi="94" ten="40,2700,0" yaku="12,1,54,1" doraHai="63" who="3" fromWho="3" sc="151,-8,489,-14,190,-8,170,30" /><INIT seed="2,0,0,2,2,119" ten="143,475,182,200" oya="2" hai0="71,6,77,133,25,86,109,110,108,55,37,70,97" hai1="62,103,17,130,79,42,115,54,92,16,122,57,87" hai2="65,127,129,46,102,15,39,56,64,61,67,73,9" hai3="83,27,1,106,94,12,116,131,50,76,58,2,52" shuffle="mt19937ar,5C1061D9,B90F92DE,36950946,97C163DB,A2B82DE0,973FE599,8A690DBD,4B205F35"/><V26/><F73/><W4/><G106/><T14/><D37/><U120/><E115/><V35/><F129/><W125/><G116/><T24/><D133/><U99/><E130/><V72/><F72/><W128/><G27/><T85/><D97/><U107/><E42/><V45/><F127/><W89/><G125/><T100/><D100/><U40/><E40/><V113/><F113/><W47/><G131/><T101/><D101/><U5/><E5/><V96/><F35/><W104/><G104/><T80/><D55/><U66/><E66/><V3/><F3/><W135/><G135/><T31/><D85/><U38/><E38/><V32/><F32/><W0/><G128/><T34/><REACH who="0" step="1"/><D25/><REACH who="0" step="2"/><U75/><E75/><V124/><F26/><W74/><G74/><T112/><D112/><U90/><E79/><V126/><F126/><W30/><G76/><T18/><D18/><U51/><E51/><V59/><F124/><W29/><G29/><T69/><D69/><U43/><E43/><V63/><F39/><W21/><G30/><T48/><D48/><U88/><E90/><V49/><F49/><W78/><G78/><T41/><D41/><U81/><E107/><N who="2" m="63943" /><F67/><W44/><G44/><T95/><D95/><U10/><E10/><AGARI ba="0,1" hai="6,10,14,24,31,34,70,71,77,80,86,108,109,110" machi="10" ten="40,2600,0" yaku="1,1,14,1,53,0" doraHai="119" doraHaiUra="84" who="0" fromWho="1" sc="133,36,475,-26,182,0,200,0" /><INIT seed="3,0,0,4,2,78" ten="169,449,182,200" oya="3" hai0="21,43,97,17,5,50,75,32,60,55,116,120,20" hai1="110,31,56,98,129,126,9,41,134,92,102,96,4" hai2="10,105,73,49,127,81,6,83,53,15,69,22,51" hai3="1,84,65,135,106,68,23,89,63,125,122,80,132" shuffle="mt19937ar,CF44ADE4,C6A77E81,5911A68E,EFBCC6AD,30D25FC8,D8708C50,F8ED67FB,1DEAF28E"/><W123/><G1/><T90/><D120/><U72/><E110/><V39/><F39/><W112/><G106/><T37/><D116/><U101/><E129/><V113/><F113/><W95/><G112/><T8/><D32/><U13/><E134/><N who="3" m="51242" /><G125/><T46/><D75/><U115/><E126/><V128/><F73/><W121/><G23/><T117/><D117/><U74/><E115/><V29/><F128/><W54/><G54/><T25/><D60/><U2/><E41/><V52/><F69/><W124/><G124/><T76/><D76/><U119/><E119/><V18/><F105/><W70/><G70/><T44/><D21/><U36/><E36/><V107/><F107/><W40/><G40/><T3/><D90/><U30/><E2/><V38/><F38/><W19/><G19/><T114/><D114/><U62/><E72/><V28/><F127/><W33/><G33/><T58/><REACH who="0" step="1"/><D97/><REACH who="0" step="2"/><U131/><E74/><V88/><F88/><N who="3" m="51207" /><G121/><T45/><AGARI ba="0,1" hai="3,5,8,17,20,25,37,43,44,45,46,50,55,58" machi="45" ten="30,4000,0" yaku="1,1,0,1,53,1" doraHai="78" doraHaiUra="12" who="0" fromWho="0" sc="159,50,449,-10,182,-10,200,-20" owari="209,-4,439,44,172,-23,180,-17" /></mjloggm>