<mjloggm ver="2.3"><GO type="225"/><UN n0="%E9%81%8A%E6%AD%A9" n1="%E6%9C%9D%E6%AF%94%E5%A5%88%E8%8B%B1%E7%90%86%E5%AD%90" n2="%E3%83%9B%E3%83%A2%E3%83%8F%E3%83%A0" n3="%EF%BC%88%EF%BC%8A%EF%BC%9E%EF%BC%9C%EF%BC%89" dan="16,16,16,17" rate="2007,2101,2075,2172" sx="F,F,M,F"/><TAIKYOKU oya="0"/><INIT seed="0,0,0,1,1,51" ten="250,250,250,250" oya="0" hai0="90,21,131,130,132,65,116,19,24,17,62,37,23" hai1="3,111,122,46,30,119,114,118,53,26,124,27,66" hai2="5,28,87,95,68,0,88,104,2,38,115,60,43" hai3="64,128,10,72,101,35,39,120,16,126,100,15,125" shuffle="mt19937ar,AA432FA0,40C4012A,3AA2A7B7,9A758FB8,FF4F77BF,580019BD,3339BE92,01947848"/><T25/><D116/><U13/><E3/><V129/><F104/><W14/><G39/><T67/><D37/><U9/><E66/><V4/><F115/><W36/><G36/><T40/><D40/><U77/><E77/><V58/><F68/><W108/><G35/><T94/><D132/><U50/><E122/><V76/><F129/><W99/><G120/><T1/><D1/><U75/><E75/><V98/><F43/><W96/><G72/><T11/><D11/><U79/><E79/><V84/><F38/><W74/><G74/><T44/><D44/><U47/><E111/><V73/><F28/><W91/><G108/><T92/><REACH who="0" step="1"/><D62/><REACH who="0" step="2"/><U117/><E47/><V103/><F2/><W70/><G128/><T59/><D59/><U8/><E8/><V107/><F0/><W56/><G56/><T85/><D85/><U82/><E46/><V80/><REACH who="2" step="1"/><F87/><REACH who="2" step="2"/><W105/><G70/><T33/><D33/><U31/><E118/><V6/><F6/><W89/><G105/><T48/><D48/><U113/><E50/><V109/><F109/><W49/><G49/><T133/><D133/><U29/><E119/><V97/><F97/><W123/><G123/><T81/><D81/><U42/><E82/><V93/><F93/><W121/><G121/><T127/><D127/><U86/><E124/><V78/><F78/><W18/><G10/><T32/><D32/><U102/><E9/><V34/><F34/><W52/><G126/><T63/><D63/><U41/><E117/><V57/><F57/><W7/><G125/><T83/><D83/><U110/><E114/><RYUUKYOKU ba="0,2" sc="240,15,250,-15,240,15,250,-15" hai0="17,19,21,23,24,25,65,67,90,92,94,130,131" hai2="4,5,58,60,73,76,80,84,88,95,98,103,107" /><INIT seed="0,1,2,3,4,120" ten="255,235,255,235" oya="0" hai0="25,10,61,115,29,88,31,116,96,48,18,55,78" hai1="95,91,109,110,24,54,129,20,27,37,73,36,57" hai2="58,40,74,118,70,51,90,47,134,104,1,46,99" hai3="5,35,76,97,19,26,8,42,67,101,9,63,15" shuffle="mt19937ar,E86D9D16,5E35B74D,44BFB412,9D081A5D,214A0059,EF5922EE,7E0075E0,59A2C321"/><T30/><D115/><U6/><E73/><V21/><F70/><W108/><G76/><T66/><D116/><U65/><E65/><V53/><F74/><W50/><G108/><N who="1" m="41578" /><E6/><V122/><F118/><W85/><G85/><T22/><D78/><U3/><E3/><V107/><F1/><W130/><G130/><T98/><D10/><U82/><E82/><V112/><F134/><W33/><G50/><T49/><D88/><U131/><E37/><V105/><F122/><W123/><G42/><T0/><D0/><U102/><E102/><V80/><F112/><W72/><G72/><T23/><D23/><U39/><E39/><V135/><F135/><W45/><G45/><N who="0" m="28047" /><D49/><N who="1" m="30927" /><E36/><V32/><F80/><W13/><G123/><T106/><D106/><U124/><E124/><V64/><F107/><W2/><G2/><T4/><D4/><U103/><E103/><V62/><F105/><W133/><G133/><T56/><AGARI ba="1,2" hai="18,22,25,29,30,31,56,61,66,96,98" m="28047" machi="56" ten="30,1500,0" yaku="8,1" doraHai="120" who="0" fromWho="0" sc="255,38,235,-6,255,-6,235,-6" /><INIT seed="0,2,0,1,1,3" ten="293,229,249,229" oya="0" hai0="38,86,64,44,11,105,78,119,35,127,41,14,75" hai1="69,25,39,128,23,117,129,87,12,43,134,91,123" hai2="51,131,107,114,103,31,48,19,7,99,90,17,50" hai3="92,89,34,109,65,121,46,116,37,6,82,33,63" shuffle="mt19937ar,3F5E2C4D,969967F3,EA592B4C,23DDE3F4,CFAA5C50,79C2BEC1,EEE2D3F6,9C51CDCB"/><T130/><D119/><U133/><E69/><V126/><F126/><W118/><G121/><T74/><D127/><U20/><E123/><V135/><F131/><N who="1" m="50249" /><E117/><V100/><F135/><N who="1" m="51721" /><E25/><V10/><F114/><W59/><G82/><T101/><D130/><U95/><E12/><V81/><F103/><W61/><G118/><T1/><D35/><U15/><E15/><V21/><F31/><W4/><G34/><T0/><D14/><U120/><E120/><V30/><F30/><W73/><G33/><T16/><D1/><U53/><E53/><V32/><F32/><W115/><G116/><T52/><D52/><U70/><E70/><V54/><F54/><W112/><G112/><T36/><D0/><U83/><E95/><V66/><F66/><W72/><G115/><T122/><D64/><U58/><E58/><V27/><F19/><W94/><G94/><T56/><D56/><U93/><E93/><V80/><REACH who="2" step="1"/><F90/><REACH who="2" step="2"/><W79/><G89/><T104/><D122/><U62/><E62/><V102/><F102/><W111/><G63/><T13/><D101/><U98/><E98/><V40/><F40/><W49/><G61/><T88/><D88/><U42/><E42/><V132/><F132/><W97/><G65/><T106/><D41/><U24/><E43/><V57/><F57/><W76/><G59/><T18/><D18/><U84/><E91/><V110/><F110/><W22/><G111/><T67/><D67/><U124/><E124/><V29/><F29/><W85/><G109/><T26/><D16/><U68/><E68/><V96/><F96/><W47/><G97/><RYUUKYOKU ba="2,1" sc="293,-10,229,-10,239,30,229,-10" hai2="7,10,17,21,27,48,50,51,80,81,99,100,107" /><INIT seed="1,3,1,4,3,37" ten="283,219,269,219" oya="1" hai0="46,128,33,91,99,96,132,7,101,76,127,5,19" hai1="119,4,9,87,122,24,124,1,71,78,11,90,44" hai2="51,83,56,89,130,67,39,60,30,93,26,109,125" hai3="36,66,23,126,129,63,98,121,41,2,42,47,116" shuffle="mt19937ar,D2221017,8779C464,1910E327,5D5035C3,C84AFDEC,6AC30B7A,37B5B99C,C17C24BB"/><U97/><E122/><V20/><F130/><W131/><G121/><T21/><D33/><U62/><E119/><V88/><F125/><W10/><G126/><T48/><D127/><U0/><E124/><V3/><F39/><W118/><G98/><N who="0" m="37419" /><D128/><N who="3" m="49225" /><G23/><T14/><D132/><U12/><E78/><V70/><F3/><W84/><G84/><T32/><D32/><U80/><E97/><V105/><F105/><W111/><G111/><T81/><D76/><U110/><E110/><V135/><F135/><W112/><G112/><T92/><D101/><U15/><E24/><V59/><F109/><W35/><G35/><T75/><D75/><U28/><E28/><V17/><F83/><W43/><G10/><T50/><D81/><U100/><E100/><V117/><F117/><N who="3" m="45163" /><G2/><T77/><D77/><U69/><E1/><V120/><F120/><W123/><G123/><T73/><D73/><U74/><E0/><V8/><F8/><W49/><G36/><T16/><D21/><U106/><E74/><V134/><F134/><W102/><G102/><T18/><D14/><U103/><E103/><V57/><F30/><W22/><G22/><T54/><D91/><U85/><E106/><V108/><F108/><W86/><G86/><T104/><D104/><U34/><E34/><V115/><F115/><W107/><G107/><T72/><D72/><U65/><E87/><N who="2" m="52383" /><F89/><W113/><G113/><T95/><D95/><U40/><E11/><V133/><F133/><W6/><G6/><N who="0" m="2059" /><D92/><U114/><E114/><V55/><F20/><W68/><AGARI ba="3,1" hai="41,42,43,47,49,63,66,68" m="45163,49225" machi="68" ten="30,12000,2" yaku="19,1,12,1,34,2,52,3" doraHai="37" who="3" fromWho="3" sc="283,-33,219,-63,269,-33,219,139" /><INIT seed="2,0,0,2,0,113" ten="250,156,236,358" oya="2" hai0="55,127,83,47,32,16,103,22,6,67,58,35,98" hai1="31,100,51,54,37,17,40,95,88,65,29,90,4" hai2="9,46,20,110,107,0,18,7,27,53,118,49,68" hai3="128,87,133,21,93,19,89,117,41,109,59,81,34" shuffle="mt19937ar,421EB1D0,635A72C5,6B5FB0CA,A4AB6D49,1E5240C4,AD06536B,1F5E98F2,145D4E28"/><V71/><F107/><W108/><G34/><T38/><D127/><U129/><E129/><V50/><F110/><W2/><G2/><T126/><D126/><U48/><E4/><V57/><REACH who="2" step="1"/><F118/><REACH who="2" step="2"/><W111/><G117/><T104/><D104/><U13/><E37/><V115/><F115/><W26/><G128/><T24/><D38/><U61/><E100/><V74/><F74/><W25/><G109/><T36/><D103/><U63/><E40/><AGARI ba="0,1" hai="0,7,9,18,20,27,40,46,49,50,53,57,68,71" machi="40" ten="30,5800,0" yaku="1,1,7,1,53,1" doraHai="113" doraHaiUra="12" who="2" fromWho="1" sc="250,0,156,-58,226,68,358,0" /><INIT seed="2,1,0,2,0,56" ten="250,98,294,358" oya="2" hai0="29,7,97,53,17,68,11,16,24,114,14,4,67" hai1="46,80,122,75,37,86,123,94,36,121,31,84,6" hai2="109,77,9,40,105,38,15,2,88,60,108,66,41" hai3="102,92,27,49,103,112,119,132,104,72,106,115,8" shuffle="mt19937ar,3C884193,CD1C4636,DE417FD2,BE8156F4,DC028C9F,4BD186F7,CEC0EBB6,BD8006FF"/><V83/><F105/><W45/><G72/><T100/><D114/><N who="3" m="43561" /><G119/><T44/><D44/><U22/><E6/><N who="2" m="3511" /><F2/><W89/><G132/><T13/><D53/><U116/><E116/><V52/><F38/><W71/><G71/><T5/><D67/><U21/><E75/><V113/><F113/><W54/><G8/><N who="0" m="6343" /><D68/><U85/><E80/><V73/><F88/><W55/><G55/><T101/><D97/><U130/><E130/><V26/><F26/><W58/><G45/><T12/><D101/><N who="3" m="38409" /><G27/><T47/><D47/><U43/><E94/><V81/><F81/><W70/><G70/><T25/><D100/><U95/><E95/><V48/><F66/><W50/><G50/><T74/><D74/><U98/><E98/><AGARI ba="1,0" hai="49,54,58,89,92,98,104,106" m="38409,43561" machi="98" ten="30,1000,0" yaku="11,1" doraHai="56" who="3" fromWho="1" sc="250,0,98,-13,294,0,358,13" /><INIT seed="3,0,0,0,4,8" ten="250,85,294,371" oya="3" hai0="74,130,18,131,27,52,63,66,13,71,26,121,80" hai1="73,127,2,15,116,97,70,108,103,35,83,33,43" hai2="111,76,129,32,77,21,122,42,93,11,87,123,30" hai3="112,85,95,1,110,28,99,55,126,107,61,37,78" shuffle="mt19937ar,C283EA2B,D34A1BDC,D957239E,2A2F903C,E62AB998,2933600C,84A8220A,059FE87D"/><W0/><G37/><T53/><D121/><U14/><E43/><V16/><F129/><N who="0" m="49162" /><D74/><U82/><E97/><V46/><F111/><W45/><G107/><T38/><D38/><U102/><E73/><V104/><F104/><W62/><G112/><T34/><D80/><U128/><E128/><V6/><F93/><W114/><G114/><T54/><D34/><U94/><E94/><V60/><F60/><W39/><G39/><T98/><D98/><U58/><E58/><V3/><F87/><W125/><G110/><T117/><D117/><U84/><E108/><V91/><F91/><W22/><G85/><T29/><D29/><U5/><E84/><V23/><F23/><AGARI ba="0,0" hai="13,18,23,26,27,52,53,54,63,66,71" m="49162" machi="23" ten="30,3900,0" yaku="19,1,52,1,54,1" doraHai="8" who="0" fromWho="2" sc="250,39,85,0,294,-39,371,0" owari="289,4,85,-31,255,-9,371,36" /></mjloggm>