<mjloggm ver="2.3"><GO type="225"/><UN n0="%E7%8C%AA%E6%9C%A8%E5%A4%A7%E5%AB%8C%E3%81%84%EF%BC%81" n1="%E7%90%86%E6%83%B3%E9%9B%80%E5%A3%AB" n2="%E3%83%80%E3%83%A0%E3%83%9E%E3%83%8B%E3%82%A2" n3="%72%61%72%61%70%70%65" dan="17,16,16,16" rate="2101,2029,2141,2048" sx="F,M,M,M"/><TAIKYOKU oya="0"/><INIT seed="0,0,0,5,2,112" ten="250,250,250,250" oya="0" hai0="56,97,40,49,32,114,4,54,128,5,17,122,18" hai1="129,9,113,45,61,108,36,24,99,100,66,121,77" hai2="16,75,134,71,117,47,65,35,59,23,81,127,52" hai3="120,1,76,20,64,27,11,116,7,132,74,126,111" shuffle="mt19937ar,B54EC1ED,984915A0,0B92547C,2909B751,19169EBA,87D2821D,5E5DAD01,C87088AF"/><T6/><D114/><U105/><E113/><V109/><F35/><W62/><G120/><T41/><D122/><U83/><E121/><V48/><F134/><W94/><G132/><T55/><D32/><U91/><E108/><V106/><F106/><W67/><G126/><T103/><D128/><U30/><E129/><V130/><F130/><W44/><G111/><T57/><D40/><U3/><E91/><V34/><F34/><W93/><G67/><T25/><D41/><N who="1" m="22695" /><E9/><V53/><F109/><W58/><G44/><T89/><D89/><U72/><E3/><V29/><F29/><W102/><G116/><T46/><D25/><U38/><E24/><V124/><F81/><W15/><G1/><T107/><REACH who="0" step="1"/><D46/><REACH who="0" step="2"/><U0/><E77/><V104/><F127/><W125/><G125/><T22/><D22/><U43/><E43/><V70/><F23/><W42/><G42/><T69/><D69/><U118/><E38/><V13/><F71/><W28/><G76/><T78/><D78/><U8/><E100/><V87/><F70/><W51/><G102/><T79/><D79/><U14/><E72/><V80/><F75/><W101/><G101/><T133/><D133/><U26/><E26/><V123/><F124/><W85/><G74/><T33/><D33/><U12/><E8/><V110/><F110/><W60/><G11/><T84/><D84/><U73/><E73/><V135/><F87/><W39/><G85/><T119/><D119/><U92/><E118/><V131/><F117/><W37/><G27/><T115/><D115/><U88/><E88/><V86/><F131/><RYUUKYOKU ba="0,1" sc="240,30,250,-10,250,-10,250,-10" hai0="4,5,6,17,18,49,54,55,56,57,97,103,107" /><INIT seed="0,1,1,3,2,107" ten="270,240,240,240" oya="0" hai0="8,16,45,86,125,120,20,118,93,73,67,49,76" hai1="129,72,18,10,57,69,84,116,13,66,117,24,124" hai2="100,62,91,71,42,83,134,25,92,44,112,79,3" hai3="111,1,2,103,46,56,53,127,122,23,104,55,75" shuffle="mt19937ar,BAB789F1,2CDE1822,BDEF3D1A,CF36CD0F,0187F701,7C9A91B9,29404AA1,4334CA34"/><T7/><D118/><U26/><E69/><V68/><F112/><W43/><G122/><T31/><D120/><U95/><E116/><V54/><F100/><W64/><G127/><T74/><D31/><U131/><E117/><V34/><F3/><W22/><G111/><T88/><D67/><U14/><E124/><V81/><F81/><W94/><G104/><T102/><D102/><U17/><E72/><V9/><F9/><W99/><G75/><T130/><D76/><U115/><E115/><V39/><F134/><W77/><G77/><T38/><D38/><U105/><E105/><V36/><F39/><W90/><G64/><T97/><D86/><U106/><E106/><V21/><F34/><W113/><G55/><T121/><D130/><N who="1" m="49675" /><E57/><V41/><F42/><W109/><G113/><T85/><D85/><U58/><E95/><V6/><F6/><W40/><G109/><T37/><D37/><U30/><E84/><V4/><F4/><W5/><G5/><T15/><D121/><U52/><E30/><V119/><F119/><W135/><G135/><T80/><D80/><U47/><E47/><V70/><F83/><W50/><G43/><T89/><D125/><U133/><E66/><V114/><F79/><W48/><REACH who="3" step="1"/><G103/><REACH who="3" step="2"/><T110/><D110/><U19/><E133/><V98/><F114/><W87/><G87/><T28/><D89/><U65/><E65/><V60/><F54/><W51/><G51/><T128/><D128/><U96/><E52/><V27/><F62/><W123/><G123/><T63/><D7/><U32/><E96/><V132/><F132/><RYUUKYOKU ba="1,2" sc="270,-10,240,-10,240,-10,230,30" hai3="1,2,22,23,40,46,48,50,53,56,90,94,99" /><INIT seed="1,2,2,1,1,64" ten="260,230,230,260" oya="1" hai0="8,46,32,40,36,14,82,11,27,33,55,97,110" hai1="91,56,3,108,98,109,41,101,86,72,38,94,107" hai2="128,12,18,25,134,66,132,89,37,28,116,74,19" hai3="29,120,124,49,93,92,127,39,51,115,106,84,113" shuffle="mt19937ar,284397EC,B9EE5A1A,2C0080F0,D5E24376,2F8255A0,4E4254B2,257C75F3,8DBA86E3"/><U119/><E119/><V2/><F74/><W57/><G39/><T79/><D110/><N who="1" m="42603" /><E3/><V10/><F37/><W99/><G120/><T53/><D11/><U7/><E7/><V23/><F66/><W69/><G69/><T75/><D97/><U17/><E72/><V87/><F116/><W58/><G106/><T67/><D67/><U60/><E17/><V62/><F62/><W5/><G5/><T21/><D33/><U26/><E26/><V81/><F128/><W16/><G29/><T61/><D32/><U22/><E22/><V123/><F123/><W63/><G84/><T90/><D90/><U121/><E121/><V105/><F105/><W95/><G99/><T71/><D71/><U129/><E129/><V126/><F126/><N who="3" m="48171" /><G16/><T130/><D130/><U135/><E135/><N who="2" m="51755" /><F2/><W15/><G15/><T112/><D14/><U9/><E9/><V4/><AGARI ba="2,2" hai="4,10,12,18,19,23,25,28,81,87,89" m="51755" machi="4" ten="30,1100,0" yaku="20,1" doraHai="64" who="2" fromWho="2" sc="260,-5,230,-7,230,37,260,-5" /><INIT seed="2,0,0,0,0,113" ten="255,223,267,255" oya="2" hai0="51,23,130,48,42,9,102,35,28,119,45,41,78" hai1="103,8,95,30,50,53,61,29,91,89,128,57,101" hai2="33,55,66,85,120,26,32,134,87,104,43,60,34" hai3="93,22,80,117,84,92,133,97,46,20,100,124,110" shuffle="mt19937ar,4C638E75,C9B0436D,10AD4FB0,2300413D,E46E736E,A7CEE682,BCD7D264,415ACA60"/><V125/><F104/><W123/><G123/><T71/><D71/><U15/><E128/><V70/><F120/><W52/><G124/><T0/><D35/><U86/><E30/><V73/><F73/><W94/><G133/><T65/><D65/><U56/><E29/><V67/><F67/><W44/><G110/><T18/><D130/><U13/><E91/><V36/><F125/><W135/><G135/><T127/><D127/><U25/><E25/><V108/><F134/><W76/><G117/><T38/><D102/><U3/><E3/><V81/><F108/><W126/><G126/><T10/><D28/><U64/><REACH who="1" step="1"/><E15/><REACH who="1" step="2"/><V83/><F26/><W27/><G20/><T99/><D0/><U62/><E62/><V90/><F34/><W112/><G112/><T63/><D63/><U132/><E132/><V107/><F33/><W40/><G40/><T98/><D42/><U59/><E59/><V118/><F32/><W21/><G21/><T49/><D23/><U109/><E109/><V106/><F43/><W31/><REACH who="3" step="1"/><G46/><REACH who="3" step="2"/><T37/><D45/><U72/><E72/><V114/><F114/><W122/><G122/><T2/><D41/><U88/><E88/><V54/><F90/><W11/><G11/><T12/><D10/><U6/><AGARI ba="0,2" hai="6,8,13,50,53,56,57,61,64,86,89,95,101,103" machi="6" ten="20,5200,0" yaku="1,1,0,1,7,1,8,1,53,0" doraHai="113" doraHaiUra="75" who="1" fromWho="1" sc="255,-13,213,72,267,-26,245,-13" /><INIT seed="3,0,0,0,5,50" ten="242,285,241,232" oya="3" hai0="61,122,1,55,17,16,52,128,25,69,110,36,54" hai1="30,39,91,86,83,132,118,116,9,12,19,89,6" hai2="82,59,100,8,64,10,135,2,111,104,119,115,31" hai3="134,85,4,87,3,20,96,74,101,57,49,40,114" shuffle="mt19937ar,78478D0F,6F58B055,3D2D7653,BFBFCC62,0277BAA5,D7A8117A,E2A5A412,2DEEA70F"/><W76/><G114/><T78/><D122/><U103/><E39/><V109/><F119/><N who="1" m="45609" /><E103/><V124/><F115/><W14/><G134/><T99/><D1/><N who="1" m="207" /><E30/><V92/><F104/><W35/><G35/><T66/><D128/><U41/><E41/><V88/><F31/><W71/><G71/><T23/><D110/><N who="2" m="41994" /><F100/><W42/><G3/><T125/><D125/><U5/><E132/><V18/><F124/><W75/><G74/><T53/><D78/><N who="1" m="46455" /><E5/><V81/><F2/><W15/><G75/><T11/><D36/><U133/><E133/><V68/><F135/><W120/><G120/><T45/><D99/><U28/><E28/><V13/><F68/><W94/><G76/><T67/><D69/><U34/><E34/><V56/><F8/><AGARI ba="0,0" hai="8,12,19,89,91" m="46455,207,45609" machi="8" ten="30,1000,0" yaku="12,1" doraHai="50" who="1" fromWho="2" sc="242,0,285,10,241,-10,232,0" /><INIT seed="4,0,0,2,3,40" ten="242,295,231,232" oya="0" hai0="125,121,111,15,103,102,128,98,25,92,2,99,49" hai1="65,4,91,90,105,12,133,44,134,3,18,42,59" hai2="52,82,5,19,37,77,109,89,79,130,76,10,132" hai3="73,68,33,112,35,72,30,110,61,63,34,0,55" shuffle="mt19937ar,9C8B7F15,ECAA1949,EE8C356A,19E9A74B,A7F8F923,0AB18E56,AB9DB2D9,6DAD5454"/><T96/><D121/><U97/><E4/><V47/><F37/><W71/><G0/><T1/><D111/><U106/><E3/><V81/><F109/><W120/><G120/><T69/><D69/><U95/><E90/><V126/><F132/><N who="1" m="50793" /><E59/><V23/><F130/><W11/><G11/><T51/><D15/><U28/><E28/><V50/><F126/><W27/><G110/><T17/><D51/><N who="1" m="27031" /><E65/><V38/><F38/><W20/><G112/><T108/><D2/><U43/><E43/><V22/><F89/><W107/><G107/><T66/><D66/><U24/><E24/><V64/><F64/><W31/><G31/><T8/><D25/><U113/><E113/><V124/><F124/><W101/><G101/><T6/><D102/><U56/><E56/><V115/><F115/><W119/><G119/><T58/><D125/><U80/><E80/><N who="2" m="30827" /><F5/><W54/><G71/><T129/><D108/><U48/><E48/><V45/><F47/><W127/><G127/><T78/><D6/><U114/><E114/><V32/><F32/><W16/><G68/><T88/><D1/><U123/><E123/><V118/><F118/><W74/><REACH who="3" step="1"/><G30/><REACH who="3" step="2"/><T117/><D117/><U93/><E106/><V13/><AGARI ba="0,1" hai="10,13,19,22,23,45,50,52,76,77,79" m="30827" machi="13" ten="30,4000,0" yaku="8,1,52,1,54,1" doraHai="40" who="2" fromWho="2" sc="242,-20,295,-10,231,50,222,-10" /><INIT seed="5,0,0,3,1,91" ten="222,285,281,212" oya="1" hai0="31,61,120,47,52,17,26,76,46,38,57,121,14" hai1="101,82,43,60,109,98,117,85,119,73,53,134,7" hai2="71,3,92,56,111,99,102,89,21,81,129,116,83" hai3="15,126,128,75,54,96,29,66,97,122,27,48,8" shuffle="mt19937ar,6B05B043,32437A46,0D81B6A5,D9ADB424,734536B4,D6683B16,ED69D98B,EDD5800B"/><U133/><E73/><V18/><F71/><W33/><G122/><N who="0" m="47211" /><D76/><U35/><E35/><V113/><F3/><W135/><G135/><N who="1" m="51722" /><E109/><V19/><F111/><W86/><G128/><T88/><D38/><U1/><E43/><V10/><F116/><W5/><G75/><T115/><D115/><U78/><E7/><V0/><F129/><W55/><G126/><T77/><D77/><U130/><E1/><V74/><F113/><W123/><G123/><T9/><D88/><U16/><E130/><V63/><F74/><W94/><G66/><T103/><D103/><U132/><E132/><V93/><F0/><W105/><G105/><T80/><D80/><N who="2" m="30794" /><F10/><W34/><G34/><AGARI ba="0,0" hai="9,14,17,26,31,34,46,47,52,57,61" m="47211" machi="34" ten="30,2000,0" yaku="13,1,54,1" doraHai="91" who="0" fromWho="3" sc="222,20,285,0,281,0,212,-20" /><INIT seed="6,0,0,0,3,94" ten="242,285,281,192" oya="2" hai0="55,76,90,2,86,12,83,24,123,11,18,63,52" hai1="57,40,3,115,112,67,61,73,27,21,48,95,111" hai2="17,106,80,25,100,78,34,91,7,29,71,1,36" hai3="68,14,128,8,64,81,38,20,5,108,117,69,41" shuffle="mt19937ar,6E02CB04,762025A8,7B9E6314,D0E72E18,14498D69,EB3070AB,F60D8322,2E19D90A"/><V97/><F36/><W126/><G117/><T49/><D123/><U44/><E111/><V114/><F91/><W75/><G108/><T28/><D2/><U56/><E73/><N who="2" m="43087" /><F17/><W92/><G126/><T16/><D18/><U35/><E3/><V22/><F22/><W116/><G116/><T104/><D104/><U101/><E35/><V39/><F114/><W53/><G128/><T66/><D76/><U50/><E50/><V79/><F79/><W13/><G53/><T23/><REACH who="0" step="1"/><D49/><REACH who="0" step="2"/><U26/><E112/><V110/><F39/><W99/><G38/><T15/><D15/><U102/><E115/><V59/><F110/><W121/><G121/><T45/><D45/><U37/><E48/><V74/><F1/><W6/><G14/><T60/><D60/><U120/><E120/><V84/><F7/><W72/><G6/><T10/><D10/><U33/><E44/><V19/><F19/><W31/><G13/><T105/><D105/><U46/><E46/><V98/><F106/><W9/><G8/><T88/><D88/><U131/><E37/><V30/><F29/><W70/><G9/><T89/><D89/><U47/><E47/><V65/><F30/><W107/><G31/><T135/><D135/><U125/><E61/><V109/><F109/><W134/><G5/><T43/><D43/><U87/><E40/><V122/><F122/><W32/><G41/><T4/><D4/><U103/><E27/><V129/><F25/><W127/><G134/><T42/><D42/><U51/><E26/><V77/><F77/><W58/><G107/><T132/><D132/><RYUUKYOKU ba="0,1" sc="232,30,285,-10,281,-10,192,-10" hai0="11,12,16,23,24,28,52,55,63,66,83,86,90" /><INIT seed="7,1,1,4,5,4" ten="262,275,271,182" oya="3" hai0="85,65,106,72,29,91,56,76,97,134,31,98,53" hai1="117,132,129,27,46,14,99,75,23,51,36,86,57" hai2="30,3,69,67,87,126,13,101,130,115,110,41,59" hai3="80,61,68,60,17,81,19,37,114,24,2,118,42" shuffle="mt19937ar,EFDD3321,B7140EB2,95590E69,7BD84DCD,330C3F07,06C7B259,DA973CF3,73613208"/><W52/><G118/><T88/><D65/><U120/><E120/><V70/><F3/><W73/><G114/><T58/><D134/><U43/><E75/><V116/><F110/><W11/><G61/><N who="0" m="35983" /><D72/><U96/><E132/><V21/><F116/><W105/><G105/><T109/><D106/><U5/><E117/><V15/><F115/><W119/><G119/><T54/><D109/><U18/><E129/><V122/><F130/><W77/><G81/><N who="0" m="47271" /><D98/><U107/><E107/><V39/><F122/><W95/><G95/><N who="0" m="56551" /><D91/><U50/><E36/><V16/><F126/><W20/><G19/><T63/><AGARI ba="1,1" hai="29,31,54,58,63" m="56551,47271,35983" machi="63" ten="30,2000,0" yaku="8,1,54,1" doraHai="4" who="0" fromWho="0" sc="262,33,275,-6,271,-6,182,-11" /><INIT seed="8,0,0,4,0,62" ten="295,269,265,171" oya="0" hai0="93,41,14,8,96,69,1,85,95,103,126,83,71" hai1="130,120,98,68,77,109,112,49,64,111,35,33,52" hai2="124,47,46,40,84,9,23,4,28,102,36,3,44" hai3="31,88,86,24,122,75,38,54,22,34,11,116,12" shuffle="mt19937ar,7CA99025,562B2537,F3F43927,74697427,5CAADB8C,F818FC1D,D987C097,E1A56CD5"/><T76/><D1/><U100/><E120/><V25/><F102/><W101/><G122/><T18/><D126/><U108/><E77/><V7/><F124/><W27/><G38/><T82/><D41/><U104/><E130/><V117/><F117/><W26/><G75/><T67/><D67/><U56/><REACH who="1" step="1"/><E112/><REACH who="1" step="2"/><V51/><F36/><W123/><G123/><T30/><D30/><U6/><E6/><V72/><F7/><W37/><G37/><T99/><D83/><U5/><E5/><V128/><F128/><W121/><G121/><T50/><D50/><U42/><E42/><V55/><F40/><W73/><G116/><T80/><D82/><U79/><E79/><V74/><REACH who="2" step="1"/><F84/><REACH who="2" step="2"/><W127/><G86/><T91/><AGARI ba="0,2" hai="8,14,18,69,71,76,80,85,91,93,95,96,99,103" machi="91" ten="20,2100,0" yaku="0,1,7,1" doraHai="62" who="0" fromWho="0" sc="295,41,259,-7,255,-7,171,-7" owari="336,34,252,0,248,-10,164,-24" /></mjloggm>