<mjloggm ver="2.3"><GO type="225"/><UN n0="%EF%BC%88%EF%BC%8A%EF%BC%9E%EF%BC%9C%EF%BC%89" n1="%E3%83%80%E3%83%A0%E3%83%9E%E3%83%8B%E3%82%A2" n2="%E6%A1%9C%E4%BA%95%E3%82%A2%E3%82%BD%E3%82%B3" n3="%E4%BA%8C%E4%B8%89%E8%B5%A4%E4%BA%94%EF%BC%94%EF%BC%96%EF%BC%98" dan="17,16,16,16" rate="2192,2142,2074,2089" sx="F,M,M,M"/><TAIKYOKU oya="0"/><INIT seed="0,0,0,2,2,14" ten="250,250,250,250" oya="0" hai0="16,71,41,11,61,49,119,13,55,99,104,44,51" hai1="103,133,6,114,2,65,33,77,131,48,110,39,3" hai2="112,92,46,32,19,40,79,96,63,35,30,22,24" hai3="81,125,72,98,45,54,57,70,29,113,37,123,132" shuffle="mt19937ar,5D7CEB9F,756ADF46,3A3EF579,CCA54D6A,5B4E5C7A,5F8A0E68,C8D4EE47,F3AF30F0"/><T27/><D119/><U59/><E39/><V107/><F107/><W1/><G113/><T108/><D108/><U128/><E33/><V66/><F112/><W116/><G116/><T121/><D121/><U124/><E114/><V127/><F79/><W111/><G111/><T12/><D27/><U5/><E110/><V80/><F80/><W134/><G70/><T93/><D104/><U101/><E77/><V91/><F127/><W17/><G1/><N who="1" m="10" /><E124/><V67/><F67/><W58/><G125/><T38/><D12/><U21/><E65/><V129/><F129/><N who="1" m="49737" /><E21/><V83/><F83/><W28/><G81/><T102/><REACH who="0" step="1"/><D71/><REACH who="0" step="2"/><U120/><E120/><V0/><F0/><W85/><G123/><T43/><D43/><U109/><E109/><V130/><F130/><W15/><G15/><T9/><D9/><U74/><E133/><V34/><F34/><W78/><G134/><T26/><D26/><U56/><E74/><V87/><F32/><W126/><G72/><T118/><D118/><U62/><E5/><V10/><F35/><W52/><G132/><T7/><D7/><U68/><E6/><V42/><F42/><W75/><G75/><T36/><D36/><U47/><E68/><V122/><F122/><W18/><G37/><T23/><D23/><U106/><E106/><V105/><F105/><W82/><G126/><T95/><D95/><U76/><E76/><V53/><F30/><W8/><G28/><T86/><D86/><U84/><E84/><V31/><F31/><W89/><G29/><T117/><D117/><U60/><E59/><AGARI ba="0,1" hai="11,13,16,38,41,44,49,51,55,59,61,93,99,102" machi="59" ten="40,12000,1" yaku="1,1,52,1,54,1,53,1" doraHai="14" doraHaiUra="94" who="0" fromWho="1" sc="240,130,250,-120,250,0,250,0" /><INIT seed="0,1,0,5,4,6" ten="370,130,250,250" oya="0" hai0="83,135,109,134,99,27,111,79,103,62,14,88,43" hai1="85,101,72,37,34,54,68,112,110,86,97,52,117" hai2="90,51,24,81,105,95,4,10,44,69,119,78,76" hai3="75,42,61,114,3,126,20,55,115,39,133,132,94" shuffle="mt19937ar,5B3B9B0E,84092AFB,D288B6C1,F3BCD80C,DF2A6FE7,71A68733,E3A3099D,47829443"/><T104/><D43/><U15/><E37/><V100/><F69/><W80/><G3/><T60/><D27/><U21/><E68/><V74/><F78/><W26/><G94/><T9/><D60/><U32/><E72/><V1/><F119/><W49/><G75/><T36/><D62/><U38/><E117/><V0/><F24/><W64/><G80/><T16/><D36/><U92/><E38/><V47/><F1/><W87/><G87/><N who="1" m="33290" /><E112/><V93/><F90/><W118/><G118/><T106/><D106/><U53/><E32/><V29/><F29/><W57/><G20/><T28/><D28/><U58/><E34/><V8/><F47/><N who="3" m="24031" /><G26/><T56/><D56/><U25/><E15/><V30/><F30/><W125/><G115/><T107/><D107/><U18/><E110/><N who="0" m="41993" /><D88/><U84/><N who="1" m="33298" /><AGARI ba="1,0" hai="9,14,16,79,83,84,99,103,104,134,135" m="41993" machi="84" ten="30,12000,1" yaku="3,1,14,1,10,1,52,1,54,1" doraHai="6" who="0" fromWho="1" sc="370,123,130,-123,250,0,250,0" /><INIT seed="0,2,0,1,3,80" ten="493,7,250,250" oya="0" hai0="130,92,89,83,104,0,82,94,121,97,110,66,18" hai1="14,56,122,49,48,70,124,134,28,115,96,106,26" hai2="21,58,64,102,2,46,63,113,71,85,16,77,5" hai3="25,75,13,27,81,55,99,23,61,126,53,37,45" shuffle="mt19937ar,3B43A9AC,52B6B0B0,3FE2CFE6,B4C9089D,673CEEBC,8869A8CC,2DBD7D8C,F2EC7F4B"/><T93/><D0/><U32/><E70/><V100/><F113/><W73/><G126/><T72/><D66/><U52/><E122/><V44/><F71/><W67/><G99/><T47/><D47/><N who="2" m="17962" /><F2/><W12/><G37/><T108/><D18/><U78/><E124/><V111/><F111/><N who="0" m="42538" /><D121/><U54/><E115/><V43/><F43/><W11/><G45/><T9/><D9/><U33/><E134/><V131/><F131/><W114/><G114/><T107/><D130/><U10/><E78/><V127/><F5/><W51/><G51/><T74/><D94/><U95/><E106/><N who="0" m="40489" /><D93/><U128/><E128/><V41/><F41/><W8/><G67/><T31/><D31/><U39/><E39/><V15/><F127/><W42/><G42/><T19/><D19/><U30/><E28/><V62/><F16/><W101/><G11/><T105/><D105/><U119/><E119/><V24/><F64/><W4/><G8/><T29/><D29/><U123/><E123/><V22/><F22/><W98/><G23/><T38/><D38/><U120/><E120/><V40/><F21/><W6/><G6/><T125/><D125/><U36/><E36/><V109/><F40/><W90/><G4/><T88/><D89/><N who="1" m="55407" /><E33/><V133/><F109/><W50/><G90/><T87/><D97/><U86/><E86/><V116/><F85/><W65/><G98/><T68/><D68/><U17/><E54/><V3/><F3/><W69/><G53/><T103/><D103/><U117/><E117/><V20/><F116/><W79/><G55/><T35/><D35/><U132/><E132/><RYUUKYOKU ba="2,0" sc="493,15,7,15,250,-15,250,-15" hai0="72,74,82,83,87,88,92" hai1="10,14,17,26,30,32,48,49,52,56" /><INIT seed="0,3,0,5,1,39" ten="508,22,235,235" oya="0" hai0="116,17,96,70,21,80,90,8,120,22,16,7,26" hai1="14,76,28,65,98,33,118,111,34,69,104,108,68" hai2="128,62,30,31,58,40,46,135,79,47,4,124,56" hai3="52,73,49,81,99,9,92,32,45,64,3,78,75" shuffle="mt19937ar,B2265A0F,20358E93,6E6E815C,589F3388,36DAD5EF,46C07C3D,A720BBCB,E9D15C8E"/><T67/><D116/><U55/><E118/><V5/><F124/><W61/><G32/><N who="1" m="12394" /><E28/><N who="2" m="10795" /><F128/><W13/><G3/><T119/><D119/><U53/><E76/><V25/><F135/><W29/><G29/><T91/><D120/><U93/><E14/><V82/><F25/><W125/><G125/><T86/><D67/><U121/><E121/><V84/><F56/><W129/><G129/><T94/><D70/><N who="1" m="27243" /><E65/><N who="2" m="39127" /><F40/><W88/><G75/><T114/><D114/><U10/><E10/><V115/><F115/><W101/><G64/><T127/><D127/><U112/><E112/><V85/><F85/><W6/><REACH who="3" step="1"/><G61/><REACH who="3" step="2"/><T117/><D117/><U57/><E57/><V103/><F47/><W54/><G54/><T66/><D66/><U48/><E48/><V133/><F46/><W126/><G126/><T11/><D7/><N who="2" m="2634" /><F133/><W83/><G83/><T1/><D1/><U109/><E104/><V20/><F82/><W27/><G27/><AGARI ba="3,1" hai="8,11,16,17,21,22,26,27,80,86,90,91,94,96" machi="27" ten="30,11600,0" yaku="7,1,9,1,8,1,54,1" doraHai="39" who="0" fromWho="3" sc="508,135,22,0,235,0,225,-125" /><INIT seed="0,4,0,2,4,17" ten="643,22,235,100" oya="0" hai0="134,112,125,6,98,94,87,52,60,50,8,88,69" hai1="45,77,30,24,29,28,83,35,72,76,40,44,113" hai2="105,36,46,67,48,61,108,120,5,58,53,55,95" hai3="109,118,119,31,19,100,63,51,135,103,42,101,71" shuffle="mt19937ar,644FBE12,C746D1E7,630B70B0,09F5AE9D,D6860FD9,2AE9E34D,68D1E807,28AE0E80"/><T25/><D112/><U22/><E77/><V122/><F105/><W64/><G135/><T84/><D125/><U20/><E113/><V129/><F5/><W66/><G109/><T49/><D134/><U107/><E107/><V104/><F104/><W86/><G31/><T130/><D130/><U127/><E127/><V65/><F95/><W56/><G86/><T33/><D69/><U47/><E40/><N who="2" m="22791" /><F108/><W10/><G66/><N who="2" m="25097" /><F129/><W110/><G110/><T32/><D60/><U79/><E76/><V16/><F16/><W2/><G2/><T131/><D49/><U0/><E0/><V111/><F111/><W116/><G42/><T82/><D131/><U114/><E114/><V106/><F106/><W115/><G115/><T123/><D84/><U13/><REACH who="1" step="1"/><E35/><REACH who="1" step="2"/><V3/><F3/><W92/><G119/><T91/><D33/><U78/><E78/><V124/><F124/><W39/><G118/><T133/><D32/><U15/><E15/><V18/><F120/><W37/><G116/><T27/><D123/><U38/><E38/><V14/><F122/><W97/><G39/><T121/><D121/><U93/><E93/><V102/><F14/><W75/><G37/><T62/><D133/><U132/><E132/><V117/><F117/><W57/><G71/><T34/><D34/><U4/><E4/><V26/><F26/><W23/><G92/><T96/><D27/><U128/><E128/><V89/><F102/><W7/><G103/><T99/><D25/><U81/><E81/><V11/><F89/><N who="0" m="34378" /><D94/><U73/><E73/><V85/><F85/><W68/><G68/><RYUUKYOKU ba="4,1" sc="643,-10,12,30,235,-10,100,-10" hai1="13,20,22,24,28,29,30,44,45,47,72,79,83" /><INIT seed="1,5,1,5,5,86" ten="633,42,225,90" oya="1" hai0="45,53,68,104,129,46,11,3,107,82,122,25,37" hai1="9,113,135,65,83,101,117,42,16,94,66,35,57" hai2="105,43,48,109,26,12,62,33,103,99,51,20,76" hai3="30,130,24,40,47,60,74,58,84,28,102,1,116" shuffle="mt19937ar,478F1BCF,D45C0CDA,5E9523A2,B4BB899E,276B7FDA,18E93FC1,0CADCD6C,8B0231CF"/><U110/><E35/><V118/><F118/><W29/><G74/><T19/><D68/><U125/><E117/><V97/><F109/><W91/><G116/><T44/><D122/><U72/><E113/><V18/><F76/><W7/><G130/><T31/><D37/><U67/><E110/><V2/><F2/><W95/><G102/><T55/><D129/><U27/><E135/><V126/><F126/><W90/><G1/><T78/><D104/><U0/><E0/><V10/><F33/><W59/><G7/><T112/><D107/><U49/><E125/><V100/><F43/><W69/><G69/><T38/><D38/><U52/><E42/><V115/><F115/><W15/><G15/><T121/><D121/><U98/><E72/><V108/><F108/><W5/><G5/><T64/><D64/><U123/><E123/><V39/><F39/><W85/><G24/><T54/><D112/><U14/><E83/><V131/><F62/><W133/><G133/><T32/><D3/><U92/><E27/><V111/><F131/><W22/><G22/><T87/><D19/><U128/><E128/><V124/><F124/><W132/><G132/><T73/><D11/><U21/><E92/><V119/><F119/><W34/><G34/><T17/><D17/><U4/><E4/><V75/><F75/><W61/><G40/><T127/><D127/><U79/><E79/><V56/><F111/><W36/><G36/><T70/><D73/><U71/><E71/><V114/><F114/><W89/><G47/><N who="0" m="17995" /><D70/><U81/><E81/><V13/><F105/><W88/><G85/><RYUUKYOKU ba="5,1" sc="633,10,42,10,225,-30,90,10" hai0="25,31,32,46,53,54,55,78,82,87" hai1="9,14,16,21,49,52,57,65,66,67,94,98,101" hai3="28,29,30,58,59,60,61,84,88,89,90,91,95" /><INIT seed="1,6,1,0,5,23" ten="643,52,195,100" oya="1" hai0="51,82,11,101,113,109,29,72,5,85,43,116,19" hai1="94,79,86,36,66,50,25,88,118,48,108,4,3" hai2="130,99,90,6,60,84,117,132,93,58,103,64,74" hai3="35,52,32,71,10,119,126,102,53,49,70,83,92" shuffle="mt19937ar,CB2E7E45,5844AC1F,AF07EEE9,06290704,A68376B1,F86D6804,FC3A4F27,66BAAC40"/><U133/><E36/><V63/><F130/><W61/><G126/><T8/><D72/><U57/><E118/><V42/><F117/><W12/><G119/><T76/><D116/><U44/><E133/><V122/><F132/><W123/><G123/><T105/><D113/><U13/><E3/><V97/><F122/><W38/><G38/><T46/><D29/><U89/><E79/><V112/><F112/><W39/><G39/><T31/><D31/><U121/><E121/><V75/><F42/><W34/><G83/><T22/><D109/><U17/><E108/><V125/><F125/><W0/><G0/><T2/><D11/><N who="1" m="4327" /><E89/><V134/><F6/><W28/><G28/><T114/><D114/><U80/><E80/><V73/><F134/><W65/><G71/><T68/><D68/><U33/><E33/><V128/><F128/><W67/><G67/><T98/><D105/><U20/><E44/><V115/><F115/><W62/><G62/><AGARI ba="6,1" hai="17,20,25,48,50,57,62,66,86,88,94" m="4327" machi="62" ten="30,5800,0" yaku="8,1,52,1,54,1" doraHai="23" who="1" fromWho="3" sc="643,0,52,86,195,0,100,-76" /><INIT seed="1,7,0,5,5,108" ten="643,138,195,24" oya="1" hai0="126,132,57,84,37,95,128,2,106,101,40,19,54" hai1="89,28,13,66,113,103,68,110,58,121,122,12,3" hai2="41,38,21,117,124,127,64,14,7,111,39,10,50" hai3="83,15,100,123,63,60,131,34,107,44,109,85,97" shuffle="mt19937ar,72E51772,E257D744,29B1F957,E83476F8,44C06A62,BDDAF1CB,BE2FDF4D,D1941BCB"/><U74/><E3/><V71/><F111/><W105/><G109/><T99/><D2/><U61/><E74/><V102/><F117/><W98/><G34/><T125/><D128/><U31/><E110/><V119/><F119/><W116/><G116/><T42/><D37/><U76/><E76/><V130/><F130/><W23/><G131/><T75/><D75/><U27/><E68/><V82/><F102/><W73/><G123/><T129/><D129/><U59/><E103/><V114/><F82/><W47/><G73/><T43/><D132/><U11/><E89/><V133/><F133/><W94/><G23/><T81/><D19/><U45/><E45/><N who="2" m="25903" /><F21/><W16/><G105/><T46/><D46/><U20/><E31/><V8/><F8/><N who="3" m="6247" /><G98/><T6/><D6/><U104/><E104/><V87/><F87/><W70/><G70/><T93/><D81/><U55/><E13/><V118/><F118/><W69/><G69/><T33/><D33/><U96/><E96/><V30/><F30/><W1/><G107/><T0/><D0/><U24/><E24/><V77/><F77/><N who="3" m="46319" /><G1/><T36/><D84/><U86/><E86/><V135/><F135/><W32/><G32/><T62/><D36/><U67/><E122/><V56/><F71/><W4/><G4/><T65/><D106/><U120/><E121/><V17/><F7/><W18/><G18/><T72/><D72/><U90/><E120/><V51/><F39/><W29/><G29/><T115/><D99/><U48/><E28/><V78/><F38/><W79/><G79/><T53/><D101/><U91/><E20/><RYUUKYOKU ba="7,0" sc="643,-10,138,-10,195,-10,24,30" hai3="44,47,60,63,94,97,100" /><INIT seed="2,8,0,4,1,4" ten="633,128,185,54" oya="2" hai0="134,93,87,23,133,104,90,20,35,51,124,41,115" hai1="30,71,24,36,11,80,3,100,46,10,119,117,98" hai2="32,92,25,121,123,7,88,91,105,6,78,49,66" hai3="53,135,38,26,132,61,96,69,95,5,39,31,65" shuffle="mt19937ar,12BC0004,5703ABB8,C26E61B2,061BB7F3,9A33FA2D,AD21BAD6,DC88B44A,73988F3C"/><V1/><F105/><W125/><G5/><T113/><D104/><U70/><E80/><V128/><F78/><W106/><G53/><T108/><D35/><U79/><E79/><V43/><F66/><W15/><G15/><T45/><D124/><U84/><E84/><V76/><F76/><W94/><G94/><T127/><D127/><U42/><E119/><V63/><F63/><W89/><G125/><T101/><D101/><U14/><E117/><V75/><F75/><W120/><G120/><T60/><D60/><U82/><E82/><V17/><F91/><W44/><G106/><T85/><D85/><U68/><E14/><V131/><F49/><W40/><REACH who="3" step="1"/><G38/><REACH who="3" step="2"/><T34/><D93/><U16/><E3/><V12/><F12/><W56/><G56/><T86/><D115/><U83/><E83/><V48/><F7/><W19/><G19/><T77/><D113/><U103/><E16/><V9/><F6/><W110/><G110/><T29/><D108/><U47/><E46/><V130/><F17/><W18/><G18/><T22/><D45/><U81/><E81/><V111/><F121/><W27/><G27/><T114/><D114/><U62/><E24/><V112/><F25/><W59/><G59/><T122/><D122/><U37/><E36/><V97/><F123/><W54/><G54/><T21/><D77/><U57/><E30/><V50/><F92/><W28/><G28/><T109/><D29/><U129/><E57/><V0/><F111/><W74/><G74/><T2/><N who="0" m="5632" /><DORA hai="58" /><T126/><D109/><U13/><E13/><V116/><F1/><RYUUKYOKU ba="8,1" sc="633,-10,128,-10,185,-10,44,30" hai3="26,31,39,40,44,61,65,69,89,95,96,132,135" /><INIT seed="3,9,1,2,4,130" ten="623,118,175,74" oya="3" hai0="79,112,92,108,87,81,85,36,37,59,53,43,56" hai1="119,27,78,134,62,57,109,123,30,98,61,121,95" hai2="110,52,91,2,94,38,75,116,5,9,114,103,51" hai3="65,33,88,73,23,39,82,133,66,32,124,102,7" shuffle="mt19937ar,148380A0,921B7BDE,30209ABC,1133DEBC,AAF3548F,DEFA20A0,1CDA8827,A8D8A997"/><W71/><G39/><T34/><D34/><U16/><E119/><V21/><F38/><W25/><G102/><T15/><D112/><U80/><E109/><V35/><F35/><W96/><G7/><T50/><D108/><U0/><E0/><V76/><F110/><W77/><G124/><T24/><D24/><U64/><E62/><V3/><F114/><W126/><G126/><T86/><D56/><U10/><E10/><V68/><F68/><W22/><G133/><T44/><D37/><U132/><E16/><V17/><F103/><W101/><G23/><T106/><D106/><U128/><E128/><V135/><F135/><N who="1" m="51753" /><E80/><V40/><F3/><W6/><G6/><T93/><D15/><U41/><E41/><V70/><F40/><W83/><G101/><T14/><D14/><U19/><E19/><V60/><F60/><W29/><G29/><T49/><D36/><U26/><E78/><V131/><F131/><W31/><G83/><T100/><D100/><N who="1" m="60511" /><E26/><V28/><F28/><W125/><G125/><T47/><D59/><U104/><E104/><V127/><F127/><W120/><G120/><T115/><D115/><U113/><E113/><V55/><F116/><W12/><G71/><T54/><D43/><U1/><E1/><V20/><F70/><W48/><G48/><T84/><AGARI ba="9,1" hai="44,47,49,50,53,54,79,81,84,85,86,87,92,93" machi="84" ten="30,4000,0" yaku="0,1,9,1,8,1" doraHai="130" who="0" fromWho="0" sc="623,77,118,-19,175,-19,74,-29" owari="700,69,99,-25,156,-9,45,-35" /></mjloggm>