<mjloggm ver="2.3"><GO type="185"/><UN n0="%E6%84%9F%E8%AC%9D%E3%81%A7%E3%81%99" n1="%E5%8D%81%E5%85%AD%E5%A4%9C%E2%80%A0%E5%92%B2%E5%A4%9C" n2="%E7%A5%9E%E9%80%9F%E2%98%85%2E%63%6F%6D" n3="" dan="17,16,17,0" rate="2201,2199,2169,1500" sx="M,F,M,C"/><TAIKYOKU oya="0"/><INIT seed="0,0,0,1,0,120" ten="350,350,350,0" oya="0" hai0="52,35,131,109,50,104,128,126,91,123,93,75,127" hai1="97,45,119,46,71,80,85,78,44,118,115,72,63" hai2="53,34,51,39,38,62,70,81,94,129,95,132,117" hai3="" shuffle="mt19937ar,90CCFFF1,A06D8BC2,CB3974A4,F21E1799,3506CC9A,0AA1EBB8,A6EB80CA,3A2CAF4F"/><T110/><N who="0" m="31520" /><T77/><D35/><U48/><E115/><V66/><F34/><T88/><D104/><U90/><E48/><V58/><F117/><T69/><D69/><U84/><E97/><V73/><F129/><N who="0" m="49738" /><D77/><U96/><E96/><V107/><F107/><T57/><D75/><U41/><E41/><V1/><F1/><T55/><D55/><U64/><REACH who="1" step="1"/><E85/><REACH who="1" step="2"/><V135/><F51/><T122/><N who="0" m="31264" /><T125/><D91/><U108/><E108/><N who="0" m="41577" /><D127/><U67/><E67/><V133/><F66/><T99/><AGARI ba="0,1" hai="50,52,57,88,93,99,125,126" m="41577,31264,49738,31520" machi="99" ten="40,16000,3" yaku="19,1,14,1,10,1,52,5,54,2" doraHai="120" who="0" fromWho="0" sc="350,170,340,-80,350,-80,0,0" /><INIT seed="0,1,0,5,1,130" ten="520,260,270,0" oya="0" hai0="89,79,66,99,109,34,90,41,63,115,73,135,86" hai1="46,2,119,55,59,134,113,103,110,92,101,123,118" hai2="53,104,60,116,84,45,52,95,111,121,69,37,124" hai3="" shuffle="mt19937ar,F363A298,A2176662,C79926A2,3C277AFB,434ABB0A,A1EEC5DB,F8621B49,A1687258"/><T51/><D34/><U33/><N who="1" m="31520" /><U78/><E33/><V93/><N who="2" m="31008" /><V131/><F104/><T77/><D115/><U70/><E2/><V50/><F131/><T128/><D128/><U35/><E70/><V56/><F116/><T114/><D114/><U47/><E35/><V42/><F124/><T106/><D41/><U61/><E113/><V108/><F84/><T62/><D51/><U40/><E78/><V72/><F72/><T0/><D0/><U54/><E110/><V48/><F93/><T102/><D109/><N who="2" m="42058" /><F95/><T44/><D44/><U129/><E129/><V74/><F74/><T96/><D86/><U85/><E85/><V3/><F3/><T80/><D73/><U67/><E40/><V76/><F76/><T94/><D80/><U87/><E46/><V1/><F1/><T83/><D83/><U133/><E47/><V107/><F107/><T71/><D106/><U81/><E81/><V91/><F91/><T58/><D89/><U125/><E125/><V68/><F37/><T117/><D79/><U88/><E103/><V36/><F50/><T105/><D77/><U32/><E101/><V75/><F75/><T49/><D49/><U65/><E32/><V122/><N who="2" m="31264" /><V126/><F126/><RYUUKYOKU ba="1,0" sc="520,-10,260,-10,270,20,0,0" hai2="36,42,45,48,52,53,56,60,68,69" /><INIT seed="1,2,0,2,1,70" ten="510,250,290,0" oya="1" hai0="76,98,101,75,72,45,80,78,108,110,118,41,115" hai1="39,133,50,111,32,99,2,37,68,126,38,57,94" hai2="109,71,107,65,60,49,97,51,67,134,102,46,125" hai3="" shuffle="mt19937ar,11AF9C18,810F60BA,A8CB353A,BA579D25,151BCFE4,0DEB578D,FB7E2D27,42C74A21"/><U36/><E2/><V35/><F35/><T122/><N who="0" m="31264" /><T128/><D115/><U95/><E32/><V54/><F125/><T74/><D118/><U104/><E68/><V82/><F134/><T87/><D128/><U81/><E133/><V63/><F109/><N who="0" m="42090" /><D45/><U114/><E111/><V131/><F131/><T58/><D41/><U132/><E132/><V127/><F127/><T52/><D58/><U86/><E126/><V129/><F129/><T0/><D52/><U106/><E114/><V103/><F103/><T96/><D0/><U44/><E57/><V135/><F135/><T130/><D130/><U88/><N who="1" m="9216" /><DORA hai="93" /><U77/><REACH who="1" step="1"/><E95/><REACH who="1" step="2"/><V120/><N who="2" m="30752" /><V1/><F1/><T61/><D72/><U113/><E113/><V119/><F71/><T121/><D74/><U112/><E112/><V42/><F119/><T85/><D75/><U92/><E92/><V123/><F123/><T33/><D121/><U64/><E64/><V34/><F34/><T48/><D33/><U55/><AGARI ba="2,1" hai="44,50,55,77,81,86,88,94,99,104,106" m="9216" machi="55" ten="60,16000,3" yaku="1,1,0,1,52,5,54,1,53,1" doraHai="70,93" doraHaiUra="83,59" who="1" fromWho="1" sc="510,-82,240,174,290,-82,0,0" /><INIT seed="1,3,0,1,5,39" ten="428,414,208,0" oya="1" hai0="49,63,35,74,132,130,79,54,40,127,61,46,52" hai1="128,93,72,94,3,71,122,88,105,41,2,89,78" hai2="70,65,38,80,134,120,55,106,87,118,107,82,76" hai3="" shuffle="mt19937ar,336CA7E6,B79DAD0A,A29FF34B,20A64F93,5C135FDA,B66D4106,232ADCCF,27C17D84"/><U48/><N who="1" m="31264" /><U121/><N who="1" m="31008" /><U43/><E71/><V44/><N who="2" m="30752" /><V104/><F118/><T113/><D35/><U45/><E105/><V75/><F134/><T112/><D79/><U64/><E64/><V119/><F119/><T77/><D77/><U0/><E128/><V97/><F70/><T96/><D74/><U135/><E135/><V91/><F65/><T42/><D96/><U68/><E68/><V57/><F38/><T125/><D132/><U100/><E100/><V32/><F44/><T62/><D130/><U83/><REACH who="1" step="1"/><E43/><REACH who="1" step="2"/><N who="0" m="16425" /><D54/><U108/><E108/><V103/><REACH who="2" step="1"/><F32/><REACH who="2" step="2"/><T102/><D102/><U86/><E86/><V36/><F36/><T99/><D99/><U98/><E98/><V69/><F69/><T59/><D59/><U73/><E73/><V1/><F1/><T117/><D117/><U37/><E37/><V84/><F84/><T47/><D47/><U110/><E110/><V58/><F58/><T85/><D85/><U95/><AGARI ba="3,2" hai="0,2,3,41,45,48,72,78,83,88,89,93,94,95" m="31008,31264" machi="95" ten="40,12000,2" yaku="1,1,0,1,52,3,54,1,53,0" doraHai="39" doraHaiUra="53" who="1" fromWho="1" sc="428,-63,404,146,198,-63,0,0" /><INIT seed="1,4,0,4,5,89" ten="365,550,135,0" oya="1" hai0="44,109,125,106,130,75,67,118,63,58,38,2,92" hai1="34,90,36,32,1,120,121,46,113,57,53,100,79" hai2="49,94,77,101,104,91,112,45,70,111,73,3,87" hai3="" shuffle="mt19937ar,EA38E9F5,CB5A8121,77BEE040,FF6A6472,7DDBBD49,20172474,49854687,4AAE7831"/><U110/><N who="1" m="30752" /><U48/><N who="1" m="31008" /><U103/><E1/><V124/><F3/><T135/><D92/><U39/><E113/><V42/><F70/><T102/><D58/><U80/><E90/><V127/><F112/><T40/><D44/><U60/><E110/><V41/><F111/><T0/><D63/><U117/><E117/><V66/><F66/><T76/><D40/><U37/><E100/><V72/><F41/><T81/><D81/><U99/><E80/><V86/><F86/><T96/><D67/><U69/><E69/><V50/><F50/><T98/><D98/><U128/><E128/><V68/><F68/><T55/><D96/><U54/><REACH who="1" step="1"/><E79/><REACH who="1" step="2"/><V129/><F129/><T52/><D76/><U59/><E59/><V123/><N who="2" m="31520" /><V107/><F101/><T88/><D102/><U131/><E131/><V51/><F77/><T43/><D0/><U78/><E78/><V65/><F91/><T105/><D88/><U64/><E64/><V56/><F65/><T133/><D2/><U85/><E85/><V93/><F56/><T61/><D130/><U119/><E119/><V126/><F87/><T84/><D84/><U114/><E114/><V115/><F115/><T83/><D118/><U74/><E74/><RYUUKYOKU ba="4,1" sc="365,-10,540,20,135,-10,0,0" hai1="32,34,36,37,39,46,48,53,54,57,60,99,103" /><INIT seed="1,5,1,0,3,70" ten="355,560,125,0" oya="1" hai0="79,87,102,107,58,120,33,45,66,73,55,2,81" hai1="62,109,36,129,114,40,131,43,67,56,93,89,90" hai2="108,69,85,86,91,61,44,71,57,84,110,106,112" hai3="" shuffle="mt19937ar,6C49AC18,608860DF,93BC5676,8445F25D,80DF244D,391F8406,65516ED1,A5F952CC"/><U134/><E114/><V47/><F106/><T119/><N who="0" m="30752" /><T100/><D2/><U50/><E134/><V127/><F112/><T125/><D33/><U96/><E109/><V135/><F135/><T76/><D125/><U88/><E50/><V42/><F127/><T59/><D119/><U82/><E43/><V83/><F69/><T104/><D45/><U118/><E118/><V121/><N who="2" m="31008" /><V92/><F71/><T60/><D102/><U48/><E48/><V64/><F47/><T75/><D100/><U128/><E82/><V77/><REACH who="2" step="1"/><F86/><REACH who="2" step="2"/><T122/><N who="0" m="31264" /><T133/><D133/><U63/><E131/><V3/><F3/><T54/><D87/><U99/><E129/><V32/><F32/><T126/><D126/><U95/><E128/><V39/><AGARI ba="5,2" hai="39,42,44,57,61,64,77,83,84,85,91,92,108,110" m="31008" machi="39" ten="30,5900,0" yaku="1,1,0,1,52,2,53,0" doraHai="70" doraHaiUra="49" who="2" fromWho="2" sc="355,-25,560,-44,115,89,0,0" /><INIT seed="2,0,0,3,5,111" ten="330,516,204,0" oya="2" hai0="34,87,86,121,128,53,66,83,109,0,73,42,58" hai1="94,70,92,112,32,45,91,105,3,108,50,120,78" hai2="40,80,123,131,114,93,67,129,44,59,63,126,57" hai3="" shuffle="mt19937ar,568C1E3C,986DE297,C3E66977,395BACCD,B9379D61,DEF216CD,FE6CA94E,978F6C8C"/><V62/><N who="2" m="31520" /><V107/><F107/><T90/><N who="0" m="31008" /><T64/><D109/><U125/><N who="1" m="30752" /><U75/><E3/><V76/><F93/><T36/><D0/><U39/><E32/><V99/><F99/><T115/><D34/><U110/><E39/><V89/><F89/><T98/><D73/><U48/><E70/><V69/><F126/><T135/><D128/><U41/><E105/><V51/><F114/><T104/><D135/><U77/><E125/><V35/><F35/><T95/><D42/><U133/><E133/><V1/><F1/><T46/><D36/><U60/><E41/><V65/><F69/><T96/><D115/><U101/><E112/><V134/><REACH who="2" step="1"/><F134/><REACH who="2" step="2"/><T106/><D104/><U97/><E91/><V81/><F81/><T116/><D106/><U102/><E110/><V100/><F100/><T117/><D83/><U61/><E108/><V47/><F47/><T79/><D98/><U103/><E97/><V132/><F132/><T52/><D46/><U55/><E45/><V82/><F82/><T72/><D96/><U33/><E103/><V88/><F88/><T56/><D90/><U122/><E33/><V43/><F43/><T74/><D95/><U2/><N who="1" m="31264" /><U38/><E94/><RYUUKYOKU ba="0,1" sc="330,10,516,-20,194,10,0,0" hai0="52,53,56,58,64,66,72,74,79,86,87,116,117" hai2="40,44,51,57,59,62,63,65,67,76,80,129,131" /><INIT seed="2,1,1,5,0,132" ten="340,496,204,0" oya="2" hai0="117,57,127,50,40,89,61,36,58,68,3,48,121" hai1="77,106,69,2,123,104,101,32,49,93,126,0,115" hai2="135,38,100,76,65,63,66,60,95,74,122,112,84" hai3="" shuffle="mt19937ar,7B73B705,BF2A4843,51DBF31B,8778BE75,164AE879,F0057915,38A85ACD,535FF194"/><V37/><N who="2" m="31264" /><V118/><F118/><T105/><N who="0" m="31008" /><T62/><D3/><U35/><N who="1" m="31520" /><U54/><E69/><V47/><F74/><T91/><D105/><U99/><E77/><V52/><F112/><T78/><D78/><U111/><E115/><V39/><F135/><T113/><D113/><U85/><E111/><V94/><F100/><T56/><D117/><U45/><E126/><V73/><F73/><T43/><D127/><U70/><E70/><V34/><F34/><T129/><D129/><U82/><E82/><V44/><F76/><T102/><D102/><U51/><E51/><V59/><F84/><T116/><D116/><U98/><E85/><V133/><F133/><T72/><D68/><U131/><E131/><V124/><F124/><T110/><D110/><U109/><E109/><V92/><REACH who="2" step="1"/><F63/><REACH who="2" step="2"/><T1/><D72/><U114/><E114/><V71/><F71/><T88/><D1/><U120/><N who="1" m="30752" /><U64/><E32/><V75/><F75/><T41/><D36/><U128/><E35/><V125/><F125/><T80/><D80/><U55/><E2/><V96/><F96/><T53/><D53/><U103/><E54/><V134/><F134/><T130/><D130/><U107/><E55/><RYUUKYOKU ba="1,2" sc="340,10,496,-20,194,10,0,0" hai0="40,41,43,48,50,56,57,58,61,62,88,89,91" hai2="37,38,39,44,47,52,59,60,65,66,92,94,95" /><INIT seed="2,2,2,3,1,114" ten="350,476,204,0" oya="2" hai0="120,82,69,106,36,52,54,62,32,71,75,125,119" hai1="113,64,1,67,89,84,118,101,81,104,126,115,133" hai2="68,61,53,111,70,88,116,59,40,66,134,78,33" hai3="" shuffle="mt19937ar,D1DE0752,FB8A42D3,870AE194,7652BB26,6B94F0CF,23CA4230,D2BAF853,4ED1CF2A"/><V80/><F33/><T117/><N who="0" m="30752" /><T3/><D32/><U41/><E1/><V123/><N who="2" m="31520" /><V49/><F134/><T73/><D3/><U98/><E41/><V97/><F116/><T0/><D0/><U85/><E64/><V56/><F111/><T58/><D106/><U77/><E67/><V63/><F40/><T91/><D36/><U135/><E126/><V96/><F88/><T93/><D125/><U74/><E118/><V83/><F83/><T2/><D2/><U39/><E39/><V107/><F107/><T43/><D43/><U102/><E102/><V105/><F105/><T35/><D35/><U90/><E90/><V100/><F100/><T122/><N who="0" m="31264" /><T103/><D103/><U130/><E130/><V109/><F109/><T124/><D124/><U55/><E115/><V79/><F79/><T50/><D82/><U45/><E113/><V87/><REACH who="2" step="1"/><F61/><REACH who="2" step="2"/><T108/><D108/><U128/><E135/><V72/><F72/><T131/><D75/><U92/><E133/><V127/><F127/><T47/><D73/><U121/><N who="1" m="31008" /><U65/><E74/><V60/><F60/><T99/><D131/><U76/><E128/><V44/><F44/><T34/><D34/><U110/><E104/><RYUUKYOKU ba="2,3" sc="350,10,476,-20,194,10,0,0" hai0="47,50,52,54,58,62,69,71,91,93,99,117,119" hai2="49,53,56,59,63,66,68,70,78,80,87,96,97" /><INIT seed="2,3,3,5,5,98" ten="360,456,204,0" oya="2" hai0="116,126,81,56,80,39,86,125,87,51,96,32,99" hai1="132,55,83,120,124,53,112,104,103,50,122,68,119" hai2="113,62,61,88,89,3,67,110,63,58,127,0,76" hai3="" shuffle="mt19937ar,F2F77A6B,E689E7F6,E1FA8AEB,5293732F,7D257987,CC71653A,F3F8983C,5F61EE78"/><V35/><F35/><T70/><D32/><U44/><N who="1" m="30752" /><U134/><N who="1" m="31264" /><U97/><E68/><V85/><F113/><T100/><D70/><U65/><E112/><V106/><F106/><T135/><D39/><U94/><E65/><V41/><F127/><N who="0" m="48650" /><D116/><U1/><E124/><V71/><F110/><T64/><D135/><N who="1" m="51755" /><E1/><V75/><F41/><T59/><D51/><U102/><E119/><V129/><F129/><T57/><D64/><U49/><E83/><N who="0" m="31817" /><D96/><U95/><E103/><V37/><F37/><T117/><D117/><U60/><E60/><V82/><F62/><T108/><D108/><U84/><E84/><V78/><F3/><T46/><D46/><AGARI ba="3,3" hai="44,46,49,50,53,55,94,95,97,102,104" m="51755,31264,30752" machi="46" ten="30,7700,0" yaku="20,1,52,3" doraHai="98" who="1" fromWho="0" sc="360,-83,456,113,204,0,0,0" /><INIT seed="4,0,0,2,4,37" ten="277,569,204,0" oya="0" hai0="73,43,0,71,108,107,51,77,79,41,113,69,111" hai1="47,135,49,78,52,87,129,119,57,64,96,110,44" hai2="101,75,62,114,33,109,104,134,35,121,39,124,93" hai3="" shuffle="mt19937ar,C2F52CA6,325C9355,CD727A95,A79BCFF4,940C4EDC,DBAA1388,770E2DB7,72C90534"/><T45/><D0/><U130/><E119/><V54/><RYUUKYOKU type="yao9" ba="0,0" sc="277,0,569,0,204,0,0,0" hai2="33,35,39,54,62,75,93,101,104,109,114,121,124,134" /><INIT seed="4,1,0,3,2,111" ten="277,569,204,0" oya="0" hai0="112,117,125,130,132,57,71,72,66,50,67,46,101" hai1="106,115,76,0,102,41,88,85,42,122,120,107,61" hai2="74,91,86,124,75,109,90,119,81,40,44,49,105" hai3="" shuffle="mt19937ar,D2BE729C,449A0DF5,2B971E39,31B48FBD,11B75049,6B3A773C,E55712EC,5144EFF0"/><T53/><D72/><U94/><N who="1" m="30752" /><U123/><N who="1" m="31264" /><U69/><N who="1" m="31520" /><U37/><E0/><V47/><F109/><T78/><D78/><U38/><E76/><V2/><F2/><T108/><D108/><U93/><E115/><V135/><F119/><T45/><D101/><U52/><E69/><V34/><F34/><T51/><D117/><U96/><E42/><V70/><F70/><T110/><D110/><U77/><E77/><V133/><F105/><T32/><D32/><U83/><E106/><V60/><F124/><T54/><D125/><U134/><E134/><V95/><F60/><T59/><D132/><U3/><E3/><V82/><F47/><N who="0" m="17930" /><D130/><U126/><E126/><V68/><F68/><T1/><D1/><U127/><E127/><V118/><F118/><T63/><D112/><U114/><E114/><V84/><REACH who="2" step="1"/><F95/><REACH who="2" step="2"/><T104/><D104/><U116/><E116/><V55/><F55/><T98/><D98/><U48/><E61/><V62/><F62/><T99/><D99/><U79/><E41/><V73/><AGARI ba="1,1" hai="40,44,49,73,74,75,81,82,84,86,90,91,133,135" machi="73" ten="40,6000,1" yaku="1,1,0,1,9,1,53,2" doraHai="111" doraHaiUra="128" who="2" fromWho="2" sc="277,-41,569,-21,194,72,0,0" /><INIT seed="5,0,0,0,1,83" ten="236,548,266,0" oya="1" hai0="101,118,120,48,41,37,80,125,39,53,96,33,132" hai1="92,109,123,90,103,87,58,88,99,63,131,32,51" hai2="2,106,57,74,54,78,100,62,52,107,86,44,135" hai3="" shuffle="mt19937ar,5D23EBEE,48AFF8FB,6AFD334D,1A4D1D4C,295551CB,F46C053F,3A780616,BBE0B576"/><U110/><N who="1" m="31520" /><U75/><E32/><V46/><F2/><T121/><N who="0" m="30752" /><T133/><N who="0" m="31008" /><T91/><D33/><U94/><E75/><V115/><F74/><T64/><D125/><U124/><E124/><V134/><F115/><T61/><D118/><U73/><E73/><V56/><F100/><T77/><D91/><U76/><E131/><V117/><F117/><T122/><N who="0" m="31264" /><T49/><D41/><U65/><E76/><V127/><F127/><T45/><D49/><U112/><E112/><V1/><F1/><T60/><D39/><U36/><E36/><V71/><F71/><T43/><D61/><U129/><E129/><V68/><F68/><T72/><D96/><U47/><REACH who="1" step="1"/><E90/><REACH who="1" step="2"/><V69/><F78/><T35/><D35/><U105/><E105/><V128/><F106/><T108/><D101/><U85/><E85/><V130/><F86/><T95/><D37/><U38/><E38/><V81/><F128/><T89/><D89/><U126/><E126/><V70/><F130/><T114/><D114/><U97/><E97/><V111/><F107/><T102/><D102/><U40/><AGARI ba="0,1" hai="40,47,51,58,63,65,87,88,92,94,99,103,109,110" m="31520" machi="40" ten="30,8000,1" yaku="1,1,0,1,52,2,54,1,53,0" doraHai="83" doraHaiUra="66" who="1" fromWho="1" sc="236,-40,538,90,266,-40,0,0" /><INIT seed="5,1,0,2,1,49" ten="196,628,226,0" oya="1" hai0="130,115,100,85,35,95,104,102,101,80,107,114,74" hai1="132,71,52,37,59,94,126,113,53,97,77,1,124" hai2="54,96,62,45,116,122,34,36,51,46,42,67,33" hai3="" shuffle="mt19937ar,0260A998,5C89085E,2587C8BB,2ADBE628,20EA6FB8,D5777878,7E28FEA0,E917E433"/><U129/><E1/><V68/><N who="2" m="31264" /><V131/><F116/><T121/><N who="0" m="31008" /><T86/><D35/><U65/><E37/><V38/><F131/><T125/><D125/><N who="1" m="48235" /><E129/><V32/><F96/><T103/><D130/><U69/><E77/><V70/><REACH who="2" step="1"/><F36/><REACH who="2" step="2"/><T92/><D115/><U55/><E113/><V0/><F0/><T91/><D114/><U98/><E132/><V64/><F64/><T81/><N who="0" m="25600" /><DORA hai="79" /><T112/><D112/><U90/><E98/><V57/><AGARI ba="1,1" hai="32,33,34,38,42,45,46,51,54,57,62,67,68,70" m="31264" machi="57" ten="30,5900,0" yaku="1,1,0,1,52,2,53,0" doraHai="49,79" doraHaiUra="93,99" who="2" fromWho="2" sc="196,-21,628,-40,216,71,0,0" /><INIT seed="6,0,0,5,3,94" ten="175,588,287,0" oya="2" hai0="81,58,134,37,55,68,41,77,56,126,64,75,76" hai1="43,88,132,71,100,60,0,112,51,54,99,40,97" hai2="87,98,3,49,38,85,115,32,89,35,2,42,33" hai3="" shuffle="mt19937ar,A4DBF445,6340FDAB,6EA7BB20,572236A6,967AE84E,CCBB6862,9D422646,47EDD3C8"/><V53/><F115/><T101/><D134/><U96/><E0/><V34/><F38/><T78/><D126/><U107/><E112/><V95/><F42/><T129/><D129/><U86/><E132/><V46/><N who="2" m="8192" /><DORA hai="104" /><V118/><REACH who="2" step="1"/><F118/><REACH who="2" step="2"/><T66/><D41/><U105/><E40/><V52/><F52/><T62/><D37/><U122/><E43/><V111/><F111/><T83/><D75/><U57/><E54/><V45/><F45/><T119/><D119/><U79/><E122/><V36/><F36/><T92/><D64/><U1/><E1/><AGARI ba="0,1" hai="1,2,3,46,49,53,85,87,89,95,98" m="8192" machi="1" ten="70,6800,0" yaku="1,1,52,1,53,0" doraHai="94,104" doraHaiUra="70,69" who="2" fromWho="1" sc="175,0,588,-68,277,78,0,0" /><INIT seed="6,1,0,5,4,64" ten="175,520,355,0" oya="2" hai0="49,82,34,134,85,44,63,43,115,118,128,79,47" hai1="50,91,131,68,46,104,95,103,88,101,129,73,41" hai2="87,2,93,69,126,37,130,57,113,71,107,98,90" hai3="" shuffle="mt19937ar,0B872154,CFB2A713,63679D5F,15919F0A,3F6953C9,9D1F10CE,E07261C9,218848F8"/><V48/><F2/><T127/><D85/><U81/><E68/><V96/><F37/><T102/><D82/><U109/><E109/><V52/><F130/><N who="1" m="49673" /><E104/><V122/><N who="2" m="31264" /><V67/><F126/><T125/><D102/><N who="1" m="38923" /><E95/><V111/><F111/><T65/><D79/><AGARI ba="1,0" hai="41,46,50,73,79,81,88,91" m="38923,49673" machi="79" ten="30,2000,0" yaku="19,1,54,1" doraHai="64" who="1" fromWho="0" sc="175,-22,520,22,355,0,0,0" owari="153,-45,542,49,355,-4,0,0" /></mjloggm>