<mjloggm ver="2.3"><GO type="225"/><UN n0="%E3%81%B6%E3%81%A3%E3%81%A8%E3%81%B3%E4%BE%8D" n1="%62%61%6B%61%73%65" n2="%E8%B6%85%E3%83%92%E3%83%A2%E3%83%AA%E3%83%AD" n3="%E3%80%93%E3%81%84%E3%81%A1%E3%81%AF%E3%82%89%E3%80%93" dan="16,16,17,16" rate="2088,2017,2083,2054" sx="M,F,F,M"/><TAIKYOKU oya="0"/><INIT seed="0,0,0,2,5,110" ten="250,250,250,250" oya="0" hai0="1,29,93,94,112,37,13,86,100,51,75,32,95" hai1="17,127,4,91,70,90,109,28,119,105,71,60,31" hai2="0,131,48,45,42,114,77,134,124,72,98,123,44" hai3="82,2,33,21,101,84,88,130,36,106,117,34,66" shuffle="mt19937ar,E7E262C5,A739569D,632D5139,1D10C78F,BF0A1E33,98687C01,14AA7C99,D7ECFFF4"/><T120/><D1/><U80/><E119/><V89/><F123/><W54/><G36/><T27/><D37/><U46/><E105/><V92/><F0/><W59/><G2/><T50/><D75/><U26/><E109/><V40/><F134/><W24/><G117/><T9/><D120/><U10/><E127/><V67/><F124/><W122/><G122/><T125/><D125/><U11/><E46/><V55/><F131/><W39/><G39/><T8/><D8/><U104/><E104/><V47/><F67/><W79/><G130/><T116/><D116/><U43/><E60/><V35/><F35/><W30/><G66/><T64/><D64/><U103/><E80/><V69/><F69/><W49/><G101/><T76/><D100/><U56/><E103/><V83/><REACH who="2" step="1"/><F114/><REACH who="2" step="2"/><W68/><G68/><T18/><D112/><U14/><E71/><V133/><F133/><W41/><G106/><T115/><D115/><U53/><E70/><V126/><F126/><W65/><G65/><T12/><D32/><U129/><E129/><V62/><F62/><W111/><G111/><T135/><D135/><U85/><E4/><V19/><F19/><W107/><G107/><T15/><D18/><U38/><E17/><V102/><F102/><W52/><G41/><AGARI ba="0,1" hai="40,41,42,44,45,47,48,55,72,77,83,89,92,98" machi="41" ten="40,1300,0" yaku="1,1,53,0" doraHai="110" doraHaiUra="7" who="2" fromWho="3" sc="250,0,250,0,240,23,250,-13" /><INIT seed="1,0,0,1,3,132" ten="250,250,263,237" oya="1" hai0="27,118,78,49,23,47,123,125,40,90,109,68,0" hai1="17,39,114,62,135,3,87,24,92,46,69,19,54" hai2="99,105,52,36,122,70,113,29,55,15,103,79,84" hai3="9,65,86,18,112,130,33,89,95,38,5,34,119" shuffle="mt19937ar,396A0CE9,D668DB9A,E033BBCB,25FF842A,8003D0A6,6084377E,BC186B4D,EA8B863D"/><U64/><E114/><V101/><F122/><W124/><G38/><T67/><D0/><U28/><E3/><V58/><F70/><W94/><G112/><T91/><D118/><U1/><E1/><V50/><F36/><W44/><G119/><T93/><D123/><U82/><E135/><V20/><F113/><W129/><G44/><T8/><D8/><U66/><E92/><V80/><F101/><W100/><G65/><T25/><D78/><U121/><E66/><V16/><F29/><W45/><G45/><T76/><D76/><U13/><E121/><V26/><REACH who="2" step="1"/><F55/><REACH who="2" step="2"/><W72/><G130/><T98/><D68/><U104/><E54/><V73/><F73/><W102/><G72/><T134/><D134/><U133/><E28/><V7/><F7/><W59/><G18/><T12/><D67/><U75/><E75/><V43/><F43/><W74/><G74/><T71/><D71/><U37/><E19/><V60/><F60/><W116/><G129/><T131/><D131/><U107/><E62/><V97/><F97/><W63/><G102/><T22/><D98/><U120/><E39/><V56/><F56/><W42/><G42/><T111/><D40/><U77/><E64/><V115/><F115/><W53/><G116/><T48/><D111/><U96/><E69/><V61/><F61/><W106/><G100/><T35/><D109/><U128/><E128/><V6/><F6/><W88/><G5/><T117/><D117/><U10/><E133/><V11/><F11/><W83/><G9/><T41/><D41/><N who="1" m="22831" /><E120/><V85/><F85/><W127/><G86/><RYUUKYOKU ba="0,1" sc="250,-10,250,-10,253,30,237,-10" hai2="15,16,20,26,50,52,58,79,80,84,99,103,105" /><INIT seed="2,1,1,2,0,26" ten="240,240,283,227" oya="2" hai0="82,0,24,18,76,33,8,103,29,80,121,74,70" hai1="91,57,83,75,36,53,135,122,115,21,126,37,123" hai2="69,71,40,27,85,65,131,127,64,134,4,67,86" hai3="10,28,3,77,130,73,109,119,88,94,35,55,112" shuffle="mt19937ar,5CB42854,82FBE4A8,1D2B97E4,AD33ACA6,2410AE03,C9FC3036,AD9B9B55,EB2582D3"/><V25/><F127/><W43/><G119/><T54/><D121/><N who="1" m="46091" /><E115/><V14/><F131/><W30/><G112/><T48/><D70/><U87/><E126/><V39/><F134/><W133/><G130/><T58/><D103/><U2/><E2/><V45/><F69/><W6/><G133/><T7/><D82/><U61/><E135/><V105/><F105/><W117/><G117/><T113/><D113/><U104/><E104/><V11/><F71/><W44/><G35/><T32/><REACH who="0" step="1"/><D18/><REACH who="0" step="2"/><U108/><E75/><V128/><F128/><W132/><G132/><T106/><D106/><U84/><E108/><V62/><F62/><W81/><G109/><T118/><D118/><U46/><E83/><V72/><F72/><W92/><G92/><T5/><D5/><U78/><E78/><V15/><F15/><W93/><G93/><T12/><D12/><U42/><E91/><V51/><F39/><N who="3" m="21631" /><G55/><T20/><AGARI ba="1,2" hai="0,7,8,20,24,29,32,33,48,54,58,74,76,80" machi="20" ten="20,12000,2" yaku="1,1,0,1,7,1,52,1,53,2" doraHai="26" doraHaiUra="31" who="0" fromWho="0" sc="230,143,240,-31,283,-61,227,-31" /><INIT seed="3,0,0,3,2,108" ten="373,209,222,196" oya="3" hai0="8,126,94,115,65,119,24,26,92,72,29,99,6" hai1="95,44,14,127,49,28,110,34,31,7,117,81,50" hai2="32,10,135,52,20,60,82,130,88,122,42,86,113" hai3="132,87,134,104,78,38,53,55,109,63,116,101,57" shuffle="mt19937ar,CBA2754D,F89B5431,BCDC6384,019F37C9,AA634D4C,F145F360,3668972F,4959998D"/><W19/><G116/><T128/><D72/><U114/><E114/><V3/><F113/><W75/><G38/><T25/><D115/><U129/><E110/><V90/><F32/><W46/><G109/><T41/><D128/><U85/><E129/><V47/><F130/><W62/><G75/><T71/><D126/><U66/><E127/><V83/><F135/><N who="3" m="51755" /><G19/><T16/><D41/><U17/><E34/><V125/><F125/><W73/><G73/><T21/><D119/><U23/><E117/><V56/><F122/><W33/><G33/><T4/><D65/><U106/><E106/><V39/><F20/><W27/><G27/><N who="0" m="16623" /><D71/><U15/><E66/><V80/><REACH who="2" step="1"/><F86/><REACH who="2" step="2"/><W9/><G9/><T43/><D8/><N who="1" m="4383" /><E95/><V70/><F70/><W89/><G104/><T40/><D94/><U84/><E85/><V61/><F61/><N who="3" m="36015" /><G101/><T48/><D4/><AGARI ba="0,1" hai="3,4,10,39,42,47,52,56,60,80,82,83,88,90" machi="4" ten="40,12000,2" yaku="1,1,54,2,53,3" doraHai="108" doraHaiUra="77" who="2" fromWho="0" sc="373,-120,209,0,212,130,196,0" owari="253,0,209,-14,342,34,196,-20" /></mjloggm>