<mjloggm ver="2.3"><GO type="169"/><UN n0="%E4%B8%80%E6%96%B9%E9%80%9A%E8%A1%8C" n1="%45%56%41%4E%53%49%55" n2="%E3%82%A2%E3%83%B3%E3%82%B3%E3%83%AD%E3%82%AD%E3%83%B3%E3%82%B0" n3="%E3%81%93%E3%81%AE%E3%81%8D%E3%83%BC" dan="16,16,17,17" rate="2051,2086,2138,2059" sx="M,M,M,M"/><TAIKYOKU oya="0"/><INIT seed="0,0,0,1,4,32" ten="250,250,250,250" oya="0" hai0="91,14,21,28,76,46,92,8,0,115,65,129,120" hai1="110,125,84,67,35,131,103,69,43,56,3,33,47" hai2="95,2,100,106,83,25,89,133,104,73,49,55,134" hai3="135,42,107,71,50,109,13,81,119,72,82,113,85" shuffle="mt19937ar,A73FB2A8,AC6E6A48,DAF7A873,6DA88DAA,B1A38362,75E157CC,738EB50C,7F83F989"/><T112/><D120/><U78/><E110/><V1/><F25/><W53/><G71/><T41/><D129/><U30/><E131/><V63/><F63/><W68/><G68/><T132/><D65/><U101/><E69/><V127/><F127/><W102/><G42/><T6/><D76/><U37/><E125/><V77/><F49/><W18/><G119/><T90/><D132/><N who="2" m="50794" /><F55/><W5/><G5/><T96/><D91/><U116/><E116/><V105/><F100/><W118/><G102/><T17/><REACH who="0" step="1"/><D28/><REACH who="0" step="2"/><U16/><E30/><V114/><F114/><W4/><G113/><T62/><D62/><U23/><E67/><V38/><F38/><AGARI ba="0,1" hai="0,6,8,14,17,21,38,41,46,90,92,96,112,115" machi="38" ten="30,11600,0" yaku="1,1,7,1,52,1,53,1" doraHai="32" doraHaiUra="7" who="0" fromWho="2" sc="240,126,250,0,250,-116,250,0" /><INIT seed="0,1,0,4,0,10" ten="366,250,134,250" oya="0" hai0="114,110,91,83,73,44,100,66,102,90,134,1,0" hai1="19,48,98,58,18,60,43,128,69,113,92,35,17" hai2="45,6,70,132,36,54,125,81,85,22,31,76,23" hai3="72,93,131,7,94,28,135,13,9,89,104,95,103" shuffle="mt19937ar,C5E807A9,3287696F,C823929A,6814B4FB,EE656DAF,4909640A,5546F24B,4AF21CD0"/><T24/><D114/><U86/><E35/><V21/><F70/><W97/><G135/><T65/><D134/><U124/><E69/><V12/><F132/><W96/><G131/><T84/><D73/><U57/><E128/><V111/><F125/><W87/><G72/><T71/><D110/><U78/><E124/><V4/><F111/><W74/><G74/><T133/><D133/><U117/><E117/><V34/><F36/><W42/><G42/><T41/><D24/><U127/><E127/><V38/><F34/><W63/><G28/><T25/><D25/><U108/><E108/><V2/><F2/><W101/><REACH who="3" step="1"/><G63/><REACH who="3" step="2"/><T79/><D41/><U68/><E43/><V8/><F31/><W5/><G5/><T16/><D16/><U109/><E109/><V26/><F38/><W119/><G119/><T33/><D33/><U107/><E60/><V112/><F112/><W116/><G116/><T50/><D50/><U106/><E48/><N who="2" m="28943" /><F26/><W123/><G123/><T47/><D71/><U56/><E68/><V80/><F4/><W62/><G62/><T99/><D1/><U27/><E27/><V53/><F53/><W61/><G61/><T40/><D0/><U46/><E113/><V52/><F52/><W77/><G77/><T37/><D79/><U14/><E78/><V59/><F76/><W120/><G120/><T130/><D130/><U118/><E118/><V39/><F39/><W67/><G67/><T126/><D126/><U105/><E19/><V49/><F85/><W51/><G51/><T75/><D37/><U30/><E86/><V15/><F49/><RYUUKYOKU ba="1,1" sc="366,-10,250,-10,134,-10,240,30" hai3="7,9,13,87,89,93,94,95,96,97,101,103,104" /><INIT seed="1,2,1,4,1,131" ten="356,240,124,270" oya="1" hai0="106,93,64,48,28,13,91,58,55,11,77,44,99" hai1="79,62,50,97,8,120,116,134,18,124,39,9,10" hai2="30,6,47,14,125,100,118,4,129,132,26,1,76" hai3="0,98,108,82,113,32,80,104,89,27,2,117,29" shuffle="mt19937ar,FA751A94,A33A5533,A104ABB4,77BBC173,2F12339A,BA43087D,4B4B944F,5BF140BA"/><U109/><E116/><V17/><F118/><W102/><G117/><T33/><D106/><U52/><E120/><V34/><F76/><W68/><G113/><T94/><D77/><U43/><E134/><V101/><F129/><W72/><G108/><T37/><D33/><U107/><E109/><V83/><F125/><W115/><G115/><T7/><D28/><U25/><E124/><V60/><F83/><W96/><G72/><T135/><D135/><U73/><E43/><V46/><F132/><W105/><G68/><T56/><D37/><U21/><E39/><V126/><F126/><W54/><G54/><T49/><D64/><U63/><E73/><V110/><F60/><N who="1" m="23081" /><E107/><V114/><F114/><W70/><G70/><T51/><D94/><U38/><E38/><V35/><F110/><W36/><G36/><T23/><D23/><U24/><E79/><V90/><F90/><W112/><G112/><T95/><D93/><U20/><E97/><V66/><F66/><W75/><G75/><T78/><D78/><U59/><E21/><N who="2" m="11447" /><F34/><W81/><REACH who="3" step="1"/><G89/><REACH who="3" step="2"/><T121/><D121/><U19/><E25/><N who="2" m="18895" /><F101/><AGARI ba="2,2" hai="0,2,27,29,32,80,81,82,96,98,101,102,104,105" machi="101" ten="40,2600,0" yaku="1,1,9,1,53,0" doraHai="131" doraHaiUra="84" who="3" fromWho="2" sc="356,0,240,0,124,-32,260,52" /><INIT seed="2,0,0,1,4,30" ten="356,240,92,312" oya="2" hai0="61,86,62,93,38,77,18,51,34,124,91,118,5" hai1="110,128,115,132,21,26,47,130,45,22,57,114,135" hai2="20,99,53,66,3,32,63,127,64,74,59,48,92" hai3="35,117,9,67,54,4,8,41,104,122,106,129,69" shuffle="mt19937ar,72B700D9,BA880764,E00925FC,8CB247A3,3C86EFB2,7D4A6D98,598FAA3B,B5CBF90E"/><V111/><F74/><W79/><G41/><T112/><D38/><U95/><E95/><V65/><F3/><W101/><G79/><T88/><D112/><U70/><E70/><V15/><F127/><W125/><G54/><T43/><D124/><U105/><E105/><V71/><F111/><W17/><G67/><T76/><D118/><U11/><E57/><V126/><F126/><W82/><G82/><N who="0" m="49239" /><D34/><U42/><E42/><V85/><F32/><W81/><G35/><T10/><D5/><U123/><E11/><V78/><F78/><W60/><G4/><T87/><D77/><U133/><E123/><V0/><F0/><W90/><G69/><T94/><D76/><U96/><E96/><V97/><F97/><W116/><G106/><T89/><D18/><U131/><E26/><V2/><F2/><W31/><G17/><T28/><D28/><U16/><E16/><N who="2" m="10271" /><F99/><W7/><G31/><T6/><D10/><U103/><E110/><V75/><F75/><W55/><G8/><T50/><D6/><U107/><E107/><V98/><F98/><W58/><G9/><T46/><D51/><U84/><E84/><AGARI ba="0,0" hai="43,46,50,61,62,84,87,89,91,93,94" m="49239" machi="84" ten="30,2000,0" yaku="8,1,54,1" doraHai="30" who="0" fromWho="1" sc="356,20,240,-20,92,0,312,0" /><INIT seed="3,0,0,1,3,95" ten="376,220,92,312" oya="3" hai0="135,123,74,108,78,39,100,88,76,120,19,33,89" hai1="72,45,71,132,65,118,129,38,101,46,34,17,115" hai2="66,44,131,68,24,2,40,62,22,73,30,93,90" hai3="27,86,111,35,28,81,117,98,15,14,31,47,0" shuffle="mt19937ar,DEE43851,F0312F4B,FFBA33E6,732A6706,F176C103,DA0B3900,94599223,6CE6A634"/><W12/><G117/><T121/><D39/><U60/><E34/><V29/><F73/><W7/><G111/><T79/><D33/><U3/><E3/><V83/><F2/><W20/><G47/><T13/><D74/><U70/><E115/><V4/><F131/><W77/><G31/><T18/><D108/><U41/><E129/><V85/><F4/><W56/><G56/><T25/><D135/><U59/><E132/><V75/><F75/><W122/><G122/><T104/><D25/><U116/><E72/><V112/><F112/><W26/><G26/><T124/><D124/><U54/><E101/><V21/><F83/><W103/><G0/><T67/><D67/><U48/><E17/><V6/><F6/><W32/><REACH who="3" step="1"/><G7/><REACH who="3" step="2"/><T134/><D134/><U97/><REACH who="1" step="1"/><E97/><REACH who="1" step="2"/><V42/><F29/><W127/><G127/><T96/><REACH who="0" step="1"/><D19/><REACH who="0" step="2"/><U10/><E10/><AGARI ba="0,3" hai="10,13,18,76,78,79,88,89,96,100,104,120,121,123" machi="10" ten="50,8000,1" yaku="1,1,2,1,52,1,54,1,53,0" doraHai="95" doraHaiUra="57" who="0" fromWho="1" sc="366,110,210,-80,92,0,302,0" /><INIT seed="4,0,0,3,4,95" ten="476,130,92,302" oya="0" hai0="110,82,119,35,101,94,64,77,125,129,107,9,117" hai1="120,75,116,79,57,124,43,70,97,96,15,24,51" hai2="83,20,19,8,27,46,23,50,68,73,32,3,2" hai3="89,112,67,91,34,36,106,14,18,65,135,104,102" shuffle="mt19937ar,B5A278F9,A5307761,6B7B4A39,3824EC2B,7A69F481,B5F94035,42A6CFA1,4A8BE4FF"/><T72/><D35/><U71/><E116/><N who="0" m="44617" /><D64/><U90/><E120/><V16/><F68/><W56/><G36/><T37/><D9/><U113/><E71/><V98/><F32/><W45/><G34/><T74/><D37/><U134/><E70/><V38/><F38/><W59/><G45/><T105/><D129/><U87/><E124/><V132/><F132/><W26/><G26/><T25/><D25/><U60/><E134/><V39/><F39/><W17/><G14/><T48/><D48/><U80/><E113/><V85/><F73/><W128/><G135/><T5/><D5/><U81/><E15/><V7/><F98/><W42/><G42/><T63/><D63/><U13/><E13/><V49/><F3/><W78/><G128/><T61/><D61/><U133/><E133/><V54/><F49/><W62/><G62/><T33/><D74/><U4/><E4/><V123/><F123/><W12/><G12/><T0/><D0/><U111/><E111/><V118/><F118/><W126/><G65/><T41/><D41/><U114/><E114/><V127/><F127/><W130/><G67/><T115/><D115/><U100/><E24/><V109/><F109/><W86/><G130/><T44/><D110/><U55/><REACH who="1" step="1"/><E100/><REACH who="1" step="2"/><V28/><REACH who="2" step="1"/><F23/><REACH who="2" step="2"/><W99/><G126/><T1/><D125/><U11/><E11/><V84/><F84/><W22/><G86/><T103/><D33/><U47/><AGARI ba="0,2" hai="43,47,51,55,57,60,75,79,80,81,87,90,96,97" machi="47" ten="30,7900,0" yaku="1,1,0,1,52,2,53,0" doraHai="95" doraHaiUra="88" who="1" fromWho="1" sc="476,-39,120,99,82,-20,302,-20" /><INIT seed="5,0,0,5,3,134" ten="437,219,62,282" oya="1" hai0="28,4,55,37,121,92,89,64,109,23,39,94,115" hai1="6,103,127,29,33,124,51,67,101,24,77,87,58" hai2="86,131,12,11,133,52,90,70,56,13,130,26,45" hai3="76,73,22,72,7,44,91,96,119,34,110,43,128" shuffle="mt19937ar,3B06592D,0C81FA8A,80DCE14B,DB9A94EE,50C6716D,3B78B45B,1F22F527,B8DF7513"/><U122/><E122/><V118/><F70/><W15/><G34/><T17/><D121/><U65/><E6/><V42/><F118/><W41/><G110/><T93/><D109/><U75/><E75/><V40/><F133/><W85/><G119/><T71/><D28/><U111/><E111/><V97/><F97/><W80/><G128/><N who="2" m="49193" /><F26/><W104/><G104/><T16/><D4/><U98/><E103/><V57/><F57/><W100/><G100/><T117/><D117/><U84/><E67/><V66/><F66/><W74/><G44/><T132/><D64/><U120/><E120/><V114/><F114/><W129/><G129/><T79/><D71/><U81/><E84/><V46/><F46/><W135/><G135/><T107/><D115/><U18/><E18/><N who="2" m="8479" /><F13/><W20/><G96/><T78/><D132/><U88/><E77/><V116/><F45/><W62/><G76/><T5/><D79/><U9/><E9/><V126/><F116/><W102/><G73/><T125/><D78/><U68/><E58/><V108/><F108/><W123/><G123/><T27/><D27/><U48/><E48/><N who="2" m="30727" /><F126/><W21/><G74/><T105/><D125/><N who="1" m="48203" /><E51/><V61/><F61/><W10/><G62/><T50/><D50/><U36/><E36/><V69/><F69/><W99/><G72/><T82/><D39/><U63/><E98/><V14/><F14/><W113/><G113/><T25/><D37/><U31/><E101/><V2/><F2/><W0/><G0/><T83/><D17/><U59/><E68/><V19/><F19/><W32/><G102/><T53/><D16/><RYUUKYOKU ba="0,0" sc="437,-15,219,15,62,15,282,-15" hai1="24,29,31,33,59,63,65,81,87,88" hai2="40,42,86,90" /><INIT seed="5,1,0,1,5,104" ten="422,234,77,267" oya="1" hai0="69,109,26,107,134,37,79,101,28,9,30,113,40" hai1="21,99,105,51,82,114,58,128,100,36,50,31,96" hai2="94,117,45,115,119,18,3,29,103,88,57,56,13" hai3="53,135,124,116,97,19,106,76,44,129,125,55,126" shuffle="mt19937ar,F18A3059,4F9D77BA,5BBB15B1,A57EAFFF,1A834C28,6A8B9DA5,D982A5BA,007C920D"/><U5/><E36/><V89/><F3/><W131/><G116/><T62/><D109/><U48/><E114/><V83/><F29/><W16/><G76/><T65/><D113/><U1/><E128/><N who="3" m="49226" /><G44/><N who="0" m="23567" /><D30/><U67/><E99/><V70/><F70/><W85/><G85/><T102/><D102/><U35/><E35/><V73/><F115/><W87/><G87/><T121/><D9/><U111/><E111/><V72/><F103/><N who="3" m="62831" /><G135/><T22/><D79/><U66/><E82/><V132/><F132/><W78/><G78/><T43/><D43/><U41/><E41/><V6/><F83/><W2/><G2/><T8/><D134/><U39/><E39/><V4/><F13/><W7/><G7/><T54/><D69/><U0/><E5/><V23/><F45/><W15/><G19/><T92/><D121/><U17/><E31/><V90/><F18/><W14/><G15/><T32/><D28/><U84/><E84/><V10/><F90/><W24/><G24/><T68/><D26/><U61/><REACH who="1" step="1"/><E66/><REACH who="1" step="2"/><V81/><F81/><W12/><G12/><AGARI ba="1,1" hai="0,1,12,17,21,48,50,51,58,61,67,96,100,105" machi="12" ten="40,7700,0" yaku="1,1,2,1,53,1" doraHai="104" doraHaiUra="95" who="1" fromWho="3" sc="422,0,224,90,77,0,267,-80" /><INIT seed="5,2,0,4,1,16" ten="422,314,77,187" oya="1" hai0="67,120,109,9,14,12,66,133,127,104,36,79,71" hai1="92,55,123,51,75,114,103,125,5,3,78,77,74" hai2="56,43,97,41,108,33,46,25,58,112,44,83,122" hai3="102,93,94,17,72,48,6,130,119,40,53,85,2" shuffle="mt19937ar,3497E89D,598772F9,A6A490D5,0AC94718,56B83845,A434D103,6F03861F,53076036"/><U45/><E123/><V91/><F122/><W132/><G72/><T86/><D120/><U62/><E75/><V8/><F108/><W105/><G40/><T65/><D109/><U90/><E74/><V37/><F112/><W135/><G119/><T57/><D71/><U23/><E103/><V30/><F8/><N who="3" m="2135" /><G130/><T32/><D32/><U29/><E114/><V20/><F33/><W99/><G85/><T47/><D127/><U100/><E125/><V73/><F97/><W21/><G48/><T24/><D133/><N who="3" m="51273" /><G53/><T13/><D86/><N who="1" m="52311" /><E100/><V0/><F0/><W69/><G69/><T64/><D36/><U76/><E3/><V124/><F124/><W59/><G59/><T87/><D57/><N who="1" m="35135" /><E5/><V42/><F42/><W95/><G105/><T11/><D104/><U35/><E35/><V34/><F34/><W60/><G60/><T106/><D106/><U54/><E29/><V113/><F113/><W117/><G117/><T39/><D39/><U28/><E28/><V15/><F15/><AGARI ba="2,0" hai="15,17,21,93,94,95,99,102" m="51273,2135" machi="15" ten="30,2000,0" yaku="20,1,52,1" doraHai="16" who="3" fromWho="2" sc="422,0,314,0,77,-26,187,26" /><INIT seed="6,0,0,5,1,28" ten="422,314,51,213" oya="2" hai0="66,113,31,131,38,18,59,84,130,34,119,127,23" hai1="132,90,65,109,3,100,123,135,63,10,6,79,69" hai2="76,77,54,25,92,0,116,112,51,73,94,37,67" hai3="99,48,17,5,110,39,70,108,62,2,83,11,124" shuffle="mt19937ar,8778A587,1A2023FF,6812C6F1,F9810E46,AEE85C21,9A1805E3,FBCA3668,64C16765"/><V133/><F37/><W50/><G39/><T122/><D38/><U35/><E109/><V102/><F116/><W88/><G124/><T78/><D122/><U126/><E126/><V52/><F0/><W85/><G17/><T53/><D127/><U1/><E90/><V74/><F67/><W32/><G32/><T27/><D113/><U30/><E1/><V22/><F112/><W128/><G128/><N who="0" m="49195" /><D66/><N who="1" m="41183" /><E79/><N who="2" m="30283" /><F74/><W118/><G118/><T117/><D84/><U9/><E65/><V82/><F73/><W13/><G70/><T42/><D42/><U43/><E9/><V4/><F133/><N who="1" m="51273" /><E43/><V93/><F4/><W105/><G2/><T95/><D78/><U8/><E10/><V98/><F82/><W134/><G83/><T21/><D95/><N who="2" m="36426" /><F51/><W68/><G50/><N who="0" m="31159" /><D23/><U45/><E45/><V75/><F75/><W29/><G5/><T120/><D120/><U71/><E100/><V14/><F14/><AGARI ba="0,0" hai="14,18,21,27,31,34,117,119" m="31159,49195" machi="14" ten="30,2000,0" yaku="19,1,52,1" doraHai="28" who="0" fromWho="2" sc="422,20,314,0,51,-20,213,0" /><INIT seed="7,0,0,5,4,6" ten="442,314,31,213" oya="3" hai0="118,49,110,50,95,129,60,18,84,115,12,39,23" hai1="16,75,85,29,69,17,92,97,47,0,93,70,74" hai2="63,132,43,20,71,68,73,30,105,15,58,107,48" hai3="106,72,28,104,62,128,5,98,134,22,35,61,79" shuffle="mt19937ar,24AC192C,3F23CDFF,6AB10FC8,8F0AD531,71BBC5E1,E7E748C1,7A3E02C3,BE0A62CC"/><W125/><G35/><T120/><D39/><U46/><E85/><V99/><F73/><W122/><G122/><T26/><D120/><U53/><E29/><V88/><F132/><W123/><G123/><T10/><D110/><U113/><E0/><V83/><F107/><W91/><G134/><T65/><D118/><U130/><E130/><V32/><F32/><W33/><G33/><T127/><D115/><U90/><E97/><V59/><F105/><W124/><G128/><T126/><D84/><U77/><E77/><V11/><F68/><W38/><G38/><T9/><D95/><U1/><E1/><V101/><F71/><W51/><G5/><N who="0" m="3119" /><D10/><U96/><E96/><V114/><F114/><W27/><G106/><T14/><D26/><U37/><E37/><V109/><F109/><W57/><G79/><T45/><D45/><U2/><E2/><V133/><F133/><W36/><G36/><T116/><D116/><U111/><E111/><V64/><F101/><N who="3" m="62519" /><G91/><T31/><D31/><U119/><E119/><V89/><F99/><W121/><G72/><T13/><D13/><U42/><E90/><V108/><F108/><W82/><G82/><T86/><D86/><U21/><E113/><V24/><F83/><W103/><G103/><T52/><D129/><U81/><E81/><V56/><F56/><W67/><G121/><T55/><D50/><U102/><E102/><V87/><F87/><W4/><G4/><T117/><D117/><U44/><E44/><V8/><F59/><N who="3" m="37311" /><G51/><T40/><D49/><U80/><E80/><V78/><F78/><W41/><G41/><RYUUKYOKU ba="0,0" sc="442,-10,314,-10,31,-10,213,30" hai3="22,27,28,57,62,124,125" /><INIT seed="7,1,0,1,5,105" ten="432,304,21,243" oya="3" hai0="69,67,112,109,58,42,62,83,32,7,128,59,31" hai1="97,125,99,111,19,131,63,120,54,55,108,14,2" hai2="5,85,110,115,77,8,37,15,1,53,76,86,93" hai3="18,123,135,95,129,38,75,60,82,132,3,9,94" shuffle="mt19937ar,F536B95A,9C52B1CF,728AE09D,C15C7C24,43E9F3B5,DDEF6D8F,9AA83E72,C97E2933"/><W39/><G123/><T91/><D109/><U29/><E120/><V56/><F37/><N who="3" m="13835" /><G60/><T11/><D42/><U17/><E2/><V27/><F110/><W88/><G129/><T51/><D31/><U12/><E29/><V28/><F115/><W36/><G36/><T73/><D32/><U118/><E63/><V64/><F64/><W61/><G61/><T71/><D112/><U0/><E0/><V79/><F53/><W13/><G3/><T16/><D16/><U84/><E84/><V133/><F56/><W107/><G107/><T30/><D30/><U48/><E48/><V35/><F133/><N who="3" m="51275" /><G88/><T103/><D91/><U26/><E26/><V126/><F126/><W116/><G116/><T24/><D24/><U33/><E118/><V117/><F117/><W119/><G119/><T113/><D62/><U45/><E45/><V10/><F93/><W34/><G34/><T49/><D59/><U96/><E33/><V102/><F102/><W74/><G82/><T43/><D83/><U47/><E47/><V98/><F98/><W104/><G104/><T92/><D113/><U106/><E97/><V57/><F57/><W44/><G44/><T78/><D58/><U101/><E106/><V50/><F50/><W6/><G6/><T130/><D51/><U4/><E4/><V41/><F41/><W22/><G9/><T90/><D11/><U72/><E131/><V21/><REACH who="2" step="1"/><F10/><REACH who="2" step="2"/><W25/><G95/><T66/><D43/><U65/><E101/><V20/><F20/><W52/><G94/><T46/><D49/><U23/><E65/><V121/><F121/><RYUUKYOKU ba="1,1" sc="432,-10,304,-10,11,30,243,-10" hai2="1,5,8,15,21,27,28,35,76,77,79,85,86" owari="432,54,294,9,41,-46,233,-17" /></mjloggm>