<mjloggm ver="2.3"><GO type="185"/><UN n0="%E4%BF%8A%E3%81%93%E3%82%8D" n1="%E5%8D%81%E5%85%AD%E5%A4%9C%E2%80%A0%E5%92%B2%E5%A4%9C" n2="%EF%BC%BC%28%EF%BC%BE%6F%EF%BC%BE%29%EF%BC%8F%E2%98%85" n3="" dan="16,16,17,0" rate="2096,2136,2142,1500" sx="M,F,M,C"/><TAIKYOKU oya="0"/><INIT seed="0,0,0,0,5,87" ten="350,350,350,0" oya="0" hai0="0,57,67,96,98,50,3,52,124,104,108,100,74" hai1="84,94,130,42,77,131,75,122,113,34,106,85,129" hai2="53,32,45,37,41,127,60,92,123,133,93,117,35" hai3="" shuffle="mt19937ar,F97BF814,FD2D42D1,3E106197,514A0934,0E6F2A10,09FD1D15,EFAB19CE,F4613C95"/><T132/><D74/><U38/><N who="1" m="31264" /><U40/><E34/><V61/><N who="2" m="31520" /><V114/><F114/><T88/><D132/><U76/><E106/><V99/><F133/><T36/><D124/><U70/><E113/><V118/><F127/><T91/><D108/><U101/><E70/><V54/><F99/><T107/><D36/><U78/><E75/><V49/><F49/><T79/><D79/><U46/><E42/><V80/><F45/><T111/><D111/><U2/><E2/><V115/><F115/><T81/><D81/><U62/><REACH who="1" step="1"/><E62/><REACH who="1" step="2"/><V105/><F41/><T90/><D67/><U119/><E119/><V39/><F80/><T33/><D33/><U59/><E59/><V69/><F105/><T120/><N who="0" m="30752" /><T112/><D112/><U102/><E102/><AGARI ba="0,1" hai="0,3,50,52,57,88,90,91,96,98,100,102,104,107" m="30752" machi="102" ten="40,18000,2" yaku="9,1,52,4,54,2" doraHai="87" who="0" fromWho="1" sc="350,190,340,-180,350,0,0,0" /><INIT seed="0,1,0,5,2,78" ten="540,160,350,0" oya="0" hai0="98,70,130,135,69,73,39,100,1,125,0,68,83" hai1="59,38,60,97,113,57,66,85,75,93,129,47,94" hai2="45,84,109,117,87,119,92,51,62,103,90,106,114" hai3="" shuffle="mt19937ar,8DCA206E,F0A0C72B,B5DFF029,4B60A22B,5D559F7D,B4380EAB,A43C99FC,36830EE3"/><T52/><D39/><U50/><E75/><V55/><F114/><T33/><D33/><U3/><E3/><V63/><F109/><T37/><D37/><U35/><E35/><V99/><F87/><T116/><D116/><AGARI ba="1,0" hai="45,51,55,62,63,84,90,92,99,103,106,116,117,119" machi="116" ten="40,1300,0" yaku="12,1" doraHai="78" who="2" fromWho="0" sc="540,-15,160,0,350,15,0,0" /><INIT seed="1,0,0,5,0,64" ten="525,160,365,0" oya="1" hai0="79,104,135,112,114,61,41,49,77,58,125,78,45" hai1="35,102,55,32,121,37,60,74,65,105,42,44,128" hai2="107,39,82,100,43,95,124,59,51,90,123,47,119" hai3="" shuffle="mt19937ar,BEB6821B,938BF120,2E7153A4,FA8D2780,21CD8317,88752591,714843D7,0E0ED069"/><U130/><N who="1" m="31008" /><U34/><E74/><V94/><N who="2" m="31520" /><V117/><F124/><T72/><D125/><U120/><N who="1" m="30752" /><U53/><E102/><V63/><F107/><T133/><D104/><U87/><E105/><V109/><F109/><T111/><D111/><U132/><E87/><V110/><F110/><T57/><D72/><U68/><REACH who="1" step="1"/><E132/><REACH who="1" step="2"/><V73/><F100/><T1/><D1/><U33/><N who="1" m="8192" /><DORA hai="88" /><U97/><E97/><V52/><F95/><T131/><D133/><U2/><E2/><V69/><F82/><T129/><D135/><U101/><E101/><V62/><F73/><T115/><D129/><AGARI ba="0,1" hai="37,42,44,53,55,60,65,68,128,129,130" m="8192,30752,31008" machi="129" ten="70,12000,1" yaku="1,1,19,1,52,3,53,0" doraHai="64,88" doraHaiUra="106,134" who="1" fromWho="0" sc="525,-120,150,130,365,0,0,0" /><INIT seed="1,1,0,2,5,107" ten="405,280,365,0" oya="1" hai0="84,62,126,80,83,74,130,78,1,46,89,67,97" hai1="123,131,98,119,94,128,33,60,45,76,41,113,118" hai2="61,115,3,63,40,122,90,48,120,66,85,56,134" hai3="" shuffle="mt19937ar,95B57F4C,ED8B9187,96E94FB3,8BC40053,C7E46AFE,7EE95E32,0A59D72B,CD6EA143"/><U92/><N who="1" m="31520" /><U44/><E33/><V117/><N who="2" m="30752" /><V0/><N who="2" m="31264" /><V38/><F117/><T52/><D1/><U99/><E113/><V96/><F115/><T51/><D130/><U42/><E60/><V95/><F134/><T81/><D126/><U133/><REACH who="1" step="1"/><E76/><REACH who="1" step="2"/><V105/><F3/><T86/><D97/><U88/><E88/><V37/><F0/><T39/><D39/><U70/><E70/><V55/><F61/><T53/><D89/><U72/><E72/><V65/><F65/><T112/><D112/><U93/><E93/><V106/><F38/><T109/><D109/><U103/><E103/><V57/><F96/><T108/><D108/><U104/><E104/><V50/><F37/><T75/><D78/><U59/><E59/><V2/><F2/><T54/><D75/><U116/><E116/><V87/><F87/><T135/><D74/><U34/><E34/><V43/><F106/><T124/><D135/><AGARI ba="1,1" hai="41,42,44,45,92,94,98,99,118,119,128,131,133,135" m="31520" machi="135" ten="25,9600,0" yaku="1,1,22,2,52,1,53,0" doraHai="107" doraHaiUra="71" who="1" fromWho="0" sc="405,-98,270,108,365,0,0,0" /><INIT seed="1,2,0,2,3,98" ten="307,378,365,0" oya="1" hai0="78,104,43,79,107,132,92,45,89,53,135,64,33" hai1="40,123,127,85,81,63,87,126,133,50,76,106,75" hai2="128,39,125,72,84,60,51,88,62,56,122,1,52" hai3="" shuffle="mt19937ar,245A40C3,DA0F6F72,CC170CE9,F7BE5B24,E6F98E4B,BB62F074,3B96FECA,05493E04"/><U68/><N who="1" m="31520" /><U41/><E133/><N who="0" m="51273" /><D33/><U70/><E106/><N who="0" m="40489" /><D64/><U102/><E102/><V113/><N who="2" m="31264" /><V65/><F1/><T94/><D53/><U3/><E3/><V73/><F125/><T110/><D110/><U48/><E63/><V131/><F39/><T69/><D69/><U105/><E105/><V101/><F101/><T118/><D118/><U91/><E91/><V42/><F42/><T100/><D100/><U99/><E40/><V95/><F113/><T80/><D80/><U129/><E41/><V103/><F103/><T86/><D92/><U0/><E68/><V93/><F93/><T32/><D32/><U38/><E70/><V46/><REACH who="2" step="1"/><F62/><REACH who="2" step="2"/><T120/><N who="0" m="30752" /><T74/><D74/><AGARI ba="2,1" hai="46,51,52,56,60,65,72,73,74,84,88,95,128,131" m="31264" machi="74" ten="40,8000,1" yaku="1,1,52,1,54,2,53,0" doraHai="98" doraHaiUra="36" who="2" fromWho="0" sc="307,-84,378,0,355,94,0,0" /><INIT seed="2,0,0,4,0,71" ten="223,378,449,0" oya="2" hai0="84,43,50,44,49,104,47,105,98,39,3,81,119" hai1="78,127,101,34,54,45,59,130,57,55,66,41,128" hai2="134,56,86,92,61,80,117,94,64,37,38,46,122" hai3="" shuffle="mt19937ar,9D0D9298,1EE4ECAC,9174DC41,EBDC9605,77AB9658,F4319281,7CC76400,ECA528FE"/><V51/><N who="2" m="31264" /><V79/><F117/><T95/><D3/><U112/><E34/><V63/><F134/><T33/><D33/><U69/><E78/><V2/><F2/><T91/><D119/><U110/><E101/><V36/><REACH who="2" step="1"/><F63/><REACH who="2" step="2"/><T125/><D125/><U65/><E127/><V120/><N who="2" m="30752" /><V116/><F116/><T124/><D124/><U48/><E130/><V107/><F107/><T60/><D60/><U132/><E128/><V93/><F93/><T73/><D73/><U52/><E132/><V123/><N who="2" m="31520" /><V118/><F118/><T103/><REACH who="0" step="1"/><D49/><REACH who="0" step="2"/><U58/><E48/><V111/><F111/><T83/><D83/><U40/><E110/><V82/><F82/><T121/><N who="0" m="31008" /><T53/><AGARI ba="0,2" hai="39,43,44,47,50,53,81,84,91,95,98,103,104,105" m="31008" machi="53" ten="20,9000,2" yaku="1,1,4,1,0,1,7,1,52,2,53,0" doraHai="71" doraHaiUra="129" who="0" fromWho="0" sc="213,110,378,-30,439,-60,0,0" /><INIT seed="4,0,0,4,0,66" ten="323,348,379,0" oya="0" hai0="126,34,111,46,64,110,135,2,90,83,109,130,3" hai1="103,37,115,78,99,43,113,77,89,36,40,129,44" hai2="55,117,132,91,122,131,49,88,50,125,96,42,82" hai3="" shuffle="mt19937ar,E66BBF72,6BEAF362,649B597E,D7C0BACE,138DDDEC,A136A294,BD8F1D00,63F85154"/><T56/><D34/><U123/><N who="1" m="31520" /><U47/><E89/><V97/><N who="2" m="31264" /><V98/><F125/><T58/><D126/><U48/><E48/><V127/><F127/><T106/><D106/><U120/><N who="1" m="30752" /><U57/><E57/><V119/><F131/><T63/><D130/><U112/><REACH who="1" step="1"/><E129/><REACH who="1" step="2"/><V62/><F50/><T133/><D58/><U134/><E134/><N who="0" m="51209" /><D46/><U73/><E73/><V108/><F132/><T95/><D83/><U38/><E38/><V124/><F124/><T101/><D101/><U71/><E71/><V74/><F82/><T33/><D33/><U69/><E69/><V75/><F75/><T35/><D35/><U72/><E72/><V1/><F74/><T105/><D105/><AGARI ba="0,1" hai="36,37,40,43,44,47,77,78,99,103,105,112,113,115" m="30752,31520" machi="105" ten="40,12000,2" yaku="1,1,9,1,15,1,11,1,52,2,53,0" doraHai="66" doraHaiUra="45" who="1" fromWho="0" sc="323,-120,338,130,379,0,0,0" /><INIT seed="5,0,0,3,0,118" ten="203,468,379,0" oya="1" hai0="81,121,120,105,64,44,67,48,51,50,35,49,59" hai1="62,104,54,86,75,78,98,85,84,65,69,70,38" hai2="72,91,53,3,79,111,103,126,47,76,109,40,125" hai3="" shuffle="mt19937ar,EC425CFB,4FE1F956,D523EF90,663A1AD8,02F564A5,DFBBE79B,E1C207EB,87C9E734"/><U107/><E38/><V33/><F3/><T110/><N who="0" m="30752" /><T89/><N who="0" m="31008" /><T106/><D35/><U71/><E54/><V68/><F33/><T43/><D110/><U94/><E75/><V36/><F68/><T87/><REACH who="0" step="1"/><D59/><REACH who="0" step="2"/><U108/><E108/><V41/><F111/><T63/><D63/><U135/><E71/><V124/><F109/><T101/><D101/><U32/><E70/><V61/><F103/><T2/><D2/><U83/><E32/><V52/><F61/><T37/><D37/><U115/><E69/><V96/><F36/><T130/><D130/><U99/><E62/><V77/><F126/><T39/><D39/><U131/><E131/><V112/><F125/><T117/><D117/><U92/><E65/><AGARI ba="0,1" hai="43,44,48,49,50,51,64,65,67,81,87,89,105,106" m="31008,30752" machi="65" ten="40,8000,1" yaku="1,1,52,4,53,0" doraHai="118" doraHaiUra="127" who="0" fromWho="1" sc="193,90,468,-80,379,0,0,0" /><INIT seed="6,0,0,5,2,2" ten="283,388,379,0" oya="2" hai0="134,111,132,35,33,42,46,88,43,83,65,47,119" hai1="99,53,129,120,73,68,89,130,116,104,127,128,78" hai2="48,44,105,123,76,101,38,106,57,66,49,60,95" hai3="" shuffle="mt19937ar,C2785C28,C7230665,5A626BAC,781E2C3F,A4BDE382,30D3EE31,FAF225EE,B14413C2"/><V37/><N who="2" m="31520" /><V93/><F76/><T56/><D119/><U77/><N who="1" m="30752" /><U92/><E68/><V113/><F113/><T74/><D111/><U55/><E116/><V135/><F135/><N who="0" m="51754" /><D56/><U72/><E104/><V102/><F44/><N who="0" m="16938" /><D65/><U50/><E127/><V71/><F57/><T67/><D67/><U109/><E109/><V32/><F66/><T69/><D69/><U62/><E62/><V80/><F71/><T63/><D63/><U126/><E126/><V84/><F60/><T112/><D112/><U100/><E100/><V51/><F51/><T133/><N who="0" m="51762" /><T36/><DORA hai="40" /><D36/><U117/><E117/><V122/><N who="2" m="31264" /><V34/><F84/><T124/><D124/><U81/><E50/><V1/><F80/><AGARI ba="0,0" hai="53,55,72,73,77,78,80,81,89,92,99,128,129,130" m="30752" machi="80" ten="40,5200,0" yaku="9,1,19,1,52,1" doraHai="2,40" who="1" fromWho="2" sc="283,0,388,52,379,-52,0,0" owari="283,-32,440,39,327,-7,0,0" /></mjloggm>