<mjloggm ver="2.3"><GO type="225"/><UN n0="%E6%9C%9D%E6%AF%94%E5%A5%88%E8%8B%B1%E7%90%86%E5%AD%90" n1="%E9%81%8A%E6%AD%A9" n2="%E8%80%81%E9%A6%AC" n3="%52%65%64%4D%61%67%69%63" dan="16,16,16,16" rate="2066,2034,2007,2042" sx="F,F,M,M"/><TAIKYOKU oya="0"/><INIT seed="0,0,0,5,3,56" ten="250,250,250,250" oya="0" hai0="131,10,77,59,6,64,98,20,115,80,85,101,68" hai1="81,37,30,127,122,41,123,33,114,28,66,88,76" hai2="19,38,15,42,67,27,90,108,60,26,29,111,24" hai3="107,43,63,83,86,53,5,13,79,45,0,105,35" shuffle="mt19937ar,B66E4F06,41C4C902,1223831B,FDA2D438,9495D0C6,ABCD78AF,0D34731E,5B22D2FC"/><T118/><D118/><U39/><E127/><V103/><F103/><W32/><G0/><T44/><D115/><U25/><E114/><V106/><F106/><W4/><G105/><T62/><D131/><U52/><E28/><V100/><F100/><W61/><G107/><T133/><D133/><U1/><E1/><V46/><F90/><W84/><G84/><T31/><D44/><U22/><E66/><V70/><REACH who="2" step="1"/><F29/><REACH who="2" step="2"/><W72/><G79/><T65/><D101/><U73/><E88/><V49/><F49/><W21/><G63/><T128/><D31/><U89/><E89/><V54/><F54/><W78/><G61/><T97/><D62/><U94/><E30/><V112/><F112/><W135/><G53/><T55/><D55/><U74/><E52/><V95/><F95/><W119/><G78/><T99/><D77/><U58/><E94/><V18/><F18/><W91/><G91/><T23/><D80/><U47/><E81/><V116/><F116/><W132/><G83/><T34/><D65/><U57/><E76/><V7/><F7/><W82/><G4/><T120/><D64/><U134/><E73/><V113/><F113/><W93/><G93/><T87/><D6/><U124/><E74/><V109/><F109/><W16/><G119/><T51/><D51/><U125/><E125/><V104/><F104/><W8/><G72/><T102/><D102/><U40/><E124/><V110/><F110/><W2/><G132/><T129/><D98/><U121/><E134/><V48/><F48/><N who="3" m="26687" /><G135/><T92/><D92/><U14/><E122/><V36/><F36/><RYUUKYOKU ba="0,1" sc="250,-15,250,-15,240,15,250,15" hai2="15,19,24,26,27,38,42,46,60,67,70,108,111" hai3="2,5,8,13,16,21,32,35,82,86" /><INIT seed="1,1,1,2,3,47" ten="235,235,255,265" oya="1" hai0="85,81,42,120,102,4,10,114,50,124,117,78,9" hai1="1,22,101,96,12,87,15,67,20,118,5,61,95" hai2="79,70,119,112,108,46,21,55,11,37,25,35,135" hai3="82,129,94,133,38,49,57,8,72,30,115,128,27" shuffle="mt19937ar,79A60714,80DC6F57,360F8E17,C0F03616,3DE1B3EB,D420ABAD,EDDAAFD1,B605D753"/><U86/><E118/><V6/><F119/><W91/><G38/><T74/><D114/><U125/><E1/><V66/><F35/><W83/><G115/><T97/><D117/><U16/><E125/><V26/><F112/><W18/><G133/><T24/><D124/><U122/><E122/><V51/><F135/><W17/><G72/><T0/><D120/><U89/><E101/><V134/><F108/><W110/><G110/><T75/><D24/><U19/><REACH who="1" step="1"/><E5/><REACH who="1" step="2"/><V107/><F134/><W113/><G113/><T29/><D4/><U60/><E60/><V121/><F121/><W131/><G129/><T48/><D0/><U39/><E39/><V68/><F37/><W88/><G128/><T100/><D100/><U40/><E40/><V63/><F6/><W45/><G131/><T130/><D42/><U76/><E76/><V59/><F79/><W53/><G91/><T92/><D130/><U123/><E123/><V77/><F77/><W56/><G88/><T33/><D75/><U126/><E126/><V31/><F63/><W90/><G90/><T132/><D74/><U62/><E62/><V111/><F111/><W69/><G69/><AGARI ba="1,2" hai="12,15,16,19,20,22,61,67,69,86,87,89,95,96" machi="69" ten="30,12000,1" yaku="1,1,7,1,9,1,54,1,53,1" doraHai="47" doraHaiUra="58" who="1" fromWho="3" sc="235,0,225,143,255,0,265,-123" /><INIT seed="1,2,0,4,0,38" ten="235,368,255,142" oya="1" hai0="41,20,128,47,56,9,129,79,70,40,26,53,29" hai1="62,2,98,63,83,65,88,85,81,76,95,33,18" hai2="96,57,6,110,68,32,4,78,134,109,36,122,49" hai3="87,34,35,80,102,97,124,111,131,101,114,5,125" shuffle="mt19937ar,BAF7E2F7,C77488B5,F91B4D1D,FEC46154,82B9514A,C101C97A,B8BA9B37,A3650AEC"/><U1/><E33/><V16/><F68/><W19/><G5/><T107/><D70/><U104/><E104/><V90/><F32/><W45/><G114/><T30/><D107/><U133/><E133/><V8/><F36/><W99/><G19/><T127/><D127/><U0/><E18/><V126/><F78/><W116/><G111/><N who="2" m="42505" /><F122/><W14/><G14/><T82/><D30/><U66/><E83/><V120/><F120/><W52/><G131/><N who="0" m="50251" /><D47/><U93/><E95/><N who="2" m="56439" /><F126/><N who="3" m="48747" /><G34/><T44/><D44/><U58/><REACH who="1" step="1"/><E1/><REACH who="1" step="2"/><V113/><F134/><W22/><G35/><T39/><D9/><U103/><E103/><V100/><F100/><W60/><G102/><T17/><D17/><U135/><E135/><V89/><F113/><W64/><G101/><T132/><D132/><U115/><E115/><V50/><F16/><W74/><G22/><T12/><D20/><U11/><E11/><V54/><F8/><W10/><G10/><T55/><D82/><U92/><E92/><V23/><F23/><W108/><G108/><T46/><D29/><U112/><E112/><V130/><F130/><W94/><G94/><T51/><D26/><U106/><E106/><V121/><F121/><W42/><G80/><T86/><D12/><U61/><E61/><N who="2" m="36023" /><F89/><W3/><G60/><T123/><D123/><U27/><E27/><V24/><F24/><W28/><G3/><T77/><D77/><U91/><E91/><V15/><F15/><W59/><G28/><T71/><D79/><U25/><E25/><V31/><F31/><W119/><G116/><T67/><D86/><U13/><E13/><RYUUKYOKU ba="2,1" sc="235,-15,358,15,255,15,142,-15" hai1="0,2,58,62,63,65,66,76,81,85,88,93,98" hai2="4,6,49,50" /><INIT seed="1,3,1,3,5,52" ten="220,373,270,127" oya="1" hai0="129,112,66,55,67,39,53,23,17,80,43,107,35" hai1="60,62,44,85,27,40,127,101,20,83,77,92,16" hai2="90,82,26,59,122,114,1,46,84,128,10,13,98" hai3="73,68,19,61,32,41,2,116,109,108,99,11,130" shuffle="mt19937ar,5BF8AD8B,F8F8A2F9,C04AFB30,9B829938,F87447D3,C1C348CD,AAA8CCF2,C89388F4"/><U103/><E127/><V58/><F122/><W22/><G32/><T48/><D35/><U7/><E7/><N who="2" m="3295" /><F1/><W115/><G73/><T4/><D112/><U42/><E42/><V25/><F128/><W70/><G115/><T0/><D107/><U9/><E9/><V76/><F114/><W133/><G133/><T135/><D135/><U105/><E105/><V21/><F46/><W28/><G130/><T38/><D129/><U8/><E8/><V54/><F54/><W65/><G28/><T56/><D0/><U96/><REACH who="1" step="1"/><E103/><REACH who="1" step="2"/><V47/><F47/><W94/><G11/><T50/><D4/><U97/><E97/><V36/><F36/><AGARI ba="3,2" hai="16,20,27,36,40,44,60,62,77,83,85,92,96,101" machi="36" ten="30,5800,0" yaku="1,1,7,1,54,1,53,0" doraHai="52" doraHaiUra="3" who="1" fromWho="2" sc="220,0,363,87,270,-67,127,0" /><INIT seed="1,4,0,1,0,6" ten="220,450,203,127" oya="1" hai0="69,20,8,50,60,85,78,46,23,43,125,18,90" hai1="81,132,114,62,124,31,37,87,2,116,104,80,123" hai2="86,109,91,107,118,61,120,63,51,105,103,57,71" hai3="38,73,99,74,121,75,119,93,97,48,52,100,82" shuffle="mt19937ar,484BF0AE,4AFA31C8,45B498E4,12445535,DD4AEFAC,C7167796,23935740,02A7870C"/><U89/><E114/><V122/><F118/><W39/><G121/><T126/><D78/><U55/><E116/><V42/><F109/><W112/><G119/><T111/><D111/><U4/><E123/><V72/><F72/><W14/><G112/><T110/><D110/><U25/><E104/><V29/><F29/><W98/><G82/><T9/><D23/><U27/><E37/><V44/><F71/><W7/><G39/><T113/><D113/><U83/><E132/><V64/><F63/><W45/><REACH who="3" step="1"/><G38/><REACH who="3" step="2"/><T24/><D125/><U17/><E124/><V76/><F122/><W108/><G108/><T95/><REACH who="0" step="1"/><D126/><REACH who="0" step="2"/><U15/><E80/><V26/><F120/><W35/><G35/><T129/><D129/><U49/><E81/><V79/><F79/><W102/><G102/><T70/><D70/><U40/><E83/><V53/><F76/><W117/><G117/><T130/><D130/><U47/><E89/><V77/><F77/><W133/><G133/><T16/><D16/><U128/><E17/><V134/><F134/><W5/><G5/><T106/><D106/><U30/><E4/><V54/><F107/><W10/><AGARI ba="4,2" hai="7,10,14,45,48,52,73,74,75,93,97,98,99,100" machi="10" ten="40,8000,1" yaku="1,1,0,1,52,1,54,1,53,0" doraHai="6" doraHaiUra="22" who="3" fromWho="3" sc="210,-24,450,-44,203,-24,117,112" /><INIT seed="2,0,0,2,3,109" ten="186,406,179,229" oya="2" hai0="65,17,3,9,79,50,110,72,73,80,43,24,29" hai1="13,68,133,27,52,15,78,10,39,75,102,119,108" hai2="59,6,35,63,51,23,64,127,48,57,105,107,93" hai3="8,97,91,134,98,7,38,122,135,41,53,132,85" shuffle="mt19937ar,C88B5B44,9CEE16D2,AC53D849,8CAA1044,BD76B230,FADDCC69,9CF505E2,1E7721FF"/><V58/><F35/><W66/><G66/><T112/><D110/><U101/><E119/><V129/><F6/><W20/><G122/><T21/><D65/><U115/><E108/><V114/><F129/><W117/><G117/><T88/><D112/><U22/><E115/><V100/><F114/><W121/><G121/><T14/><D3/><U31/><E68/><V71/><F127/><W124/><G20/><T104/><D104/><U30/><E39/><V87/><F107/><W25/><G25/><T123/><D123/><U42/><E42/><V120/><F120/><W18/><G18/><T70/><D70/><U118/><E118/><V95/><F23/><W60/><G41/><T81/><D43/><U92/><E133/><V111/><F111/><W40/><G40/><T54/><D88/><U37/><E37/><V26/><F26/><W126/><G38/><T106/><D106/><U125/><E125/><N who="3" m="48234" /><G53/><T55/><REACH who="0" step="1"/><D50/><REACH who="0" step="2"/><U19/><E102/><V2/><F2/><N who="3" m="119" /><G60/><T0/><D0/><U61/><E101/><V116/><F116/><W49/><G49/><T45/><D45/><U1/><E61/><V67/><F67/><W62/><G62/><T113/><D113/><U94/><E1/><V83/><F51/><W36/><G36/><T99/><D99/><U56/><E52/><V46/><F46/><W90/><G90/><T5/><D5/><U130/><E130/><V89/><REACH who="2" step="1"/><F48/><REACH who="2" step="2"/><W128/><G128/><T33/><D33/><U131/><E131/><V44/><F44/><W16/><G16/><T84/><D84/><U86/><E86/><V103/><F103/><RYUUKYOKU ba="0,2" sc="176,10,406,-30,169,10,229,10" hai0="9,14,17,21,24,29,54,55,72,73,79,80,81" hai2="57,58,59,63,64,71,83,87,89,93,95,100,105" hai3="85,91,97,98,132,134,135" /><INIT seed="2,1,2,4,4,135" ten="186,376,179,239" oya="2" hai0="38,66,91,26,29,81,73,33,55,125,78,119,57" hai1="76,102,95,75,84,124,16,89,70,108,97,17,129" hai2="23,127,40,93,92,1,6,112,65,61,60,115,107" hai3="69,30,52,126,113,58,90,82,123,87,7,22,101" shuffle="mt19937ar,4078C5E3,875E866C,F671770D,3BAA950A,0FE248EE,35320150,B9FF81A4,071B8C61"/><V62/><F107/><W59/><G69/><T27/><D38/><U54/><E108/><V12/><F1/><W110/><G123/><T8/><D119/><U118/><E118/><V88/><F65/><W106/><G110/><T13/><D66/><U74/><E124/><V39/><F127/><W25/><G126/><T134/><D125/><U122/><E122/><V77/><F77/><W80/><G113/><T43/><D43/><U96/><E129/><V11/><F23/><W53/><G7/><T49/><D134/><U68/><E54/><V79/><F79/><W71/><G71/><T105/><D105/><N who="1" m="63687" /><E97/><V47/><REACH who="2" step="1"/><F93/><REACH who="2" step="2"/><N who="3" m="54495" /><G106/><T21/><D21/><U42/><E70/><V117/><F117/><W37/><G37/><T10/><D78/><U9/><E68/><V121/><F121/><W100/><G80/><T14/><D81/><N who="1" m="45215" /><E74/><V94/><F94/><W103/><G82/><T46/><D73/><U133/><E133/><V19/><F19/><W41/><G41/><T109/><D109/><U111/><E111/><V63/><N who="2" m="15360" /><DORA hai="0" /><V99/><AGARI ba="1,3" hai="6,11,12,39,40,47,88,92,99,112,115" m="15360" machi="99" ten="40,24000,3" yaku="1,1,4,1,0,1,52,1,54,1,53,4" doraHai="135,0" doraHaiUra="56,44" who="2" fromWho="2" sc="186,-81,376,-81,169,273,239,-81" /><INIT seed="2,2,0,0,4,51" ten="105,295,442,158" oya="2" hai0="96,38,28,119,62,75,107,100,54,81,27,43,121" hai1="94,1,13,129,41,87,45,98,82,120,25,30,112" hai2="66,90,131,14,80,52,63,48,77,2,101,78,116" hai3="113,86,118,56,55,104,32,60,9,108,49,73,35" shuffle="mt19937ar,271BC6D9,EE044BC1,C35D6E55,64084287,74CDC4F7,7F4C3C73,31AFA63A,8D7B9AEA"/><V59/><F2/><W91/><G104/><T21/><D121/><U3/><E112/><V74/><F116/><W122/><G73/><T61/><D119/><U5/><E120/><V31/><F31/><W93/><G118/><T79/><D43/><U83/><E129/><V16/><F131/><W37/><G37/><T130/><D38/><U99/><E13/><V71/><F101/><W24/><G113/><T102/><D130/><U57/><E57/><V124/><F124/><W76/><G76/><T10/><D10/><U114/><E114/><V135/><F135/><W109/><G9/><T29/><D100/><U42/><E5/><V97/><F78/><W39/><G39/><T33/><D33/><U85/><E30/><V95/><F14/><W64/><G122/><T110/><D29/><U46/><REACH who="1" step="1"/><E94/><REACH who="1" step="2"/><V128/><F128/><W34/><REACH who="3" step="1"/><G24/><AGARI ba="2,1" hai="1,3,24,25,41,42,45,46,82,83,85,87,98,99" machi="24" ten="25,6400,0" yaku="1,1,2,1,22,2,53,0" doraHai="51" doraHaiUra="125" who="1" fromWho="3" sc="105,0,285,80,442,0,158,-70" /><INIT seed="3,0,0,2,0,134" ten="105,365,442,88" oya="3" hai0="87,45,65,88,119,131,129,85,69,116,98,113,7" hai1="118,18,117,25,43,12,44,105,36,15,1,94,108" hai2="57,22,89,23,59,95,100,84,53,97,122,19,56" hai3="135,121,61,128,52,115,46,16,40,111,76,2,31" shuffle="mt19937ar,82B210AC,B83074A1,F97EF956,9D637194,89F5DDF1,90A28F0B,E6A0C5FE,E3411C3F"/><W112/><G121/><T51/><D7/><U20/><E105/><V64/><F122/><W42/><G2/><T35/><D35/><U67/><E1/><V10/><F64/><W9/><G135/><T130/><D113/><U71/><E108/><V54/><F10/><W79/><G111/><T39/><D39/><U73/><E73/><V102/><F23/><W50/><G128/><T37/><D37/><U107/><E107/><V26/><REACH who="2" step="1"/><F102/><REACH who="2" step="2"/><W5/><G112/><T127/><D65/><U82/><E82/><AGARI ba="0,1" hai="19,22,26,53,54,56,57,59,82,84,89,95,97,100" machi="82" ten="40,5200,0" yaku="1,1,2,1,8,1,53,0" doraHai="134" doraHaiUra="34" who="2" fromWho="1" sc="105,0,365,-52,432,62,88,0" owari="105,-24,313,6,494,49,88,-31" /></mjloggm>