<mjloggm ver="2.3"><GO type="225"/><UN n0="%E8%B6%85%E3%83%92%E3%83%A2%E3%83%AA%E3%83%AD" n1="%E9%95%B7%E5%B2%A1%E5%A4%A7%E6%98%8E%E7%A5%9E" n2="%E5%AF%82%E5%A4%9C%E9%9C%BD%E6%9C%88" n3="%6B%6F%67%65%70%61%6E" dan="17,16,16,16" rate="2069,2052,2005,2079" sx="F,F,M,M"/><TAIKYOKU oya="0"/><INIT seed="0,0,0,0,3,119" ten="250,250,250,250" oya="0" hai0="91,106,102,37,4,49,57,80,101,77,33,17,86" hai1="76,31,79,5,18,90,121,8,84,88,129,125,94" hai2="120,21,118,19,13,116,81,122,20,63,3,24,95" hai3="92,43,36,47,67,69,96,45,72,70,117,103,38" shuffle="mt19937ar,06025C3D,8FC30DFF,DB1D52DA,6237D93D,AE69CBE5,5068B28C,5FBD6081,AEFD07EA"/><T68/><D37/><U75/><E129/><V58/><F81/><W115/><G117/><N who="2" m="45161" /><F3/><W113/><G72/><T50/><D68/><U83/><E125/><V25/><F95/><W93/><G67/><T6/><D33/><U107/><E107/><V133/><F133/><W71/><REACH who="3" step="1"/><G93/><REACH who="3" step="2"/><N who="0" m="54519" /><D106/><U11/><E75/><V35/><F35/><W126/><G126/><T130/><D130/><U127/><E127/><V82/><F82/><W61/><G61/><T48/><D57/><U99/><E83/><V14/><F58/><W0/><G0/><T27/><D80/><U132/><E94/><V7/><F63/><W114/><G114/><T104/><D77/><U10/><E79/><V109/><F109/><W23/><G23/><N who="0" m="13807" /><D104/><U123/><E76/><V74/><F74/><W12/><G12/><N who="2" m="4713" /><F7/><AGARI ba="0,1" hai="4,6,7,48,49,50,101,102" m="13807,54519" machi="7" ten="30,1500,0" yaku="8,1" doraHai="119" who="0" fromWho="2" sc="250,25,250,0,250,-15,240,0" /><INIT seed="0,1,0,1,5,35" ten="275,250,235,240" oya="0" hai0="29,78,73,133,25,116,13,81,14,12,27,28,126" hai1="21,91,26,107,113,72,131,32,2,34,82,74,68" hai2="110,119,95,86,37,63,117,135,6,53,15,4,88" hai3="39,76,56,36,55,58,111,127,23,65,19,90,20" shuffle="mt19937ar,E52BA49D,5A85CA11,00BBE0D2,3E2F8B99,FEB8D2E7,96E43A48,4513A5B4,27CA2046"/><T44/><D116/><N who="2" m="44618" /><F110/><W49/><G23/><T54/><D133/><U60/><E107/><V129/><F135/><W52/><G111/><T71/><D71/><U132/><E132/><V1/><F129/><W123/><G65/><T93/><D126/><U3/><E131/><V118/><F37/><W94/><G76/><T57/><D44/><U50/><E113/><V18/><N who="2" m="44626" /><V5/><DORA hai="66" /><F1/><W22/><G127/><T104/><D104/><U9/><E34/><V120/><F120/><W108/><G123/><T8/><D93/><U17/><E32/><V105/><F105/><W61/><G108/><T10/><D27/><U48/><E74/><V89/><F89/><W128/><G128/><T45/><D45/><U46/><E9/><N who="2" m="6511" /><F63/><W7/><G7/><N who="2" m="1793" /><V109/><DORA hai="112" /><F109/><W92/><G92/><T70/><D73/><U31/><E60/><V84/><F53/><W69/><G39/><T16/><D54/><U62/><E91/><V11/><F11/><W77/><G36/><T124/><D10/><U38/><E38/><V79/><F79/><W47/><G77/><T67/><D8/><U30/><E62/><V43/><F43/><W42/><G55/><T115/><D78/><U125/><E125/><V97/><AGARI ba="1,0" hai="84,86,88,95,97" m="1793,6511,44626" machi="97" ten="50,12000,2" yaku="12,1,52,4,54,1" doraHai="35,66,112" who="2" fromWho="2" sc="275,-61,250,-31,235,123,240,-31" /><INIT seed="1,0,0,2,2,12" ten="214,219,358,209" oya="1" hai0="72,46,34,17,92,60,41,106,88,79,132,112,57" hai1="125,99,19,124,85,65,11,91,8,97,6,47,43" hai2="107,86,2,130,90,38,53,77,67,58,42,28,102" hai3="9,33,105,75,1,27,23,76,18,68,26,117,119" shuffle="mt19937ar,6EFDFC3C,8B75F825,0D3C6E9B,68DD249A,12FB4127,645337B3,6DE61DC5,450AA8D3"/><U126/><E65/><V50/><F130/><W36/><G68/><T127/><D106/><U70/><E70/><V134/><F2/><W96/><G36/><T55/><D34/><U123/><E123/><V83/><F134/><W30/><G75/><T54/><D112/><U94/><E19/><V56/><F28/><N who="3" m="19615" /><G76/><T80/><D132/><U121/><E121/><V109/><F109/><W40/><G40/><T110/><D110/><U108/><E108/><V44/><F77/><W22/><G96/><T135/><D135/><U4/><E11/><V3/><F3/><W59/><G59/><T71/><D71/><U74/><E74/><V7/><F7/><N who="3" m="1263" /><G105/><T87/><D127/><U21/><E21/><V35/><F35/><W98/><G98/><N who="1" m="37386" /><E8/><V13/><F107/><W116/><G23/><T122/><D122/><U128/><E128/><V61/><F102/><W24/><G24/><T32/><D32/><U62/><E62/><V10/><F38/><AGARI ba="0,0" hai="4,6,38,43,47,85,91,94,124,125,126" m="37386" machi="38" ten="30,1500,0" yaku="18,1" doraHai="12" who="1" fromWho="2" sc="214,0,219,15,358,-15,209,0" /><INIT seed="1,1,0,3,2,120" ten="214,234,343,209" oya="1" hai0="26,93,126,82,5,71,130,48,7,99,46,22,28" hai1="104,24,98,13,109,118,129,58,49,60,55,76,114" hai2="14,4,53,9,63,133,8,43,131,87,100,3,77" hai3="23,17,39,15,119,117,21,50,25,78,121,110,65" shuffle="mt19937ar,F7B8368A,7A3263B9,37200161,F8BC0619,AAF89F1F,EE4F6E92,0A35FCD5,973435CF"/><U115/><E118/><N who="3" m="45066" /><G39/><T128/><D71/><U12/><E129/><N who="0" m="49769" /><D82/><U34/><E76/><V47/><F133/><W102/><G121/><T113/><D126/><U91/><E34/><V54/><F100/><W1/><G78/><T108/><D113/><U37/><E37/><V2/><F131/><W32/><G102/><N who="0" m="60783" /><D108/><U125/><E109/><V132/><F132/><W88/><G110/><T6/><D6/><U30/><E125/><V92/><F63/><W35/><G65/><T0/><D0/><U51/><E104/><V41/><F3/><W64/><G64/><T10/><D10/><U127/><E127/><V83/><F92/><W73/><G73/><T106/><D106/><U62/><E115/><V29/><F29/><N who="3" m="17599" /><G1/><T31/><D31/><U42/><E114/><V16/><REACH who="2" step="1"/><F41/><AGARI ba="1,0" hai="5,7,22,26,28,41,46,48" m="60783,49769" machi="41" ten="30,1000,0" yaku="19,1" doraHai="120" who="0" fromWho="2" sc="214,13,234,0,343,-13,209,0" /><INIT seed="2,0,0,2,5,100" ten="227,234,330,209" oya="2" hai0="24,77,68,88,69,71,135,134,23,127,78,131,40" hai1="120,85,18,0,37,107,30,6,10,11,95,51,61" hai2="13,106,21,49,5,73,104,64,96,122,7,57,102" hai3="65,41,66,114,56,81,111,112,133,44,54,59,60" shuffle="mt19937ar,96144E44,BFC98E30,D3A432C2,240FAA46,529630ED,ED0428AE,824182CD,BD2312D8"/><V130/><F73/><W26/><G81/><T3/><D3/><U72/><E37/><V108/><F122/><W22/><G111/><T126/><D40/><U74/><E120/><V70/><F70/><W117/><G117/><T43/><D43/><U39/><E39/><V79/><F79/><N who="0" m="30218" /><D88/><U121/><E121/><V46/><F130/><W75/><G75/><T67/><D67/><U129/><E129/><V25/><F106/><W109/><G109/><T116/><D116/><U35/><E107/><V94/><F104/><W55/><G133/><N who="0" m="50699" /><D131/><U82/><E95/><V118/><F118/><W90/><G90/><T110/><D110/><U17/><E72/><V123/><F123/><W101/><G101/><T16/><AGARI ba="0,0" hai="16,23,24,68,69,71,126,127" m="50699,30218" machi="16" ten="40,2700,0" yaku="20,1,54,1" doraHai="100" who="0" fromWho="0" sc="227,27,234,-7,330,-13,209,-7" /><INIT seed="3,0,0,4,4,3" ten="254,227,317,202" oya="3" hai0="118,59,84,83,50,69,112,40,125,115,15,130,126" hai1="124,17,96,55,12,0,4,62,85,134,28,39,113" hai2="101,86,80,117,75,10,52,18,111,119,37,24,5" hai3="33,93,89,128,22,106,87,82,54,129,68,97,7" shuffle="mt19937ar,32C9FA1C,C1D27966,53E3A8EC,C36E2CDD,3AC9171F,2453A644,B10BA3D4,1D0F46B1"/><W38/><G33/><T73/><D73/><U109/><E113/><N who="0" m="43593" /><D69/><U34/><E39/><V45/><F101/><W135/><G68/><T90/><D118/><U127/><E109/><V64/><F64/><W67/><G38/><T13/><D130/><N who="3" m="50281" /><G135/><T65/><D65/><U81/><E134/><V20/><F75/><W44/><G67/><T110/><D110/><U77/><E34/><V121/><F121/><W42/><G106/><T6/><D15/><U14/><E28/><V19/><F111/><W51/><G22/><T94/><D94/><U57/><E96/><V131/><F131/><W107/><G107/><T98/><D98/><U102/><E102/><V133/><F133/><W95/><G42/><T66/><D66/><U9/><REACH who="1" step="1"/><E17/><REACH who="1" step="2"/><V31/><F19/><W16/><G97/><T60/><D125/><AGARI ba="0,1" hai="0,4,9,12,14,55,57,62,77,81,85,124,125,127" machi="125" ten="40,8000,1" yaku="1,1,2,1,18,1,52,1,53,1" doraHai="3" doraHaiUra="1" who="1" fromWho="0" sc="254,-80,217,90,317,0,202,0" owari="174,-23,307,6,317,32,202,-15" /></mjloggm>