<mjloggm ver="2.3"><GO type="225"/><UN n0="%E8%B6%85%E3%83%92%E3%83%A2%E3%83%AA%E3%83%AD" n1="%E2%93%85%E5%B0%8F%E5%80%89%E5%AD%9D" n2="%73%69%64%65" n3="%E4%BA%8C%E4%B8%89%E8%B5%A4%E4%BA%94%EF%BC%94%EF%BC%96%EF%BC%98" dan="17,16,17,16" rate="2068,2093,2103,2091" sx="F,M,M,M"/><TAIKYOKU oya="0"/><INIT seed="0,0,0,4,5,88" ten="250,250,250,250" oya="0" hai0="31,3,66,100,102,25,46,120,47,90,86,13,89" hai1="30,106,22,95,62,121,71,80,9,97,101,23,63" hai2="24,19,112,61,98,6,83,2,118,114,20,117,1" hai3="81,60,43,45,72,52,54,99,96,42,37,40,4" shuffle="mt19937ar,69D10100,51F36EEE,C6C42A88,7151520B,24553F47,46CDAEF7,58C911FC,89C5F78F"/><T11/><D3/><N who="2" m="1034" /><F83/><W73/><G4/><T78/><D78/><U129/><E121/><V67/><F98/><N who="3" m="37419" /><G81/><T15/><D66/><U93/><E129/><V35/><F61/><W64/><G37/><T74/><D74/><N who="3" m="28777" /><G60/><T34/><D120/><U8/><E80/><V77/><F77/><W51/><G64/><T132/><D15/><U39/><E39/><V65/><F65/><W116/><G51/><T133/><D100/><U27/><E71/><V115/><F67/><W17/><G45/><T131/><D102/><U94/><E63/><V21/><F35/><W110/><G17/><T113/><D131/><U5/><E62/><V53/><F53/><N who="3" m="20587" /><G110/><T58/><D90/><U125/><E125/><V119/><F21/><W16/><G16/><T33/><D33/><U104/><E104/><V122/><F6/><W59/><G59/><T107/><D58/><U69/><E69/><V32/><F32/><W29/><G29/><T68/><D107/><U84/><E5/><V134/><F122/><W36/><G36/><T28/><D28/><U55/><E55/><V135/><AGARI ba="0,0" hai="19,20,24,112,114,115,117,118,119,134,135" m="1034" machi="135" ten="50,6400,0" yaku="12,1,34,2" doraHai="88" who="2" fromWho="2" sc="250,-32,250,-16,250,64,250,-16" /><INIT seed="1,0,0,1,0,26" ten="218,234,314,234" oya="1" hai0="106,66,74,104,68,3,133,131,130,28,88,84,46" hai1="122,73,82,125,56,60,105,121,90,7,27,29,123" hai2="34,64,92,118,59,30,108,102,77,9,112,24,94" hai3="101,33,81,124,129,134,83,49,54,111,50,20,36" shuffle="mt19937ar,E3AB7862,234B3DFC,CC9C35A4,6A5F1118,D8FE21BF,840DBF6F,D390807C,A56CE2FC"/><U53/><E105/><V38/><F118/><W22/><G33/><T95/><D74/><U1/><E125/><V10/><F38/><W14/><G36/><T47/><D3/><U113/><E113/><V8/><F112/><W41/><G124/><T12/><D133/><U75/><E7/><V109/><F77/><W71/><G71/><T115/><D115/><U63/><E1/><V52/><F64/><W100/><G134/><T17/><D66/><U107/><E107/><V103/><F94/><W127/><G127/><T57/><D68/><U21/><REACH who="1" step="1"/><E60/><REACH who="1" step="2"/><N who="2" m="35943" /><F92/><W70/><G81/><T58/><D104/><U86/><AGARI ba="0,1" hai="21,27,29,53,56,63,73,75,82,86,90,121,122,123" machi="86" ten="40,7800,0" yaku="1,1,0,1,52,1,53,0" doraHai="26" doraHaiUra="37" who="1" fromWho="1" sc="218,-26,224,88,314,-26,234,-26" /><INIT seed="1,1,0,0,4,12" ten="192,312,288,208" oya="1" hai0="25,27,66,106,44,10,61,7,23,38,4,92,70" hai1="103,51,21,116,74,41,121,127,128,97,87,69,24" hai2="129,123,35,126,20,89,43,82,102,36,120,32,86" hai3="59,113,42,53,132,124,83,13,130,5,46,54,55" shuffle="mt19937ar,5F171047,F4CDA875,8D666C3C,E72B5595,29AA61C0,B762BF93,57B6E606,CE7F79BB"/><U56/><E116/><V81/><F129/><W29/><G113/><T9/><D106/><U67/><E74/><V15/><F126/><W105/><G105/><T31/><D38/><U57/><E127/><V28/><F102/><W99/><G124/><T19/><D44/><U52/><E128/><V109/><F109/><W125/><G125/><T3/><D92/><U93/><E121/><V117/><F117/><W85/><G130/><T107/><D107/><U8/><E69/><V115/><F115/><W78/><G132/><T101/><D101/><U17/><E41/><V80/><F36/><W95/><G29/><T40/><D40/><U62/><E8/><V111/><F43/><W60/><G5/><T50/><D50/><U76/><E87/><V26/><F111/><W91/><REACH who="3" step="1"/><G13/><REACH who="3" step="2"/><T133/><D133/><U100/><E76/><V33/><REACH who="2" step="1"/><F15/><REACH who="2" step="2"/><W75/><G75/><T48/><D3/><U134/><E134/><V96/><F96/><W39/><AGARI ba="1,2" hai="39,42,46,53,54,55,59,60,78,83,85,91,95,99" machi="39" ten="20,2700,0" yaku="1,1,0,1,7,1,53,0" doraHai="12" doraHaiUra="122" who="3" fromWho="3" sc="192,-8,312,-14,278,-8,198,50" /><INIT seed="2,0,0,5,3,122" ten="184,298,270,248" oya="2" hai0="126,35,99,29,51,52,69,76,7,56,8,119,83" hai1="10,89,90,41,31,39,115,61,48,92,109,102,59" hai2="3,130,103,36,106,133,84,108,118,86,80,18,105" hai3="111,17,107,95,74,1,78,72,73,68,46,123,125" shuffle="mt19937ar,C7BE4740,F216D891,3FB91064,482187BD,DDB16C7E,EAE6317C,220922F5,F9FFE98D"/><V30/><F3/><W44/><G123/><T66/><D126/><U28/><E115/><V5/><F5/><W121/><G121/><T43/><D119/><U131/><E39/><V134/><F36/><W64/><G107/><N who="2" m="40969" /><F30/><W94/><G1/><T13/><D43/><U23/><E131/><V116/><F18/><W34/><G34/><T54/><D99/><U53/><E10/><V129/><F103/><W117/><G117/><N who="2" m="45161" /><F108/><W9/><G125/><T45/><D69/><U47/><E109/><V67/><F67/><W22/><G111/><T11/><D66/><U33/><E33/><V37/><F37/><W97/><G9/><T14/><D35/><U19/><E102/><V77/><F86/><W114/><G114/><T96/><D29/><N who="1" m="11339" /><E92/><V101/><F101/><W124/><G124/><T25/><D25/><AGARI ba="0,0" hai="19,23,25,41,47,48,53,59,61,89,90" m="11339" machi="25" ten="30,1000,0" yaku="8,1" doraHai="122" who="1" fromWho="0" sc="184,-10,298,10,270,0,248,0" /><INIT seed="3,0,0,4,1,20" ten="174,308,270,248" oya="3" hai0="75,110,21,133,97,36,19,7,98,5,112,115,113" hai1="131,30,73,70,134,39,12,55,48,102,59,44,114" hai2="117,68,8,122,91,17,135,51,71,103,67,46,105" hai3="54,125,76,86,62,77,22,129,4,80,99,2,47" shuffle="mt19937ar,42550614,335E4BD4,1E1EA641,E5D447B7,8A26F9E0,E220E12F,410025AF,D8FCDDB1"/><W79/><G129/><T120/><D75/><U37/><E73/><V88/><F117/><W124/><G99/><T16/><D36/><U25/><E114/><N who="0" m="29185" /><T13/><DORA hai="121" /><D120/><U60/><E131/><V85/><F122/><W108/><G2/><T118/><D118/><U128/><E128/><V61/><F135/><W14/><G4/><N who="0" m="1611" /><D133/><U6/><E134/><V38/><F38/><W69/><G69/><T123/><D123/><U81/><E81/><V63/><F103/><W15/><G47/><T90/><D90/><U33/><E70/><V56/><F105/><W18/><G15/><N who="0" m="9375" /><D110/><U28/><E102/><V101/><F101/><W24/><G108/><T126/><D126/><N who="3" m="48745" /><G86/><T107/><D107/><U49/><E49/><V83/><F91/><W72/><G14/><T50/><D50/><U11/><E30/><V3/><F63/><W9/><G9/><N who="0" m="6575" /><D98/><U93/><E93/><V52/><F3/><W35/><G62/><T89/><D97/><U32/><E33/><V96/><F96/><W43/><G35/><T23/><D89/><U1/><E1/><V100/><F100/><W26/><G43/><AGARI ba="0,0" hai="6,11,12,25,28,32,37,39,43,44,48,55,59,60" machi="43" ten="30,2000,0" yaku="7,1,52,1" doraHai="20,121" who="1" fromWho="3" sc="174,0,308,20,270,0,248,-20" owari="174,-23,328,33,270,2,228,-12" /></mjloggm>