<mjloggm ver="2.3"><GO type="225"/><UN n0="%E3%81%BF%E3%81%A3%E3%81%A4%E3%81%83%EF%BD%9E" n1="%4E%6F%2E%32" n2="%E9%AC%BC%E5%93%AD" n3="%E3%83%81%E3%83%A3%E3%82%AA%E3%83%AA" dan="17,16,17,17" rate="2182,2101,2049,2077" sx="F,M,M,M"/><TAIKYOKU oya="0"/><INIT seed="0,0,0,3,0,24" ten="250,250,250,250" oya="0" hai0="2,4,43,113,79,35,109,105,58,52,116,18,83" hai1="86,68,38,85,129,134,93,108,66,54,133,125,9" hai2="20,111,104,94,124,63,32,7,121,45,115,57,122" hai3="71,112,81,40,19,87,34,26,59,101,0,1,117" shuffle="mt19937ar,BE933E1A,0E7F0425,5AE3974A,043108AB,AF6B059D,88BC7C60,D5583A1B,DE3E1EB2"/><T60/><D105/><U90/><E38/><V76/><F32/><W21/><G71/><T74/><D113/><U25/><E125/><V11/><F104/><W118/><G112/><T44/><D116/><U102/><E108/><V12/><F115/><W28/><G101/><T39/><D109/><U29/><E102/><V6/><F111/><W37/><G117/><T13/><D35/><N who="1" m="20911" /><E129/><V132/><F124/><W23/><G118/><T97/><D97/><N who="1" m="57527" /><E9/><V48/><F121/><W36/><G59/><T89/><D89/><U70/><E54/><V46/><F122/><W5/><G40/><T123/><D123/><U100/><E100/><V72/><F76/><W50/><G50/><T15/><D18/><U106/><E106/><V17/><F48/><W53/><G53/><T67/><D67/><U128/><E128/><V91/><F72/><W61/><G61/><T78/><D78/><U31/><E31/><V64/><F6/><W8/><G0/><T119/><D119/><U84/><E66/><V114/><F114/><W49/><G49/><T56/><D58/><U27/><E27/><N who="2" m="14735" /><F46/><W69/><G69/><T33/><D33/><U110/><E110/><V120/><F45/><W41/><G41/><T88/><D88/><U47/><E47/><V73/><F73/><W10/><G10/><AGARI ba="0,0" hai="2,4,10,13,15,39,43,44,52,56,60,74,79,83" machi="10" ten="40,7700,0" yaku="25,2,54,1" doraHai="24" who="0" fromWho="3" sc="250,77,250,0,250,0,250,-77" /><INIT seed="0,1,0,4,1,133" ten="327,250,250,173" oya="0" hai0="76,115,92,135,66,33,22,42,102,0,36,80,112" hai1="111,31,17,129,49,46,117,84,108,25,23,2,124" hai2="39,97,1,30,127,110,67,19,43,57,48,52,63" hai3="70,60,75,119,47,37,103,61,12,100,91,18,71" shuffle="mt19937ar,8C6920F6,26C69F8A,3D113332,CD065BD0,31ECC299,62AA9DAB,10A169DD,110414BE"/><T131/><D33/><U13/><E117/><V113/><F1/><W24/><G75/><T27/><D0/><U51/><E2/><V85/><F30/><W9/><G119/><T55/><D66/><U38/><E38/><V88/><F113/><W59/><G24/><T45/><D55/><U77/><E129/><V104/><F110/><N who="1" m="42025" /><E124/><V21/><F127/><W69/><G91/><T8/><D8/><N who="1" m="6311" /><E46/><V82/><F39/><W130/><G130/><T11/><D11/><U96/><E96/><V105/><F43/><W81/><G81/><AGARI ba="1,0" hai="23,25,31,49,51,77,81,84" m="6311,42025" machi="81" ten="30,1000,0" yaku="14,1" doraHai="133" who="1" fromWho="3" sc="327,0,250,13,250,0,173,-13" /><INIT seed="1,0,0,0,5,83" ten="327,263,250,160" oya="1" hai0="15,57,127,89,111,94,100,61,71,58,112,13,2" hai1="87,123,119,96,52,32,76,133,120,118,59,75,86" hai2="24,74,19,40,130,8,114,82,101,95,25,69,116" hai3="22,90,23,28,34,42,3,45,36,55,21,12,39" shuffle="mt19937ar,27E22D33,A2DDA44D,1F57E7C5,1EAD3D6E,C5E58CC7,D43E4F40,004276E6,BE83C8F0"/><U53/><E32/><V65/><F116/><W108/><G3/><T38/><D2/><U51/><E75/><V47/><F130/><W46/><G108/><T131/><D38/><U26/><E133/><V93/><F114/><W49/><G36/><T17/><D111/><U9/><E9/><V77/><F65/><W129/><G129/><T16/><D131/><U30/><E76/><V41/><F69/><W78/><G78/><T113/><D71/><U80/><E80/><V6/><F41/><W11/><G34/><T132/><D100/><U72/><E72/><V115/><F115/><W70/><G70/><T79/><D79/><U67/><E96/><V128/><F128/><W103/><G103/><T64/><D132/><U73/><E73/><V18/><F25/><W107/><G107/><T5/><D5/><U31/><E67/><V60/><F60/><W20/><G90/><T0/><D0/><U88/><E26/><V121/><F121/><W44/><G44/><T98/><D58/><U109/><E59/><V122/><F122/><W29/><N who="3" m="5120" /><DORA hai="99" /><W92/><REACH who="3" step="1"/><G92/><REACH who="3" step="2"/><N who="2" m="35401" /><F101/><W85/><G85/><T104/><D113/><U50/><E109/><V102/><F102/><W56/><G56/><T117/><D112/><U124/><REACH who="1" step="1"/><E88/><REACH who="1" step="2"/><V4/><F24/><W68/><G68/><N who="0" m="41999" /><D89/><U135/><E135/><V63/><F77/><W10/><G10/><T1/><D57/><U66/><E66/><V125/><F8/><W91/><G91/><T62/><D1/><U27/><E27/><V14/><F74/><W33/><G33/><T105/><D15/><U110/><E110/><RYUUKYOKU ba="0,2" sc="327,-15,253,15,250,-15,150,15" hai1="30,31,50,51,52,53,86,87,118,119,120,123,124" hai3="11,12,28,29,39,42,45,46,49,55" /><INIT seed="1,1,2,0,2,66" ten="312,268,235,165" oya="1" hai0="42,68,70,104,54,125,134,85,67,77,62,6,53" hai1="76,130,5,46,9,3,35,98,92,31,13,118,43" hai2="11,16,33,90,59,26,57,96,95,121,111,22,108" hai3="74,114,89,83,49,39,14,8,113,109,25,69,81" shuffle="mt19937ar,C4A1321D,4EAA7CA7,092FDE82,95761BC6,0128111D,0C68D0AE,30D6A47F,E5A0381E"/><U131/><E118/><V4/><F33/><W38/><G69/><T99/><D42/><U52/><E76/><V119/><F121/><W28/><G109/><N who="2" m="42057" /><F119/><W37/><G49/><T107/><D6/><U75/><E75/><V34/><F34/><W32/><G74/><T80/><D134/><U128/><E52/><V19/><F19/><W115/><REACH who="3" step="1"/><G89/><REACH who="3" step="2"/><N who="0" m="51367" /><D70/><U73/><E73/><V105/><F105/><W103/><G103/><T7/><D68/><U79/><E79/><V101/><F101/><W129/><G129/><T48/><D107/><U91/><E130/><V116/><F116/><W56/><G56/><N who="0" m="37319" /><D104/><U110/><E131/><V50/><F50/><W12/><G12/><AGARI ba="1,3" hai="4,11,12,16,22,26,57,59,90,95,96" m="42057" machi="12" ten="30,2000,0" yaku="14,1,54,1" doraHai="66" who="2" fromWho="3" sc="312,0,268,0,235,53,155,-23" /><INIT seed="2,0,0,2,3,67" ten="312,268,288,132" oya="2" hai0="0,107,56,50,82,74,28,66,4,47,76,63,131" hai1="133,37,32,34,71,109,44,2,134,94,52,100,11" hai2="68,90,1,29,49,54,61,123,132,69,92,97,135" hai3="108,126,7,91,119,129,75,14,104,112,113,40,62" shuffle="mt19937ar,CA3BC0F0,23444F1D,39250452,09701816,6F3A6556,2784B62D,742860D1,7294AED1"/><V122/><F1/><W53/><G104/><T33/><D107/><U21/><E109/><V31/><F61/><W72/><G108/><T85/><D131/><U43/><E21/><V6/><F6/><W117/><G40/><T12/><D0/><U111/><E111/><V24/><F122/><W84/><G7/><T60/><D74/><N who="3" m="28201" /><G14/><T130/><D33/><U120/><E120/><V64/><F64/><W89/><G53/><T65/><D28/><N who="2" m="10826" /><F24/><W9/><G9/><N who="0" m="4135" /><D130/><U78/><E11/><V5/><F5/><W30/><G30/><T103/><D103/><U15/><E2/><V26/><F26/><W105/><G62/><N who="0" m="38087" /><D66/><U45/><E15/><V79/><F79/><W95/><G129/><T70/><D70/><U59/><E71/><V96/><F96/><N who="3" m="57455" /><G126/><T55/><AGARI ba="0,0" hai="47,50,55,60,63,76,82,85" m="38087,4135" machi="55" ten="30,1100,0" yaku="8,1" doraHai="67" who="0" fromWho="0" sc="312,11,268,-3,288,-5,132,-3" /><INIT seed="3,0,0,4,4,58" ten="323,265,283,129" oya="3" hai0="60,94,29,99,66,0,104,83,16,93,126,78,97" hai1="51,79,63,134,55,2,127,133,9,89,46,120,22" hai2="75,40,135,100,131,90,109,21,114,27,95,123,80" hai3="28,91,61,118,4,35,14,48,73,56,50,24,103" shuffle="mt19937ar,F54056C2,208E1656,C0D1D6F8,40C8C6F1,420CF70B,DBB927CD,E86AF7B5,E3C5C221"/><W8/><G73/><T5/><D104/><U54/><E120/><V117/><F114/><W86/><G103/><T132/><D29/><U82/><E89/><V31/><F117/><W43/><G43/><T34/><D34/><U128/><E22/><V15/><F123/><W105/><G105/><T130/><D0/><U23/><E23/><V116/><F116/><W111/><G111/><T70/><D5/><N who="1" m="1207" /><E127/><V6/><F109/><W42/><G42/><T107/><D126/><U62/><E128/><V30/><F131/><W44/><G44/><T124/><D130/><U38/><E55/><V65/><F135/><N who="1" m="51721" /><E38/><V76/><F40/><W96/><G96/><T84/><D132/><U102/><E102/><V125/><F125/><W69/><G69/><T17/><D124/><U68/><E68/><V13/><F100/><W1/><G118/><T53/><D107/><U112/><E112/><V18/><F65/><W19/><G91/><N who="0" m="55519" /><D66/><U64/><E64/><V39/><F39/><W49/><G86/><AGARI ba="0,0" hai="46,51,54,62,63,79,82,86" m="51721,1207" machi="86" ten="30,3900,0" yaku="20,1,52,2" doraHai="58" who="1" fromWho="3" sc="323,0,265,39,283,0,129,-39" owari="323,33,304,5,283,-7,90,-31" /></mjloggm>