<mjloggm ver="2.3"><GO type="225"/><UN n0="%73%69%64%65" n1="%E3%83%81%E3%83%A3%E3%82%AA%E3%83%AA" n2="%74%63%61%30%30" n3="%E3%82%88%E3%81%A3%E3%81%A1" dan="17,17,16,16" rate="2091,2165,2028,2075" sx="M,M,M,M"/><TAIKYOKU oya="0"/><INIT seed="0,0,0,2,5,104" ten="250,250,250,250" oya="0" hai0="97,23,93,109,35,5,10,99,86,47,56,43,133" hai1="76,31,45,107,53,41,39,85,63,51,122,112,46" hai2="52,28,64,73,120,40,70,19,12,3,26,96,68" hai3="69,98,2,116,101,1,105,38,44,48,117,94,34" shuffle="mt19937ar,4642BF5C,6BA87E86,BAFDFC33,33B0BF8D,1CAF406F,AF4A382B,1D13FCAD,7C98DDE4"/><T54/><D35/><U125/><E107/><V18/><F3/><W132/><G69/><T115/><D115/><U32/><E122/><V15/><F40/><W30/><G38/><T114/><D114/><U36/><E112/><V130/><F120/><W14/><G105/><T95/><D133/><U58/><E46/><V72/><F64/><W22/><G132/><T25/><D86/><U59/><E59/><V57/><F96/><W110/><G110/><T24/><D109/><U123/><E123/><V82/><F82/><W75/><G75/><T84/><D84/><U42/><E42/><V61/><F130/><W11/><G34/><T4/><D47/><U50/><E36/><V65/><F68/><W103/><G2/><T131/><D43/><U20/><E32/><V135/><F135/><W88/><G1/><T17/><D131/><U108/><E108/><V6/><F6/><N who="0" m="2666" /><D10/><U27/><REACH who="1" step="1"/><E125/><REACH who="1" step="2"/><V16/><F12/><W89/><G117/><T37/><D37/><U87/><E87/><V67/><F15/><W49/><G116/><T0/><D0/><U129/><E129/><V77/><F70/><W74/><G44/><T83/><D56/><U126/><E126/><V91/><F72/><W55/><G14/><T33/><D33/><U127/><E127/><V29/><F73/><W13/><G74/><T8/><D99/><U79/><E79/><V92/><F77/><W121/><G98/><T111/><D97/><U90/><E90/><V106/><F106/><W80/><G121/><T134/><D111/><U128/><E128/><V102/><F91/><W71/><G89/><RYUUKYOKU ba="0,1" sc="250,-10,240,30,250,-10,250,-10" hai1="20,27,31,39,41,45,50,51,53,58,63,76,85" /><INIT seed="1,1,1,3,4,60" ten="240,270,240,240" oya="1" hai0="54,6,39,97,121,29,115,86,102,107,23,87,105" hai1="74,104,9,79,43,83,13,94,33,109,52,38,110" hai2="66,40,57,126,5,56,122,99,114,128,1,4,53" hai3="72,98,82,64,26,19,132,7,113,18,91,51,77" shuffle="mt19937ar,EE8AA809,47EC318A,3FB1432E,A052D5C8,7E0115C3,68A2496B,7B54A790,87CC229E"/><U17/><E104/><V75/><F122/><W36/><G36/><T85/><D39/><U24/><E94/><V100/><F75/><W46/><G113/><T45/><D6/><U78/><E78/><V93/><F114/><W101/><G132/><T12/><D115/><U37/><E43/><V133/><F1/><W59/><G91/><T47/><D121/><U49/><E24/><V124/><F133/><W127/><G127/><N who="2" m="48681" /><F40/><W34/><G7/><T2/><D2/><U111/><E33/><V25/><F25/><W41/><G34/><T134/><D107/><U90/><E90/><V20/><F20/><W30/><G30/><T69/><D105/><U11/><REACH who="1" step="1"/><E9/><REACH who="1" step="2"/><V71/><F128/><W112/><G26/><T68/><D134/><U28/><E28/><V135/><F135/><W48/><G112/><T32/><D29/><U27/><E27/><V0/><F0/><W42/><G42/><T65/><D32/><U61/><E61/><N who="2" m="38183" /><F71/><W129/><G129/><T22/><D68/><U63/><E63/><AGARI ba="1,2" hai="4,5,53,57,63,93,99,100" m="38183,48681" machi="63" ten="30,2000,0" yaku="18,1,52,1" doraHai="60" who="2" fromWho="1" sc="240,0,260,-23,240,43,240,0" /><INIT seed="2,0,0,3,5,44" ten="240,237,283,240" oya="2" hai0="28,110,15,30,128,104,99,17,53,36,92,102,134" hai1="38,40,10,14,131,86,52,98,95,63,69,123,111" hai2="46,29,88,4,121,76,119,81,39,129,35,9,60" hai3="77,124,23,1,93,120,118,103,84,106,37,75,3" shuffle="mt19937ar,767CCC80,2FF43EDD,C9CFFA82,41ED8016,FFEF17F2,55C1D627,23E766D5,69E72055"/><V61/><F121/><W55/><G37/><T79/><D36/><U59/><E123/><V91/><F119/><W85/><G120/><T43/><D43/><U24/><E111/><V100/><F100/><W107/><G118/><T70/><D70/><U133/><E133/><V122/><F122/><W113/><G124/><T94/><D110/><U126/><E126/><V2/><F129/><W82/><G113/><T115/><D115/><U7/><E131/><V67/><F60/><W48/><G23/><T97/><D128/><U132/><E132/><V57/><F29/><W21/><G21/><T54/><D79/><U13/><E24/><V50/><F35/><W12/><G12/><T47/><D104/><U56/><E69/><V90/><F39/><W45/><G106/><T31/><D134/><U80/><E38/><V89/><F89/><N who="3" m="53423" /><G84/><T109/><D47/><U42/><E59/><V32/><F32/><W112/><G112/><T27/><D27/><U41/><E14/><V83/><REACH who="2" step="1"/><F76/><REACH who="2" step="2"/><W5/><G103/><N who="0" m="60839" /><D109/><U101/><REACH who="1" step="1"/><E41/><AGARI ba="0,1" hai="2,4,9,41,46,50,57,61,67,81,83,88,90,91" machi="41" ten="40,12000,1" yaku="1,1,52,1,54,1,53,1" doraHai="44" doraHaiUra="0" who="2" fromWho="1" sc="240,0,237,-120,273,130,240,0" /><INIT seed="2,1,0,5,3,125" ten="240,117,403,240" oya="2" hai0="135,67,63,87,30,11,72,42,95,5,94,115,22" hai1="122,128,45,90,78,6,106,74,134,53,26,130,83" hai2="9,46,1,105,92,107,77,81,76,131,119,44,89" hai3="57,16,68,35,91,8,102,86,50,24,47,126,39" shuffle="mt19937ar,D3C45E3C,F9FC2D51,2AD846A6,B9A02A70,CCD82474,1C04BDD0,CD808B58,B0772C21"/><V51/><F119/><W27/><G68/><T112/><D72/><U108/><E106/><V75/><F77/><W33/><G126/><T20/><D42/><U40/><E108/><V18/><F46/><W127/><G102/><T28/><D135/><U113/><E113/><V12/><F1/><W109/><G127/><T111/><D111/><U84/><E134/><V82/><F82/><W101/><G101/><T32/><D32/><U64/><E64/><V36/><F36/><W3/><G109/><T38/><D38/><U4/><E122/><V85/><F131/><N who="1" m="50217" /><E26/><V10/><F10/><W41/><G27/><T31/><D115/><U70/><E70/><V14/><F14/><W65/><G3/><T129/><D112/><U19/><E19/><V25/><F25/><W66/><G66/><T80/><D129/><U61/><E61/><V59/><F59/><W100/><G100/><T97/><D63/><U58/><E58/><V79/><F79/><W118/><G118/><T37/><D67/><U123/><E123/><V56/><F56/><W71/><G71/><T17/><D17/><U124/><E124/><V34/><F34/><W43/><G57/><T21/><D31/><U96/><E96/><V116/><F116/><W132/><G65/><T54/><D97/><U52/><E40/><AGARI ba="1,0" hai="9,12,18,40,44,51,75,76,81,85,89,92,105,107" machi="40" ten="30,1500,0" yaku="7,1" doraHai="125" who="2" fromWho="1" sc="240,0,117,-18,403,18,240,0" /><INIT seed="2,2,0,0,0,57" ten="240,99,421,240" oya="2" hai0="33,51,90,15,76,109,20,9,93,59,41,102,84" hai1="64,21,98,78,132,67,2,53,81,123,79,99,39" hai2="75,36,70,16,44,48,107,5,77,82,124,0,13" hai3="130,71,103,56,18,135,121,32,11,104,110,17,31" shuffle="mt19937ar,4B70D460,2FDAEEBB,7BD24036,344E9A07,B39097B6,6D7193FC,2536B5DA,2C4E5897"/><V126/><F107/><W61/><G71/><T55/><D33/><U35/><E35/><V4/><F36/><W19/><G121/><T25/><D109/><U1/><E39/><V29/><F29/><W69/><G110/><T120/><D120/><U83/><E123/><V131/><F70/><W95/><G69/><T87/><D102/><U96/><E132/><V30/><F30/><W10/><G104/><T49/><D25/><U74/><E21/><V101/><F101/><W52/><G130/><T113/><D113/><U88/><E53/><V86/><F86/><W117/><G117/><T46/><D20/><U73/><E99/><V68/><F68/><W80/><G80/><T115/><D115/><U26/><E26/><V112/><F0/><W122/><G122/><T118/><D118/><U12/><E12/><V7/><F131/><W27/><REACH who="3" step="1"/><G135/><REACH who="3" step="2"/><T54/><D76/><U63/><REACH who="1" step="1"/><E88/><REACH who="1" step="2"/><V129/><F112/><W23/><G23/><T60/><D90/><U22/><E22/><V105/><F129/><W40/><G40/><T116/><D116/><U6/><E6/><V45/><F4/><W34/><G34/><T125/><D41/><U14/><E14/><V119/><F5/><W128/><G128/><T37/><D15/><U28/><E28/><V43/><F7/><W100/><G100/><T106/><D106/><U127/><E127/><V65/><F105/><W108/><G108/><T24/><D125/><U8/><E8/><V50/><F124/><W3/><G3/><T91/><D9/><U111/><E111/><V114/><F126/><W133/><G133/><RYUUKYOKU ba="2,2" sc="240,-15,89,15,421,-15,230,15" hai1="1,2,63,64,67,73,74,78,79,81,83,96,98" hai3="10,11,17,18,19,27,31,32,52,56,61,95,103" /><INIT seed="3,3,2,4,4,37" ten="225,104,406,245" oya="3" hai0="78,41,124,115,108,94,60,64,13,11,126,16,57" hai1="98,56,88,26,68,96,129,62,2,104,116,32,103" hai2="17,72,52,132,111,47,83,134,123,29,39,86,58" hai3="10,135,19,31,82,20,93,105,125,107,77,51,118" shuffle="mt19937ar,698FB58B,5F9E3A78,433C65F3,49848289,5E38D3B6,AB282F20,626EE530,D75DF89A"/><W8/><G118/><T87/><D108/><U79/><E2/><V14/><F72/><W106/><G31/><T109/><D109/><U80/><E129/><V66/><F29/><W15/><G135/><N who="2" m="51753" /><F66/><W85/><G125/><N who="0" m="48235" /><D115/><U44/><E116/><V97/><F97/><W21/><G21/><T5/><D41/><U71/><E44/><V128/><F47/><W95/><REACH who="3" step="1"/><G51/><REACH who="3" step="2"/><T65/><D65/><U89/><E32/><V69/><F111/><W100/><G100/><T131/><D131/><U75/><E26/><V3/><F128/><W55/><G55/><T33/><D33/><U9/><E9/><AGARI ba="3,3" hai="8,9,10,15,19,20,77,82,85,93,95,105,106,107" machi="9" ten="40,2000,0" yaku="1,1,53,0" doraHai="37" doraHaiUra="35" who="3" fromWho="1" sc="225,0,104,-29,406,0,235,59" /><INIT seed="3,4,0,5,0,43" ten="225,75,406,294" oya="3" hai0="26,64,14,2,59,10,117,106,54,105,97,72,121" hai1="86,128,100,93,18,21,50,16,57,92,8,4,29" hai2="45,53,25,34,77,73,22,74,41,88,35,91,1" hai3="62,6,99,101,83,19,87,20,89,5,76,130,9" shuffle="mt19937ar,4499D4D3,334ED7F4,0143FACA,9E0F403B,15A60822,7D4C4AE4,BD1BB47A,7B5730FC"/><W32/><G32/><T85/><D121/><U107/><E107/><V118/><F1/><W65/><G130/><T30/><D72/><U103/><E128/><V11/><F11/><W127/><G127/><T126/><D2/><U7/><E86/><V17/><F74/><W24/><G76/><T71/><D117/><U133/><E133/><V44/><F118/><W114/><G9/><T42/><D42/><U110/><E110/><V37/><F77/><W79/><G79/><T67/><D126/><U123/><E123/><V69/><F69/><W131/><G131/><T61/><D85/><U47/><E8/><V56/><F73/><W49/><G49/><T75/><D75/><U51/><E57/><V40/><F34/><W102/><G114/><T60/><D54/><U84/><E84/><V70/><F70/><W135/><G135/><T115/><D115/><U104/><E104/><V119/><F35/><W3/><G3/><T63/><D63/><U132/><E132/><V134/><F119/><W112/><G112/><T96/><D106/><U58/><E58/><V90/><F134/><W33/><G33/><T48/><D48/><U124/><E124/><V52/><F56/><N who="3" m="37063" /><G99/><T116/><D105/><U68/><E68/><V95/><F95/><W0/><G0/><T36/><D36/><AGARI ba="4,0" hai="17,22,25,36,37,40,41,44,45,52,53,88,90,91" machi="36" ten="40,8000,1" yaku="9,1,52,2,54,2" doraHai="43" who="2" fromWho="0" sc="225,-92,75,0,406,92,294,0" owari="133,-22,75,-32,498,50,294,4" /></mjloggm>