<mjloggm ver="2.3"><GO type="225"/><UN n0="%E3%82%88%E3%81%A3%E3%81%A1" n1="%E9%95%B7%E6%9D%91%E3%83%93%E3%83%83%E3%82%B0" n2="%73%69%67%65%6E%6F%72%69" n3="%E3%82%AF%E3%83%AB%E3%83%AB%E2%98%86" dan="16,16,17,16" rate="2060,2070,2116,2065" sx="M,M,M,F"/><TAIKYOKU oya="0"/><INIT seed="0,0,0,0,1,7" ten="250,250,250,250" oya="0" hai0="97,128,117,73,104,57,135,25,22,92,80,15,17" hai1="72,49,109,5,127,23,114,115,112,89,93,34,1" hai2="9,12,33,35,13,48,4,69,55,18,120,0,119" hai3="43,108,90,83,38,53,91,107,37,29,75,130,56" shuffle="mt19937ar,53A772DE,74566859,09427769,F2B4018A,74E9A44E,1A1FCE72,40B222BC,841154BA"/><T110/><D104/><U71/><E34/><V85/><F69/><W63/><G107/><T42/><D117/><U45/><E72/><V31/><F120/><W68/><G108/><T20/><D135/><U52/><E109/><V126/><F119/><W19/><G130/><T123/><D128/><U24/><E71/><V98/><F126/><W41/><G29/><T66/><D123/><U39/><E39/><V111/><F111/><W88/><G68/><T82/><D110/><U21/><E127/><V106/><F85/><W124/><G124/><T59/><D73/><U50/><E50/><V40/><F40/><W62/><G38/><T78/><D42/><N who="3" m="15881" /><G37/><T28/><D78/><U14/><E1/><V30/><F33/><W58/><G75/><T36/><D36/><U131/><E131/><V44/><F35/><W74/><G74/><T101/><D59/><U84/><E24/><V27/><F27/><W129/><G19/><T67/><D66/><U65/><E65/><V6/><F0/><W51/><G129/><T86/><D86/><U102/><E102/><V134/><F134/><W125/><G125/><T8/><REACH who="0" step="1"/><D22/><REACH who="0" step="2"/><U105/><E105/><V133/><F133/><W10/><G58/><T87/><D87/><U95/><E93/><V81/><F106/><W121/><G121/><T47/><D47/><U46/><E45/><V132/><F44/><W103/><G56/><T94/><D94/><U79/><E79/><V54/><F132/><W99/><G83/><T60/><AGARI ba="0,1" hai="8,15,17,20,25,28,57,60,67,80,82,92,97,101" machi="60" ten="30,18000,2" yaku="1,1,0,1,25,2,8,1,52,1,53,1" doraHai="7" doraHaiUra="16" who="0" fromWho="0" sc="240,190,250,-60,250,-60,250,-60" /><INIT seed="0,1,0,4,4,42" ten="430,190,190,190" oya="0" hai0="34,75,68,26,107,23,66,80,44,47,77,126,124" hai1="21,12,11,106,97,130,69,64,0,48,59,112,76" hai2="133,100,78,9,62,43,86,70,128,91,96,102,119" hai3="72,134,30,61,118,8,83,36,29,111,74,63,15" shuffle="mt19937ar,4E52EFB0,B74C358F,EF6F7401,3A2CCC7C,CB2B1C06,1E40EE2F,119C9518,7C9A77A4"/><T65/><D107/><U94/><E106/><V109/><F109/><W84/><G118/><T45/><D34/><U39/><E39/><V135/><F119/><W121/><G36/><T105/><D105/><U98/><E130/><V67/><F128/><W46/><G111/><T101/><D101/><U14/><E69/><V71/><F78/><W28/><G134/><N who="2" m="51209" /><F9/><W2/><G2/><T33/><D33/><U122/><E122/><V88/><F43/><W117/><G117/><T131/><D131/><U120/><E120/><V58/><F91/><W104/><G104/><T51/><D51/><U92/><E76/><V90/><F90/><N who="3" m="51487" /><G74/><T10/><D10/><U129/><E129/><V99/><F100/><W125/><G72/><T38/><D38/><U127/><E11/><V6/><F6/><W4/><G121/><T113/><D113/><U114/><E0/><V53/><F102/><W95/><G125/><N who="0" m="48235" /><D68/><N who="2" m="26154" /><F67/><W13/><G13/><T93/><D93/><AGARI ba="1,0" hai="53,58,62,86,88,93,96,99" m="26154,51209" machi="93" ten="30,2000,0" yaku="20,1,54,1" doraHai="42" who="2" fromWho="0" sc="430,-23,190,0,190,23,190,0" /><INIT seed="1,0,0,5,0,45" ten="407,190,213,190" oya="1" hai0="128,30,81,43,13,69,110,102,26,99,63,4,29" hai1="80,89,51,120,60,55,130,126,94,16,17,105,125" hai2="66,38,74,5,20,116,35,0,27,41,122,88,25" hai3="15,84,78,85,93,76,39,86,83,12,46,135,6" shuffle="mt19937ar,6B784D7A,58A1B84B,C0969183,2A6AE875,D0619F90,FDC1598C,2B652AA5,4A61CCC1"/><U113/><E113/><V24/><F116/><W134/><G76/><T109/><D43/><U82/><E120/><V73/><F122/><W100/><G6/><T97/><D81/><U57/><E105/><V106/><F106/><W127/><G127/><N who="1" m="48650" /><E130/><V40/><F66/><W42/><G100/><T34/><D128/><U115/><E115/><V117/><F35/><W28/><G28/><T107/><D99/><N who="1" m="57807" /><E60/><V133/><F117/><W8/><G8/><N who="0" m="4231" /><D30/><U108/><E108/><V37/><F20/><W48/><G39/><T23/><D23/><U112/><E112/><V10/><F133/><N who="3" m="50699" /><G93/><T77/><D77/><U14/><E17/><V124/><F124/><W71/><G71/><T129/><D129/><U62/><E62/><V32/><F32/><W2/><G2/><T72/><D72/><AGARI ba="0,0" hai="12,15,42,46,48,72,78,83,84,85,86" m="50699" machi="72" ten="30,2000,0" yaku="20,1,52,1" doraHai="45" who="3" fromWho="0" sc="407,-20,190,0,213,0,190,20" /><INIT seed="2,0,0,2,5,59" ten="387,190,213,210" oya="2" hai0="91,3,83,13,79,112,42,133,0,29,113,134,104" hai1="75,70,124,60,7,90,50,100,88,82,132,2,24" hai2="53,127,118,81,64,44,65,103,101,52,35,15,6" hai3="55,40,98,69,27,67,122,86,34,56,110,102,9" shuffle="mt19937ar,1AEE8702,C09151FD,CE2E1F28,769F17ED,6A5DC2AD,04219BBF,70531FF1,37897968"/><V76/><F118/><W87/><G122/><T94/><D104/><U119/><E119/><V12/><F35/><W63/><G40/><T5/><D29/><U108/><E100/><N who="2" m="38475" /><F127/><W126/><G126/><T22/><D42/><U30/><E124/><V72/><F72/><W99/><G110/><T68/><D68/><U107/><E107/><V47/><F76/><W10/><G99/><T95/><D22/><U129/><E108/><V45/><F81/><W36/><G36/><T93/><D91/><U111/><E111/><V57/><F6/><W77/><G9/><N who="0" m="4271" /><D3/><U26/><E132/><N who="0" m="50793" /><D0/><U130/><E50/><N who="2" m="30871" /><F53/><W41/><G41/><T25/><D25/><N who="1" m="9835" /><E30/><V66/><AGARI ba="0,0" hai="12,15,44,45,47,64,65,66" m="30871,38475" machi="66" ten="40,3900,0" yaku="8,1,54,1" doraHai="59" who="2" fromWho="2" sc="387,-13,190,-13,213,39,210,-13" /><INIT seed="2,1,0,0,3,34" ten="374,177,252,197" oya="2" hai0="85,41,48,50,8,93,130,30,55,57,88,58,59" hai1="9,126,36,19,86,135,115,119,35,22,100,3,21" hai2="61,56,4,109,94,110,128,131,133,106,118,54,47" hai3="40,78,82,81,123,0,1,98,132,43,70,72,97" shuffle="mt19937ar,04803A81,E61D7CFC,28344297,FB462DFB,296AF0BB,B744B193,D04CA9E4,ED2F744D"/><V23/><F106/><W37/><G123/><T65/><D130/><N who="2" m="49706" /><F118/><W116/><G70/><T68/><D30/><U129/><E36/><V2/><F133/><W62/><G116/><T26/><D26/><U108/><E119/><V91/><F23/><W113/><G132/><T16/><D68/><U102/><E135/><V75/><F75/><W71/><G113/><T29/><D29/><U124/><E115/><V49/><F4/><W51/><G37/><T101/><D101/><N who="1" m="39019" /><E129/><V125/><F2/><W18/><G18/><T121/><D121/><U32/><E108/><N who="2" m="41579" /><F125/><N who="1" m="48233" /><E86/><N who="2" m="52599" /><F61/><W84/><G62/><T122/><D122/><U96/><E96/><V38/><F38/><W120/><G98/><T77/><D8/><U64/><E22/><V10/><F56/><W117/><G120/><T99/><D58/><U89/><E89/><V95/><F95/><W87/><G72/><T42/><D57/><U17/><E17/><V112/><F112/><W79/><G117/><T39/><D16/><U5/><E64/><V127/><F127/><W105/><G105/><T80/><D65/><U66/><E66/><V24/><F24/><AGARI ba="1,0" hai="3,5,9,19,21,24,32,35" m="48233,39019" machi="24" ten="30,2000,0" yaku="18,1,52,1" doraHai="34" who="1" fromWho="2" sc="374,0,177,23,252,-23,197,0" /><INIT seed="3,0,0,1,5,44" ten="374,200,229,197" oya="3" hai0="102,49,27,10,85,9,38,35,40,68,128,26,95" hai1="32,134,52,124,97,101,15,80,108,125,70,69,55" hai2="4,16,77,42,12,84,56,129,119,107,123,25,67" hai3="117,105,120,8,121,112,106,57,28,11,60,46,50" shuffle="mt19937ar,C535D527,08CBC8E4,3C241E25,93B70731,5F7E904E,5469EC99,DD1D9B24,3EC8715F"/><W62/><G112/><T30/><D38/><U7/><E32/><V93/><F119/><W73/><G117/><T20/><D68/><N who="1" m="26219" /><E108/><V79/><F107/><W110/><G73/><T72/><D72/><U61/><E80/><V21/><F123/><W54/><G28/><T63/><D63/><U47/><E134/><V17/><F129/><W59/><G110/><T114/><D114/><U64/><E64/><V45/><F4/><W0/><G46/><N who="0" m="25799" /><D128/><U31/><E31/><V75/><F75/><W22/><G22/><T65/><D65/><U135/><E135/><V113/><F113/><W90/><G54/><T98/><D35/><U29/><E29/><V13/><F67/><W116/><G116/><T122/><D27/><U39/><E61/><V2/><F2/><W92/><G92/><N who="0" m="58695" /><D122/><U51/><E39/><V34/><F25/><W24/><G24/><T48/><D48/><U83/><E55/><V115/><F34/><W58/><G58/><T14/><D14/><U23/><E23/><N who="2" m="11655" /><F56/><W118/><G118/><T66/><D66/><U130/><E130/><V3/><F3/><W74/><G74/><T89/><AGARI ba="0,0" hai="9,10,20,26,30,85,89,95" m="58695,25799" machi="89" ten="30,2000,0" yaku="8,1,52,1" doraHai="44" who="0" fromWho="0" sc="374,20,200,-5,229,-5,197,-10" owari="394,39,195,-15,224,-3,187,-21" /></mjloggm>