<mjloggm ver="2.3"><GO type="225"/><UN n0="%4E%6F%2E%32" n1="%E5%88%BB%E5%AD%90%E5%B8%82%E6%B0%91" n2="%E9%9B%AA%E5%9B%BD%E8%82%B2%E3%81%A1" n3="%E5%BE%85%E3%81%A1%E3%81%A8%E3%82%89%E3%81%9A" dan="16,17,17,16" rate="2083,2117,2193,2047" sx="M,M,M,M"/><TAIKYOKU oya="0"/><INIT seed="0,0,0,2,1,13" ten="250,250,250,250" oya="0" hai0="74,42,77,76,26,55,45,32,123,6,71,62,92" hai1="69,122,80,18,120,21,81,2,79,0,110,117,17" hai2="22,67,48,118,89,93,27,60,75,111,20,46,35" hai3="135,70,128,114,94,115,132,134,102,90,64,57,109" shuffle="mt19937ar,06C2719E,0F70A90A,64BCB368,5F2C8F98,00CE86F8,F3694A2E,088B5B9C,8C25807B"/><T112/><D123/><U52/><E69/><V100/><F75/><W29/><G29/><T127/><D112/><N who="3" m="43049" /><G70/><T91/><D127/><U113/><E113/><V96/><F118/><W51/><G102/><T82/><D6/><U40/><E40/><V30/><F111/><W84/><G109/><T97/><D76/><U37/><E37/><V47/><F89/><W28/><G28/><T88/><D71/><U98/><E98/><V133/><F133/><W10/><G10/><T11/><D11/><U39/><E39/><V61/><F47/><W59/><G128/><T126/><D126/><U78/><E21/><V103/><F103/><W25/><G25/><T12/><D12/><U125/><E125/><V33/><F22/><W131/><G131/><T23/><D32/><U65/><E110/><V121/><F121/><W129/><G129/><T41/><D91/><U34/><E34/><V19/><F67/><W130/><G130/><T63/><D55/><U66/><REACH who="1" step="1"/><E52/><REACH who="1" step="2"/><V8/><F35/><W31/><G135/><T106/><D106/><U104/><E104/><V87/><F8/><W95/><G134/><T50/><REACH who="0" step="1"/><D41/><REACH who="0" step="2"/><U116/><AGARI ba="0,2" hai="0,2,17,18,65,66,78,79,80,81,116,117,120,122" machi="116" ten="25,12000,2" yaku="1,1,0,1,22,2,52,2,53,0" doraHai="13" doraHaiUra="44" who="1" fromWho="1" sc="240,-60,240,140,250,-30,250,-30" /><INIT seed="1,0,0,1,3,100" ten="180,380,220,220" oya="1" hai0="115,123,18,28,46,69,49,61,5,56,16,7,59" hai1="94,131,101,20,63,84,8,64,119,53,135,104,73" hai2="15,60,112,29,19,99,90,106,116,127,82,0,68" hai3="52,51,33,44,128,34,24,76,77,37,71,108,32" shuffle="mt19937ar,3023E0BB,CF061168,50855E9B,D477D694,660C80C3,A335E400,8BFC7269,21F18E6C"/><U78/><E53/><V114/><F116/><W41/><G108/><T57/><D115/><N who="2" m="44074" /><F0/><W93/><G128/><T2/><D28/><U91/><E20/><V65/><F127/><W58/><G24/><T103/><D123/><U109/><E8/><V50/><F29/><W118/><G118/><T102/><D69/><U45/><E45/><V11/><F50/><W74/><G74/><T124/><D61/><U3/><E3/><V75/><F75/><W55/><G93/><T54/><D124/><U81/><E119/><V122/><F122/><W36/><G36/><T47/><D47/><U88/><E91/><V85/><F99/><W4/><G4/><N who="0" m="1611" /><D2/><U6/><E6/><V70/><F70/><W9/><G9/><T66/><D66/><U39/><E39/><V130/><F130/><W1/><G1/><T14/><D18/><U96/><E131/><V22/><F11/><AGARI ba="0,0" hai="11,14,16,46,49,54,56,57,59,102,103" m="1611" machi="11" ten="30,2000,0" yaku="8,1,54,1" doraHai="100" who="0" fromWho="2" sc="180,20,380,0,220,-20,220,0" /><INIT seed="2,0,0,3,3,77" ten="200,380,200,220" oya="2" hai0="57,115,43,13,5,91,122,20,78,101,54,97,19" hai1="84,108,83,79,6,16,121,24,28,80,7,51,96" hai2="52,14,0,26,103,116,111,118,86,36,129,74,10" hai3="69,40,72,65,132,46,113,58,30,61,124,12,102" shuffle="mt19937ar,96D032B8,94238F7F,3D26D239,83820550,5C9C74D3,F3106E6E,559801CE,A23FB3C6"/><V15/><F129/><W133/><G124/><T17/><D115/><U35/><E108/><V18/><F74/><W37/><G113/><T63/><D122/><U98/><E121/><V33/><F111/><W22/><G72/><T75/><D43/><U134/><E134/><N who="3" m="51818" /><G102/><T123/><D123/><U126/><E126/><V38/><F103/><W131/><G131/><T32/><D32/><U114/><E114/><V8/><F0/><W94/><G94/><T100/><D5/><U110/><E110/><V120/><F120/><W29/><G69/><T105/><D100/><U88/><E98/><V87/><F33/><W1/><G1/><T68/><D68/><U117/><E117/><V3/><F3/><W59/><G58/><T42/><D42/><U53/><E16/><AGARI ba="0,0" hai="12,16,22,29,30,37,40,46,59,61,65" m="51818" machi="16" ten="30,2000,0" yaku="20,1,54,1" doraHai="77" who="3" fromWho="1" sc="200,0,380,-20,200,0,220,20" /><INIT seed="3,0,0,5,4,14" ten="200,360,200,240" oya="3" hai0="114,115,41,96,78,82,50,9,117,110,74,125,109" hai1="11,116,42,22,89,48,98,29,15,8,28,49,32" hai2="18,30,58,119,97,132,0,1,21,51,66,67,5" hai3="86,106,107,130,135,104,46,26,7,72,13,118,124" shuffle="mt19937ar,CE082A0F,ABCB5BFF,D2CAF874,3666040F,86F46150,B153B143,F318465F,555A1D3B"/><W75/><G118/><T123/><D125/><U120/><E32/><V100/><F119/><W61/><G86/><T76/><D117/><U69/><E69/><V16/><F132/><W19/><G135/><T105/><D123/><U134/><E134/><V36/><F36/><W10/><G124/><T101/><D9/><U62/><E8/><V25/><F5/><W87/><G87/><N who="0" m="48583" /><D41/><U95/><E120/><V55/><F1/><W122/><G122/><T71/><D71/><U128/><E128/><V4/><F4/><W68/><G130/><T93/><D50/><U23/><E62/><V131/><F0/><W34/><G46/><T37/><D37/><U94/><E116/><V80/><F80/><W27/><G27/><T108/><D105/><U81/><E48/><V112/><F112/><N who="0" m="43050" /><D78/><U84/><E15/><V3/><F3/><W33/><G26/><T129/><D129/><U126/><E29/><V43/><F43/><W127/><G127/><T31/><D31/><U83/><E23/><V121/><F121/><W40/><G40/><T77/><D77/><U2/><E2/><V52/><F131/><W54/><G68/><T103/><D74/><U17/><E28/><V6/><F6/><W91/><G7/><T70/><D70/><U92/><E126/><V39/><F39/><W63/><G34/><T24/><D24/><N who="1" m="14415" /><E11/><V133/><F133/><W59/><G33/><T111/><N who="0" m="27648" /><DORA hai="44" /><T90/><AGARI ba="0,0" hai="90,93,96,101,103" m="27648,43050,48583" machi="90" ten="60,8000,1" yaku="4,1,11,1,14,1,34,2" doraHai="14,44" who="0" fromWho="0" sc="200,80,360,-20,200,-20,240,-40" owari="280,3,340,34,180,-22,200,-15" /></mjloggm>