<mjloggm ver="2.3"><GO type="185"/><UN n0="%E5%8D%81%E5%85%AD%E5%A4%9C%E2%80%A0%E5%92%B2%E5%A4%9C" n1="%E5%83%8D%E3%81%8D%E3%81%9F%E3%81%8F%E3%81%AA%E3%81%84" n2="%E8%9C%9C%E6%9F%91%E3%81%AE%E7%9A%AE" n3="" dan="16,17,16,0" rate="2190,2222,2100,1500" sx="F,M,M,C"/><TAIKYOKU oya="0"/><INIT seed="0,0,0,3,5,91" ten="350,350,350,0" oya="0" hai0="92,54,65,105,107,82,133,85,110,58,112,42,57" hai1="106,127,111,81,56,117,121,118,61,89,114,55,123" hai2="47,109,88,135,115,102,63,38,44,87,41,116,49" hai3="" shuffle="mt19937ar,88154D54,897DE624,9F143DFB,5AEA7CAF,80B2CA02,B134ED6D,1FB9B9EA,6B9F4806"/><T96/><D112/><U93/><N who="1" m="31008" /><U122/><N who="1" m="31264" /><U51/><N who="1" m="31520" /><U134/><E114/><V124/><F115/><T97/><D42/><U59/><E106/><V75/><F75/><T103/><D133/><U126/><E134/><V86/><F135/><T128/><D128/><U35/><E35/><V120/><N who="2" m="30752" /><V67/><F116/><T3/><D3/><U100/><E100/><V132/><F132/><T53/><D110/><U129/><E111/><V0/><F109/><T90/><D65/><U62/><E81/><V76/><F0/><T79/><REACH who="0" step="1"/><D107/><REACH who="0" step="2"/><U36/><E129/><V94/><F124/><T104/><D104/><U72/><E118/><V73/><F67/><T45/><D45/><U125/><E117/><V70/><F47/><T71/><D71/><U64/><E36/><V50/><F70/><T52/><AGARI ba="0,1" hai="52,53,54,57,58,79,82,85,90,92,96,97,103,105" machi="52" ten="30,7800,0" yaku="1,1,0,1,52,1,54,1,53,0" doraHai="91" doraHaiUra="113" who="0" fromWho="0" sc="340,88,350,-39,350,-39,0,0" /><INIT seed="0,1,0,4,0,40" ten="428,311,311,0" oya="0" hai0="93,115,110,92,67,36,47,54,134,35,94,96,74" hai1="76,83,81,91,111,53,118,95,37,120,64,32,68" hai2="71,121,69,66,77,39,89,61,88,125,80,44,104" hai3="" shuffle="mt19937ar,8B10FF46,9768C6E5,F3547231,760A4D37,857E272B,A6F2D03F,B307030D,1A16A066"/><T112/><D35/><U60/><N who="1" m="30752" /><U130/><E118/><V72/><N who="2" m="31008" /><V46/><F104/><T129/><D74/><U117/><E117/><V82/><F71/><T114/><D67/><U48/><E32/><V56/><F125/><T102/><D134/><U131/><E37/><V63/><F39/><T45/><D129/><U52/><E111/><V41/><F41/><T98/><D110/><U99/><E53/><V73/><F73/><T0/><D0/><U135/><E135/><V59/><F69/><T78/><D78/><U123/><N who="1" m="31520" /><U86/><REACH who="1" step="1"/><E83/><REACH who="1" step="2"/><V122/><N who="2" m="31264" /><V51/><F82/><T85/><D36/><U132/><E132/><V106/><F106/><T43/><D54/><U2/><E2/><V84/><F80/><T50/><D43/><U79/><E79/><V57/><F77/><T128/><D115/><U97/><E97/><V70/><F72/><T105/><D98/><U49/><E49/><V109/><F109/><T107/><D50/><U127/><E127/><V113/><F113/><T33/><D112/><U55/><E55/><V58/><F51/><T38/><D114/><U42/><E42/><V108/><F108/><T126/><D33/><U62/><E62/><V34/><F34/><RYUUKYOKU ba="1,1" sc="428,-10,301,20,311,-10,0,0" hai1="48,52,60,64,68,76,81,86,91,95,99,130,131" /><INIT seed="1,2,1,1,5,45" ten="418,321,301,0" oya="1" hai0="112,49,2,43,42,38,34,40,68,83,86,1,133" hai1="91,47,105,123,119,107,46,36,41,52,61,57,82" hai2="98,132,78,81,127,69,64,99,124,116,89,58,130" hai3="" shuffle="mt19937ar,CB242A0D,8CB30445,36D7284E,77A4EE7E,81DF3CA4,851BBE76,625B3B3E,D4EEDBE2"/><U87/><N who="1" m="31520" /><U114/><E119/><V113/><F116/><T77/><D34/><U103/><E114/><V51/><F113/><T100/><D38/><U74/><E103/><V54/><F132/><T115/><D68/><U85/><E74/><V94/><F130/><T32/><D32/><U70/><E70/><V63/><REACH who="2" step="1"/><F99/><REACH who="2" step="2"/><T35/><D115/><U95/><REACH who="1" step="1"/><E46/><REACH who="1" step="2"/><V79/><F79/><AGARI ba="2,3" hai="36,41,47,52,57,61,79,82,85,87,91,95,105,107" m="31520" machi="79" ten="30,12000,1" yaku="1,1,2,1,7,1,52,1,54,1,53,0" doraHai="45" doraHaiUra="0" who="1" fromWho="2" sc="418,0,311,154,291,-124,0,0" /><INIT seed="1,3,0,0,5,85" ten="418,465,167,0" oya="1" hai0="39,79,96,54,117,61,49,66,67,90,98,33,92" hai1="69,110,35,56,106,47,89,120,78,64,59,125,91" hai2="134,108,82,51,105,40,114,133,97,130,76,122,123" hai3="" shuffle="mt19937ar,D6ADB910,3594E87F,34A07EFF,63A0034C,11668004,C4026070,13F1156A,B98872D2"/><U94/><N who="1" m="30752" /><U119/><E119/><V88/><N who="2" m="31264" /><V81/><N who="2" m="31520" /><V38/><F38/><T72/><D33/><U60/><E35/><V37/><F37/><T118/><D39/><U101/><E125/><V116/><F116/><T42/><D42/><U135/><E135/><N who="2" m="51723" /><F114/><T53/><D118/><U126/><E126/><V0/><F0/><T46/><D117/><U3/><E3/><V131/><F108/><T112/><D112/><U50/><E110/><V87/><F40/><T45/><D72/><U99/><E78/><V102/><F51/><T57/><D79/><U93/><E106/><V43/><F43/><T86/><REACH who="0" step="1"/><D45/><REACH who="0" step="2"/><U44/><E44/><V115/><F115/><T83/><D83/><U109/><E109/><V74/><AGARI ba="3,1" hai="74,76,81,82,87,88,97,102,105,130,131" m="51723,31520,31264" machi="74" ten="30,9000,2" yaku="20,1,34,2,52,3,54,1" doraHai="85" who="2" fromWho="2" sc="408,-33,465,-63,167,106,0,0" /><INIT seed="2,0,0,1,5,125" ten="375,402,273,0" oya="2" hai0="91,34,110,63,105,54,81,33,131,75,40,128,69" hai1="101,98,66,80,78,61,41,72,116,0,90,39,42" hai2="52,2,38,44,89,124,82,67,126,132,129,127,109" hai3="" shuffle="mt19937ar,2B1AF4D0,60757ADD,477B0AB1,F363D26D,CA7BBEB6,DBA89E7A,8C6BB294,3CE2AADD"/><V100/><F2/><T68/><D105/><U113/><E0/><V96/><F132/><T106/><D106/><U117/><E113/><V45/><F67/><T93/><D40/><U43/><E39/><V104/><F109/><T76/><D110/><U84/><E72/><V103/><F103/><T115/><D115/><U51/><E78/><V36/><F129/><N who="0" m="49738" /><D54/><U94/><REACH who="1" step="1"/><E51/><REACH who="1" step="2"/><V56/><F38/><T112/><D112/><U46/><E46/><V108/><F108/><T50/><D50/><U123/><N who="1" m="31520" /><U97/><E97/><V65/><F36/><T86/><D63/><U62/><E62/><V130/><F130/><T85/><D75/><U120/><N who="1" m="30752" /><U118/><E118/><V122/><N who="2" m="31264" /><V134/><F134/><T35/><AGARI ba="0,1" hai="33,34,35,68,69,76,81,85,86,91,93" m="49738" machi="35" ten="40,6000,1" yaku="19,1,52,3" doraHai="125" who="0" fromWho="0" sc="375,70,392,-20,273,-40,0,0" /><INIT seed="4,0,0,5,1,77" ten="445,372,233,0" oya="0" hai0="104,119,53,45,115,81,65,41,71,90,69,44,100" hai1="67,57,82,42,95,76,73,128,111,64,47,84,70" hai2="106,96,105,55,92,91,116,118,38,107,75,50,127" hai3="" shuffle="mt19937ar,4CFCBEAF,E0FDB835,9EF98D8B,26C2BAF2,67E3CACD,09B69439,882DA2AD,D01292CA"/><T60/><D119/><N who="2" m="45610" /><F38/><T51/><D115/><U108/><E70/><V112/><F50/><T129/><D129/><U43/><E128/><V117/><F55/><T123/><N who="0" m="31520" /><T34/><D34/><U86/><E57/><V109/><F109/><T63/><D100/><U94/><E47/><V2/><F2/><T54/><D104/><U79/><E73/><V0/><F0/><T49/><D90/><U1/><E1/><V103/><F112/><T35/><D81/><AGARI ba="0,0" hai="42,43,64,67,76,79,81,82,84,86,94,95,108,111" machi="81" ten="25,6400,0" yaku="22,2,52,2" doraHai="77" who="1" fromWho="0" sc="445,-64,372,64,233,0,0,0" /><INIT seed="5,0,0,2,1,82" ten="381,436,233,0" oya="1" hai0="124,132,93,111,53,101,126,36,34,103,112,66,123" hai1="55,41,108,118,64,87,114,81,47,120,71,39,99" hai2="116,113,105,43,35,79,109,2,86,91,58,98,56" hai3="" shuffle="mt19937ar,A4367392,F20CCAD9,B190F5E5,A6443523,E2160681,EF5D049A,8C8C5757,C2B3B2B9"/><U135/><N who="1" m="30752" /><U75/><E118/><V122/><N who="2" m="31264" /><V96/><F35/><T37/><N who="0" m="31520" /><T92/><D34/><U84/><E114/><V63/><F2/><T42/><D112/><U69/><E135/><V49/><F113/><T107/><D107/><U70/><E108/><V128/><F109/><T131/><D111/><U121/><N who="1" m="31008" /><U94/><E64/><V44/><F116/><T117/><D117/><U85/><E55/><V83/><F128/><T45/><D132/><U95/><REACH who="1" step="1"/><E99/><REACH who="1" step="2"/><V60/><F105/><T62/><D53/><U57/><E57/><V115/><F115/><T59/><D66/><U100/><E100/><V50/><F98/><T52/><D103/><U0/><E0/><V67/><F96/><T72/><D101/><U88/><E88/><V106/><F106/><T104/><D104/><U68/><N who="1" m="17408" /><DORA hai="78" /><U119/><E119/><V97/><F97/><T130/><D59/><U125/><E125/><V73/><F91/><T127/><D52/><U32/><E32/><V51/><F73/><T129/><D72/><U90/><E90/><V110/><F110/><T80/><D127/><U102/><E102/><V61/><REACH who="2" step="1"/><F58/><REACH who="2" step="2"/><T38/><D126/><U48/><E48/><AGARI ba="0,2" hai="43,44,48,49,50,51,56,60,61,63,67,79,83,86" m="31264" machi="48" ten="40,12000,2" yaku="1,1,2,1,8,1,52,3,53,1" doraHai="82,78" doraHaiUra="74,133" who="2" fromWho="1" sc="381,0,426,-120,223,140,0,0" /><INIT seed="6,0,0,1,2,117" ten="381,306,363,0" oya="2" hai0="113,76,47,112,82,110,59,83,132,61,128,104,70" hai1="125,114,67,45,44,71,109,46,80,52,108,54,111" hai2="53,127,60,37,69,48,105,56,75,41,51,120,40" hai3="" shuffle="mt19937ar,2ECE2F1A,B9D8D8A3,B1BF0759,F8F9D1AE,50E5C421,422FAEAA,BCAE51A8,BBE560AF"/><V89/><N who="2" m="30752" /><V129/><F105/><T3/><D104/><U92/><E92/><V43/><F75/><T72/><D70/><U55/><E80/><V96/><F129/><T93/><D3/><U123/><N who="1" m="31520" /><U102/><E102/><V74/><F74/><T107/><D107/><U126/><E114/><N who="0" m="44137" /><D128/><U124/><E67/><V57/><F69/><AGARI ba="0,0" hai="44,45,46,52,54,55,69,71,108,109,111,124,125,126" m="31520" machi="69" ten="60,32000,5" yakuman="41" doraHai="117" who="1" fromWho="2" sc="381,0,306,320,363,-320,0,0" owari="381,-2,626,58,43,-56,0,0" /></mjloggm>