<mjloggm ver="2.3"><GO type="185"/><UN n0="%E3%81%A8%E3%81%84%E3%81%A4%E3%81%BE%E3%81%99%E3%81%9F%E3%81%81%E2%99%AA" n1="%E3%81%AA%E3%83%BC%E3%81%8B%E3%82%80" n2="%E3%81%B5%E3%81%8F%EF%BC%A3%EF%BD%88%EF%BD%81%EF%BD%8E%E2%99%AA" n3="" dan="16,16,16,0" rate="2100,2094,2187,1500" sx="M,M,F,C"/><TAIKYOKU oya="0"/><INIT seed="0,0,0,4,2,57" ten="350,350,350,0" oya="0" hai0="72,108,64,88,41,80,133,42,82,106,125,53,0" hai1="55,113,35,43,62,32,40,107,3,66,86,54,94" hai2="74,33,93,90,92,76,124,78,67,102,112,75,69" hai3="" shuffle="mt19937ar,0CC83F01,A20C0B2A,CB2ADD54,DF8960D0,90415105,5B178E5A,BE224F35,CA275546"/><T111/><D106/><U119/><E107/><V120/><N who="2" m="30752" /><V77/><F33/><T89/><D0/><U130/><E119/><V126/><F67/><T103/><D103/><U50/><E3/><V79/><F69/><T96/><D133/><U58/><E113/><V1/><F1/><T132/><D132/><U129/><E35/><V61/><F61/><T104/><D104/><U98/><E86/><V123/><N who="2" m="31520" /><V56/><F56/><T46/><D125/><U49/><E32/><V99/><F112/><T38/><D64/><U109/><E109/><N who="0" m="42057" /><D42/><U122/><N who="1" m="31264" /><U127/><E127/><N who="2" m="48683" /><F77/><T84/><D53/><U100/><E43/><V105/><F105/><T60/><D60/><U34/><E34/><V121/><N who="2" m="31008" /><V117/><F117/><T36/><D96/><AGARI ba="0,0" hai="74,75,76,78,79,90,92,93,96,99,102" m="31008,48683,31520,30752" machi="96" ten="30,12000,2" yaku="18,1,34,2,52,3" doraHai="57" who="2" fromWho="0" sc="350,-120,350,0,350,120,0,0" /><INIT seed="1,0,0,0,5,114" ten="230,350,470,0" oya="1" hai0="72,82,122,37,68,77,3,120,110,111,66,76,35" hai1="83,85,87,106,92,125,88,44,101,104,52,53,70" hai2="63,80,74,93,57,38,50,108,61,81,135,113,115" hai3="" shuffle="mt19937ar,A0266BB6,CE708D22,8AB28B79,F19CA550,B4B16A0A,EE3035AB,B3936694,20188296"/><U119/><E70/><V130/><F38/><T73/><N who="0" m="30752" /><T112/><N who="0" m="31264" /><T54/><D35/><U55/><E119/><V47/><F135/><T103/><D37/><U0/><E0/><V86/><F108/><N who="0" m="41514" /><D3/><U99/><E125/><V128/><F93/><T39/><D39/><U94/><REACH who="1" step="1"/><E44/><REACH who="1" step="2"/><V33/><F33/><T90/><D112/><U2/><E2/><V121/><N who="2" m="31008" /><V107/><F115/><T41/><D68/><U36/><E36/><V102/><F113/><T97/><D66/><U56/><E56/><V79/><F57/><T84/><D41/><U133/><E133/><V67/><F67/><T117/><D54/><U32/><E32/><V40/><F130/><T129/><D129/><U75/><E75/><N who="0" m="28745" /><D117/><U100/><E100/><V71/><F128/><T132/><D132/><U65/><E65/><V46/><F71/><T118/><D118/><U123/><N who="1" m="31520" /><U96/><E96/><V78/><F102/><T127/><D127/><U126/><E126/><V45/><F40/><T59/><D59/><U89/><AGARI ba="0,1" hai="52,53,55,83,85,87,88,89,92,94,99,101,104,106" m="31520" machi="89" ten="30,8000,1" yaku="1,1,0,1,52,1,54,2,53,0" doraHai="114" doraHaiUra="134" who="1" fromWho="1" sc="230,-40,340,90,470,-40,0,0" /><INIT seed="1,1,0,1,5,73" ten="190,430,430,0" oya="1" hai0="133,64,92,107,40,36,91,70,95,108,112,74,99" hai1="38,1,78,53,0,84,65,85,37,126,3,2,41" hai2="125,43,79,96,33,104,117,103,60,48,101,63,46" hai3="" shuffle="mt19937ar,60329792,2C1DAC4D,98F7381F,26ADFD19,CBA6F247,2D61A5FE,1FA4466F,D5A23723"/><U127/><E65/><V59/><F125/><N who="1" m="47625" /><E41/><V105/><F103/><T58/><D70/><U88/><E3/><V123/><N who="2" m="31520" /><V45/><F117/><T68/><D112/><U75/><E53/><V134/><F134/><T44/><D108/><U34/><E34/><V80/><F33/><T109/><D109/><U67/><E67/><V90/><F90/><T131/><D133/><U97/><E97/><V100/><F100/><T86/><D131/><U118/><E118/><V72/><F46/><T77/><D68/><U132/><E132/><V55/><REACH who="2" step="1"/><F105/><REACH who="2" step="2"/><T129/><D107/><U94/><E75/><V130/><F130/><T69/><D129/><U135/><E135/><V113/><F113/><T35/><D35/><U82/><AGARI ba="1,1" hai="0,1,2,37,38,78,82,84,85,88,94" m="47625" machi="82" ten="40,5200,0" yaku="18,1,52,1,54,1" doraHai="73" who="1" fromWho="1" sc="190,-27,430,64,420,-27,0,0" /><INIT seed="1,2,0,0,1,123" ten="163,494,393,0" oya="1" hai0="90,32,3,109,87,2,135,99,89,102,104,126,38" hai1="46,70,47,88,114,62,106,132,57,58,82,36,68" hai2="118,71,134,124,110,0,125,41,129,53,105,80,115" hai3="" shuffle="mt19937ar,72E37B12,3D6F0E6D,1A0206A8,E44ED660,4ABDFA86,C2977275,CC97588F,42CD8C53"/><U120/><N who="1" m="30752" /><U40/><E106/><V117/><F41/><T84/><D38/><U61/><E114/><V95/><F53/><T43/><D32/><U34/><E34/><V83/><F71/><T93/><D135/><U94/><E82/><V42/><F42/><T52/><D126/><U121/><N who="1" m="31008" /><U75/><E75/><V49/><F49/><T100/><D43/><U56/><E132/><V107/><F0/><T85/><D100/><U74/><E74/><V35/><F35/><T122/><N who="0" m="31264" /><T67/><D67/><U51/><E88/><V96/><F134/><T98/><D109/><U64/><E94/><V73/><F73/><T81/><REACH who="0" step="1"/><D52/><REACH who="0" step="2"/><U48/><E47/><V78/><F125/><T39/><D39/><U130/><E130/><V59/><F129/><T79/><D79/><U76/><E76/><V112/><F78/><T119/><D119/><U66/><AGARI ba="2,1" hai="36,40,46,48,51,56,57,58,61,62,64,66,68,70" m="31008,30752" machi="66" ten="30,16000,3" yaku="0,1,9,1,35,6,52,2" doraHai="123" who="1" fromWho="1" sc="153,-82,494,174,393,-82,0,0" /><INIT seed="1,3,0,5,0,64" ten="71,668,311,0" oya="1" hai0="108,2,68,52,112,130,133,132,97,56,60,33,80" hai1="106,115,50,107,40,114,75,66,44,122,0,41,82" hai2="118,63,93,90,119,110,105,88,58,117,95,36,89" hai3="" shuffle="mt19937ar,024B27CB,7E877D05,E96E2029,20B5271E,3D349B5B,92182AE8,9082A2ED,F33D3E7D"/><U94/><N who="1" m="31264" /><U3/><E66/><V128/><F36/><T83/><D33/><U70/><E94/><V127/><F105/><T85/><D2/><U78/><E70/><V74/><F127/><T77/><D112/><U53/><E115/><V104/><F104/><T55/><D108/><U120/><N who="1" m="30752" /><U38/><E114/><V57/><F74/><T126/><D126/><U37/><E106/><V134/><F110/><T121/><N who="0" m="31008" /><T96/><D130/><U61/><E107/><V67/><F128/><T76/><D55/><U54/><E61/><V72/><F72/><T116/><D116/><U51/><E41/><V98/><F134/><N who="0" m="51818" /><D68/><U109/><E109/><V69/><REACH who="2" step="1"/><F93/><REACH who="2" step="2"/><T42/><D42/><U124/><E124/><V48/><F48/><T111/><D111/><U46/><E38/><V135/><F135/><T34/><D34/><U62/><E62/><V32/><F32/><T113/><D113/><U101/><E0/><V99/><F99/><T125/><D125/><U81/><E3/><V103/><AGARI ba="3,1" hai="57,58,63,67,69,88,89,90,95,98,103,117,118,119" machi="103" ten="40,6000,1" yaku="1,1,0,1,52,1,54,1,53,0" doraHai="64" doraHaiUra="73" who="2" fromWho="2" sc="71,-23,668,-43,301,76,0,0" /><INIT seed="2,0,0,1,5,121" ten="48,625,377,0" oya="2" hai0="33,107,96,75,132,81,35,67,43,69,42,64,117" hai1="114,134,50,45,59,61,58,3,130,127,83,99,113" hai2="109,93,97,89,84,118,38,72,98,92,65,124,135" hai3="" shuffle="mt19937ar,CD3FB05B,11A9F475,FF463C65,423E85C4,8B6E8304,FF1A2CB7,0BEE789A,F852B047"/><V108/><F118/><T48/><D117/><U88/><E3/><V46/><F135/><T41/><D48/><U57/><E130/><V102/><F65/><T133/><D107/><U71/><E127/><V37/><F124/><T94/><D75/><U111/><E99/><V120/><F72/><T2/><D81/><U47/><E88/><V76/><F46/><T126/><D126/><U70/><E83/><V101/><F120/><T52/><D52/><U86/><E86/><V56/><F56/><N who="1" m="21609" /><E134/><N who="0" m="51817" /><D2/><U62/><E45/><V91/><F76/><T55/><D55/><U36/><E50/><V82/><F82/><T87/><D87/><U95/><E95/><V128/><F84/><T125/><D125/><U51/><E51/><V106/><F128/><T39/><D39/><U63/><E59/><V90/><F91/><T73/><D73/><U40/><E63/><V66/><F66/><N who="0" m="25130" /><D69/><N who="1" m="26123" /><E61/><V74/><F74/><T60/><D60/><U104/><E104/><AGARI ba="0,0" hai="37,38,89,90,92,93,97,98,101,102,104,106,108,109" machi="104" ten="25,9600,0" yaku="22,2,52,2" doraHai="121" who="2" fromWho="1" sc="48,0,625,-96,377,96,0,0" /><INIT seed="2,1,0,0,5,102" ten="48,529,473,0" oya="2" hai0="78,60,41,98,70,72,79,57,32,64,90,81,58" hai1="80,88,49,55,135,109,112,129,59,128,87,46,74" hai2="73,65,134,124,62,104,66,77,117,122,116,132,106" hai3="" shuffle="mt19937ar,24DA4386,5450A90F,731A2184,F42E00A8,A9E0F244,3BC9931B,47D6E055,4FFD3CB1"/><V114/><N who="2" m="31264" /><V110/><F114/><T100/><D32/><U99/><E112/><V82/><F124/><T53/><D79/><U45/><E109/><V50/><F110/><T125/><D125/><U85/><E135/><N who="2" m="51755" /><F50/><T118/><D118/><N who="2" m="45674" /><F66/><T86/><D41/><U39/><E39/><V119/><N who="2" m="45682" /><V123/><N who="2" m="31520" /><DORA hai="54" /><V71/><AGARI ba="1,0" hai="62,65,71,73,77,82,104,106" m="31520,45682,51755,31264" machi="71" ten="50,12000,2" yaku="4,1,20,1,23,1,52,4" doraHai="102,54" who="2" fromWho="2" sc="48,-61,529,-61,473,122,0,0" owari="-13,-61,468,7,595,54,0,0" /></mjloggm>