<mjloggm ver="2.3"><GO type="185"/><UN n0="%E7%B1%B3%E5%85%89%E5%80%B6%E6%A5%BD%E9%83%A8" n1="%E3%81%B5%E3%81%8F%EF%BC%A3%EF%BD%88%EF%BD%81%EF%BD%8E%E2%99%AA" n2="%E5%83%8D%E3%81%8D%E3%81%9F%E3%81%8F%E3%81%AA%E3%81%84" n3="" dan="16,16,17,0" rate="2170,2165,2215,1500" sx="F,F,M,C"/><TAIKYOKU oya="0"/><INIT seed="0,0,0,0,2,132" ten="350,350,350,0" oya="0" hai0="90,95,32,49,70,92,112,78,68,116,125,105,91" hai1="128,35,52,61,87,99,72,79,104,66,75,101,0" hai2="76,83,65,108,103,110,114,53,122,77,36,94,129" hai3="" shuffle="mt19937ar,1FDE6200,5F4576DD,6A2F598B,0D952FD2,74B352E8,2967E733,C7FA3756,90523A5C"/><T60/><D32/><U34/><E0/><V102/><N who="2" m="31264" /><V44/><F114/><T39/><D105/><U47/><E128/><V118/><F129/><T96/><D39/><U80/><E75/><V117/><F65/><T131/><D112/><U126/><E126/><V130/><F130/><T100/><D116/><U121/><N who="1" m="31008" /><U71/><REACH who="1" step="1"/><E72/><REACH who="1" step="2"/><V50/><F117/><T54/><D125/><U57/><E57/><V111/><F118/><T106/><D131/><U56/><E56/><V113/><F113/><T115/><D115/><U97/><E97/><V73/><F73/><T55/><D70/><U42/><E42/><V109/><F110/><T135/><D68/><U81/><E81/><V62/><F83/><T69/><D69/><U37/><E37/><V127/><F36/><T46/><D46/><U1/><E1/><V64/><F44/><T38/><D38/><U119/><E119/><V120/><F127/><T86/><D96/><U124/><E124/><V45/><N who="2" m="30752" /><V93/><F109/><T134/><D134/><U2/><E2/><V51/><F111/><T82/><D135/><U59/><E59/><V3/><F108/><T58/><D82/><U41/><E41/><V84/><F45/><T133/><D58/><RYUUKYOKU ba="0,1" sc="350,-10,340,20,350,-10,0,0" hai1="34,35,47,52,61,66,71,79,80,87,99,101,104" /><INIT seed="1,1,1,4,2,67" ten="340,360,340,0" oya="1" hai0="131,114,112,108,62,35,127,33,88,53,86,60,85" hai1="42,100,64,69,96,97,129,61,102,130,32,104,113" hai2="105,68,56,80,54,52,71,37,41,95,92,90,119" hai3="" shuffle="mt19937ar,563B7B80,7B9A5AC7,811C8421,C8C0236D,CA98D344,B0CF2453,D78AE12A,1A9A5BB4"/><U128/><E42/><V121/><N who="2" m="31008" /><V135/><F105/><T89/><D108/><U82/><E82/><V133/><F119/><T46/><D46/><U65/><E65/><V87/><F37/><T126/><D131/><U99/><E113/><V47/><F41/><T1/><D53/><U73/><E73/><V55/><F56/><T83/><REACH who="0" step="1"/><D83/><REACH who="0" step="2"/><U50/><E32/><V122/><N who="2" m="31264" /><V117/><F47/><T3/><AGARI ba="1,2" hai="1,3,33,35,60,62,85,86,88,89,112,114,126,127" machi="3" ten="25,6000,1" yaku="1,1,0,1,22,2,54,1,53,0" doraHai="67" doraHaiUra="98" who="0" fromWho="0" sc="330,82,360,-41,340,-21,0,0" /><INIT seed="2,0,0,3,0,129" ten="412,319,319,0" oya="2" hai0="97,41,124,127,74,42,115,61,107,132,106,49,47" hai1="65,94,91,50,34,110,118,105,92,133,48,84,32" hai2="68,114,35,96,109,82,59,75,1,135,67,46,77" hai3="" shuffle="mt19937ar,A0529F76,C74F2A90,6B8EA3CC,9E9BAE00,D0B1FA1B,D2E14CF1,D7E67EBE,D7BEA977"/><V60/><F35/><T87/><D74/><U117/><E105/><V72/><F1/><T86/><D115/><U83/><E65/><V78/><F114/><T36/><D61/><U130/><E130/><V103/><F109/><T93/><D132/><U3/><E3/><V76/><F135/><T51/><D36/><U45/><E133/><V128/><F128/><T119/><D119/><N who="1" m="45579" /><E50/><V125/><F125/><T33/><D33/><N who="1" m="12907" /><E110/><V121/><N who="2" m="31008" /><V101/><F68/><T57/><D106/><U54/><AGARI ba="0,0" hai="45,48,54,83,84,91,92,94" m="12907,45579" machi="54" ten="30,800,0" yaku="12,1" doraHai="129" who="1" fromWho="1" sc="412,-3,319,8,319,-5,0,0" /><INIT seed="4,0,0,0,3,131" ten="409,327,314,0" oya="0" hai0="39,97,134,47,34,96,36,77,127,56,37,1,52" hai1="90,48,135,86,109,2,95,79,49,60,68,3,33" hai2="83,133,106,101,128,70,58,111,62,51,92,130,38" hai3="" shuffle="mt19937ar,A2A7F0FB,D269BFF4,C6C43E40,3071CB49,C8A2FE49,35EEDF57,F0AC8C16,5FEE8E82"/><T43/><D1/><U53/><E33/><V89/><F38/><T125/><D34/><U41/><E109/><V78/><F111/><T114/><D114/><U132/><E79/><V105/><F70/><T75/><D134/><N who="1" m="51243" /><E41/><V126/><F51/><N who="1" m="19529" /><E53/><V121/><N who="2" m="31008" /><V72/><F133/><T103/><D96/><U65/><AGARI ba="0,0" hai="2,3,60,65,68,86,90,95" m="19529,51243" machi="65" ten="30,5900,0" yaku="20,1,52,3" doraHai="131" who="1" fromWho="1" sc="409,-39,327,59,314,-20,0,0" /><INIT seed="5,0,0,0,0,52" ten="370,386,294,0" oya="1" hai0="42,93,67,61,102,59,66,51,111,119,58,127,45" hai1="78,72,122,87,92,117,69,105,64,41,96,2,94" hai2="62,89,71,124,79,33,65,131,110,129,114,82,35" hai3="" shuffle="mt19937ar,4C394655,31B5BACC,39C6C358,06FEDF33,5F8EF54F,5E39F82D,A02FEF48,23A641C0"/><U106/><N who="1" m="31264" /><U130/><E2/><V100/><F110/><T126/><D119/><U85/><E41/><V47/><F124/><N who="0" m="47658" /><D102/><U60/><E117/><V83/><F114/><T46/><D93/><U101/><E60/><V56/><F100/><T76/><D76/><U116/><E64/><N who="0" m="24617" /><D111/><U32/><E69/><V103/><F71/><T97/><D97/><U53/><E53/><V84/><F47/><N who="0" m="17930" /><D61/><U120/><N who="1" m="30752" /><U50/><E92/><V70/><F103/><T55/><D42/><U134/><E116/><V88/><F70/><T121/><N who="0" m="31008" /><T57/><AGARI ba="0,0" hai="51,55,57,58,59" m="31008,17930,24617,47658" machi="57" ten="40,12000,3" yaku="4,1,18,1,34,2,52,4" doraHai="52" who="0" fromWho="0" sc="370,120,386,-80,294,-40,0,0" /><INIT seed="6,0,0,3,2,56" ten="490,306,254,0" oya="2" hai0="118,88,3,58,43,57,92,105,36,73,60,65,61" hai1="121,124,127,59,102,111,77,117,67,2,132,109,81" hai2="120,64,126,98,50,99,80,83,103,74,62,54,47" hai3="" shuffle="mt19937ar,517171FE,90ADA5D4,37EB1656,3B7E89DD,8710F491,58BDF4AA,80A722C1,CA0E1FA1"/><V119/><N who="2" m="30752" /><V87/><F119/><T116/><D105/><U113/><N who="1" m="31008" /><U112/><E2/><V79/><F126/><N who="1" m="48169" /><E102/><V63/><F64/><T115/><D3/><U125/><N who="1" m="48177" /><U106/><DORA hai="82" /><E106/><V130/><F130/><T1/><D1/><U104/><E104/><V93/><F99/><T68/><D73/><U122/><N who="1" m="31264" /><U53/><E67/><V39/><F39/><T44/><D115/><N who="1" m="44107" /><E117/><V97/><F97/><T37/><D37/><U48/><E132/><V135/><F135/><T71/><D116/><U49/><E48/><V70/><F70/><T91/><D118/><U110/><E110/><V78/><AGARI ba="0,0" hai="47,50,54,62,63,74,78,79,80,83,87,93,98,103" m="30752" machi="78" ten="20,12000,2" yaku="0,1,7,1,52,4" doraHai="56,82" who="2" fromWho="2" sc="490,-60,306,-60,254,120,0,0" /><INIT seed="6,1,0,3,1,95" ten="430,246,374,0" oya="2" hai0="85,131,32,53,108,67,96,103,3,45,62,50,126" hai1="125,107,119,77,114,118,111,57,56,92,69,39,76" hai2="87,51,101,117,93,79,127,68,75,109,104,132,98" hai3="" shuffle="mt19937ar,F92AB7E1,15598B1F,E835E409,90520CC0,06ECD9F6,FC8533D3,384CDCEC,37973327"/><V72/><F68/><T35/><D3/><U135/><E69/><V91/><F117/><T0/><D0/><U90/><E39/><V121/><N who="2" m="31008" /><V128/><F128/><T80/><D131/><U130/><E56/><V82/><F132/><T122/><N who="0" m="31264" /><T70/><D126/><U46/><E46/><V59/><F127/><T41/><D108/><U73/><E57/><V47/><F109/><T74/><D74/><U106/><E125/><V2/><F2/><T78/><D41/><U115/><E130/><V100/><F59/><T97/><D97/><U116/><E135/><V66/><F101/><T99/><D99/><U52/><E52/><V134/><F134/><T88/><D78/><U60/><E60/><V71/><F75/><T1/><REACH who="0" step="1"/><D1/><REACH who="0" step="2"/><U83/><E77/><V55/><F71/><T112/><D112/><N who="1" m="43051" /><E111/><V63/><F63/><T54/><D54/><U42/><E42/><V113/><F113/><T34/><D34/><U120/><N who="1" m="30752" /><U81/><E81/><V38/><F66/><T61/><D61/><U86/><AGARI ba="1,1" hai="73,76,83,86,90,92,106,107,116,118,119" m="30752,43051" machi="86" ten="40,6000,1" yaku="12,1,15,1,34,2,52,1" doraHai="95" who="1" fromWho="1" sc="420,-21,246,72,374,-41,0,0" /><INIT seed="8,0,0,2,2,117" ten="399,318,333,0" oya="0" hai0="128,99,127,35,71,100,91,78,36,49,61,32,114" hai1="34,70,125,3,116,52,89,73,46,107,85,112,68" hai2="42,90,59,97,37,106,41,130,76,56,2,120,47" hai3="" shuffle="mt19937ar,2B2D1A28,41159217,896EABA0,0B981BA7,C8AD8ED1,175B4216,46B7A851,82509443"/><T115/><D36/><U64/><E34/><V40/><N who="2" m="30752" /><V66/><F2/><T105/><D78/><U50/><E3/><V124/><F130/><T126/><D128/><U88/><E116/><V69/><F124/><N who="0" m="47658" /><D91/><U43/><E73/><V86/><F76/><T83/><D83/><U101/><E125/><V80/><F69/><T67/><D49/><U121/><N who="1" m="31008" /><U129/><E129/><V119/><F119/><T63/><D61/><U74/><E74/><V57/><REACH who="2" step="1"/><F66/><REACH who="2" step="2"/><T60/><D60/><U84/><E64/><V79/><F79/><T96/><D96/><U72/><E72/><V51/><F51/><T82/><D82/><U104/><E112/><AGARI ba="0,1" hai="32,35,63,67,71,99,100,105,112,114,115" m="47658" machi="112" ten="30,2900,0" yaku="18,1,23,1" doraHai="117" who="0" fromWho="1" sc="399,39,318,-29,323,0,0,0" owari="438,39,289,-31,323,-8,0,0" /></mjloggm>