<mjloggm ver="2.3"><GO type="185"/><UN n0="%E3%81%A8%E3%81%84%E3%81%A4%E3%81%BE%E3%81%99%E3%81%9F%E3%81%81%E2%99%AA" n1="%E3%81%B0%E3%81%8F%E3%81%92%E3%81%A3%E3%81%8D" n2="%E3%81%B5%E3%81%8F%EF%BC%A3%EF%BD%88%EF%BD%81%EF%BD%8E%E2%99%AA" n3="" dan="16,16,16,0" rate="2110,2300,2170,1500" sx="M,M,F,C"/><TAIKYOKU oya="0"/><INIT seed="0,0,0,1,3,84" ten="350,350,350,0" oya="0" hai0="134,38,118,44,41,133,130,90,125,42,91,32,3" hai1="62,73,45,126,83,98,61,39,1,124,66,35,80" hai2="68,54,104,46,111,49,33,105,69,106,131,82,89" hai3="" shuffle="mt19937ar,6321D3EF,C7376C45,60A005DA,12628D7F,EFDDBF40,51B3373F,CB56D6AA,84E622E5"/><T93/><D32/><U72/><E35/><V56/><F111/><T50/><D3/><U88/><E1/><V55/><F131/><T37/><D118/><U96/><E45/><V63/><F33/><T43/><D130/><U81/><E83/><V129/><F129/><T123/><N who="0" m="31520" /><T128/><D128/><U102/><E39/><N who="0" m="14857" /><D125/><U36/><E36/><V132/><REACH who="2" step="1"/><F132/><REACH who="2" step="2"/><N who="0" m="50794" /><D93/><U119/><E119/><V71/><F71/><T75/><D75/><U94/><E94/><V52/><F52/><AGARI ba="0,1" hai="41,42,43,44,50,52,90,91" m="50794,14857,31520" machi="52" ten="40,12000,1" yaku="20,1,52,3,54,1" doraHai="84" who="0" fromWho="2" sc="350,130,350,0,340,-120,0,0" /><INIT seed="0,1,0,1,1,106" ten="480,350,220,0" oya="0" hai0="43,49,35,66,110,117,93,99,60,32,89,3,90" hai1="87,77,125,113,104,38,111,54,36,105,81,40,48" hai2="52,131,67,123,100,108,45,121,124,44,107,95,74" hai3="" shuffle="mt19937ar,FBDB9F8D,57914BBC,57D19DF8,1FBC1573,43A29A88,7B1607FE,7A8736FA,AE47F2DF"/><T98/><D3/><U68/><E68/><V2/><N who="2" m="31008" /><V122/><N who="2" m="31264" /><V133/><N who="2" m="31520" /><V116/><F74/><T55/><D117/><U128/><E113/><V134/><F2/><T62/><D43/><U61/><E125/><V71/><F124/><T114/><D114/><U63/><E128/><V33/><F33/><T50/><D110/><U80/><E111/><V70/><F107/><T127/><D127/><U115/><E115/><V103/><F108/><T78/><D78/><U53/><E77/><V37/><F131/><T126/><D126/><U112/><E112/><V1/><F1/><T47/><D50/><U129/><E129/><V101/><F95/><T130/><D130/><U109/><E109/><V91/><F91/><T119/><D119/><U96/><E48/><V72/><F72/><T64/><D35/><U34/><E34/><V85/><F85/><T102/><D32/><U56/><E87/><V79/><F79/><T39/><D90/><U92/><E40/><V88/><F116/><T84/><D84/><U120/><N who="1" m="30752" /><U46/><E96/><V75/><F75/><T76/><D76/><U51/><E92/><V65/><F37/><T118/><D39/><U83/><E38/><V135/><F134/><RYUUKYOKU ba="1,0" sc="480,0,350,0,220,0,0,0" /><INIT seed="1,2,0,1,4,63" ten="480,350,220,0" oya="1" hai0="0,66,133,109,104,126,49,55,128,68,79,74,91" hai1="37,70,124,108,46,87,32,120,106,62,101,35,110" hai2="96,82,132,2,43,103,125,52,84,38,76,83,75" hai3="" shuffle="mt19937ar,32DC05C9,9820359B,F3509536,F66469FF,A0D2D6BA,B193FC10,3C179E56,1851942D"/><U117/><N who="1" m="30752" /><U90/><E117/><V80/><F132/><T85/><D104/><U122/><N who="1" m="31264" /><U57/><E70/><V48/><F125/><T119/><D0/><U135/><E124/><V114/><F114/><T42/><D126/><U59/><E135/><V131/><F2/><T78/><D133/><U121/><N who="1" m="31008" /><U134/><E134/><V93/><F131/><T39/><D119/><U97/><E59/><V112/><F112/><T44/><D74/><U86/><E46/><V129/><F129/><T111/><D128/><U72/><E72/><V77/><F82/><T47/><D111/><N who="1" m="42539" /><E37/><V94/><F43/><T69/><D109/><U115/><E115/><V60/><F38/><T53/><D69/><U95/><E87/><V107/><F60/><T105/><D68/><U36/><E36/><V40/><F40/><T33/><D39/><U127/><E127/><V41/><F41/><T81/><D42/><U118/><E118/><V50/><F50/><T102/><D47/><AGARI ba="2,0" hai="47,48,52,75,76,77,80,83,84,93,94,96,103,107" machi="47" ten="30,2000,0" yaku="7,1,54,1" doraHai="63" who="2" fromWho="0" sc="480,-24,350,0,220,24,0,0" /><INIT seed="2,0,0,4,5,99" ten="456,350,244,0" oya="2" hai0="104,96,51,109,107,124,105,91,78,83,118,90,86" hai1="77,131,117,75,116,54,87,133,134,119,101,71,37" hai2="130,100,106,113,102,1,120,39,45,115,85,103,127" hai3="" shuffle="mt19937ar,E8241279,6BF0EC5E,5A56CEFD,1C7FDBA9,858B6BE0,40AC0E3E,CF6ED146,45C9F6F6"/><V110/><N who="2" m="30752" /><V98/><F1/><T44/><D118/><U112/><E37/><V0/><F0/><T89/><D109/><U95/><E71/><V97/><F110/><T72/><D124/><U52/><E112/><V59/><F127/><T123/><N who="0" m="31520" /><T43/><REACH who="0" step="1"/><D96/><REACH who="0" step="2"/><U81/><E131/><V68/><F130/><T69/><D69/><U56/><E54/><V79/><F68/><T84/><AGARI ba="0,1" hai="43,44,51,72,78,83,84,86,89,90,91,104,105,107" m="31520" machi="84" ten="40,6000,1" yaku="1,1,0,1,52,1,53,1" doraHai="99" doraHaiUra="40" who="0" fromWho="0" sc="446,70,350,-20,244,-40,0,0" /><INIT seed="4,0,0,2,5,36" ten="516,330,204,0" oya="0" hai0="77,130,99,48,127,113,57,131,34,101,71,69,134" hai1="126,85,97,63,54,2,132,94,72,3,66,46,61" hai2="81,120,125,91,105,108,110,124,96,83,0,117,58" hai3="" shuffle="mt19937ar,9E824B50,BAEB3056,33CA3F0E,A8B91A98,19321904,AB6F941B,08B90185,28D2DA46"/><T51/><D34/><U76/><E72/><V53/><N who="2" m="30752" /><V128/><F53/><T86/><D113/><U114/><E114/><V115/><F58/><T119/><D119/><U64/><E126/><V111/><F0/><T41/><D127/><N who="2" m="48714" /><F115/><T78/><D134/><U102/><E132/><V73/><F117/><T44/><D57/><U59/><E54/><V121/><N who="2" m="31008" /><V89/><F128/><N who="0" m="49194" /><D51/><U45/><E3/><V67/><F67/><T35/><D35/><U82/><REACH who="1" step="1"/><E2/><REACH who="1" step="2"/><V100/><F73/><T133/><D133/><U87/><E87/><V79/><F79/><N who="0" m="30218" /><D86/><U42/><E42/><V33/><F33/><T135/><D135/><U1/><E1/><V88/><AGARI ba="0,1" hai="81,83,88,89,91,96,100,105,108,110,111" m="31008,48714,30752" machi="88" ten="40,9000,2" yaku="18,1,34,2,52,2,54,1" doraHai="36" who="2" fromWho="2" sc="516,-60,320,-30,204,100,0,0" /><INIT seed="5,0,0,2,2,66" ten="456,290,304,0" oya="1" hai0="82,125,54,53,129,92,85,75,99,94,65,118,109" hai1="2,126,133,105,115,36,32,57,107,101,41,55,44" hai2="89,83,72,98,103,3,84,86,112,130,131,0,33" hai3="" shuffle="mt19937ar,4C7A8E31,992D3D4D,D19A2F67,7F3484B8,7C09D922,6C751701,B9BBE949,895EE34B"/><U111/><E32/><V76/><F33/><T90/><D109/><U78/><E2/><V40/><F40/><T47/><D118/><U61/><E111/><V70/><F70/><T67/><D75/><U113/><E126/><V102/><F0/><T64/><D125/><U39/><E133/><V122/><N who="2" m="31264" /><V87/><F3/><T104/><D129/><N who="2" m="49162" /><F112/><N who="1" m="43081" /><E78/><V88/><F103/><T73/><D73/><U56/><E101/><V77/><F77/><T52/><D104/><AGARI ba="0,0" hai="72,76,83,84,86,87,88,89,98,102,104" m="49162,31264" machi="104" ten="30,8000,1" yaku="19,1,34,2,52,1,54,1" doraHai="66" who="2" fromWho="0" sc="456,-80,290,0,304,80,0,0" /><INIT seed="6,0,0,5,2,102" ten="376,290,384,0" oya="2" hai0="81,3,68,121,93,52,44,34,58,56,45,46,130" hai1="127,84,62,117,103,1,119,86,124,71,87,55,95" hai2="64,79,132,76,0,60,67,97,110,40,63,108,125" hai3="" shuffle="mt19937ar,5148DDF1,E722C089,F6B918C5,8E68515F,4EA9DC5C,E8EB90C2,ADA5F10F,2603AEE3"/><V98/><F132/><T91/><N who="0" m="31008" /><T112/><D68/><U54/><E1/><V38/><F125/><N who="1" m="48201" /><E71/><V114/><F114/><T90/><D112/><U88/><E62/><V96/><F40/><T49/><D130/><U47/><E47/><V32/><F38/><T111/><D111/><N who="2" m="42538" /><F32/><T115/><D115/><U116/><E103/><V72/><F72/><T66/><D34/><U59/><E59/><N who="0" m="22569" /><D66/><N who="2" m="25130" /><F0/><T69/><D69/><U85/><AGARI ba="0,0" hai="54,55,84,85,86,87,88,95,116,117,119" m="48201" machi="85" ten="40,3900,0" yaku="12,1,18,1,54,1" doraHai="102" who="1" fromWho="1" sc="376,-13,290,39,384,-26,0,0" /><INIT seed="8,0,0,5,3,69" ten="363,329,358,0" oya="0" hai0="3,54,50,85,97,127,67,42,102,35,34,60,122" hai1="120,2,36,87,55,110,96,71,135,119,33,61,77" hai2="59,95,123,58,76,64,118,45,44,53,75,101,134" hai3="" shuffle="mt19937ar,9F6B43EF,D5758EDC,17C4F903,1164B25E,76CA9EAD,61F720D9,DBA67C47,D68EBBC1"/><T99/><N who="0" m="31264" /><T74/><D74/><U115/><N who="1" m="30752" /><U56/><E2/><V49/><N who="2" m="31520" /><V32/><F32/><T126/><D42/><U65/><E33/><N who="0" m="12297" /><D85/><U51/><E115/><V114/><F114/><T73/><D73/><U111/><E135/><V104/><F104/><T39/><D3/><U70/><E119/><V92/><F134/><T1/><D1/><U57/><E36/><V117/><F101/><T124/><D102/><U72/><E72/><V88/><F92/><T0/><D0/><U125/><E125/><N who="0" m="32001" /><T46/><DORA hai="38" /><D39/><U128/><E128/><V94/><F94/><T112/><D112/><U79/><E96/><V107/><F107/><T84/><D84/><U43/><E43/><V91/><F95/><T68/><AGARI ba="0,0" hai="46,50,54,60,67,68,97,99" m="32001,12297,31264" machi="68" ten="50,3200,0" yaku="18,1,52,1" doraHai="69,38" who="0" fromWho="0" sc="363,32,329,-16,358,-16,0,0" /><INIT seed="8,1,0,0,4,45" ten="395,313,342,0" oya="0" hai0="62,117,123,89,71,1,70,115,78,112,54,80,79" hai1="133,43,128,134,74,97,98,42,96,0,46,94,81" hai2="104,92,88,83,63,131,61,129,109,35,76,87,59" hai3="" shuffle="mt19937ar,686BA2E1,AB2D6308,45C7126C,7A9C9432,8C786A59,DE1ED418,65887449,2141F8BA"/><T2/><N who="0" m="31520" /><T47/><D89/><U69/><E0/><N who="0" m="105" /><D117/><U77/><E69/><N who="0" m="26121" /><D80/><U118/><E118/><V116/><F116/><T111/><D111/><U36/><E128/><V85/><F35/><T95/><D95/><U3/><E3/><V51/><F104/><T40/><D54/><U49/><E94/><V52/><F109/><T41/><D62/><U120/><N who="1" m="30752" /><U50/><REACH who="1" step="1"/><E43/><REACH who="1" step="2"/><N who="0" m="16457" /><D47/><U60/><E60/><V39/><F63/><T91/><D91/><U65/><E65/><V93/><F131/><T103/><D103/><U125/><E125/><V108/><F129/><T55/><D55/><U119/><E119/><V64/><F108/><T114/><AGARI ba="1,1" hai="78,79,112,114,115" m="16457,26121,105,31520" machi="114" ten="40,5200,0" yaku="28,2,52,1" doraHai="45" who="0" fromWho="0" sc="395,64,303,-27,342,-27,0,0" owari="459,40,276,-32,315,-8,0,0" /></mjloggm>