<mjloggm ver="2.3"><GO type="225"/><UN n0="%41%6D%41" n1="%E3%83%81%E3%83%A3%E3%82%AA%E3%83%AA" n2="%EF%BC%88%EF%BC%8A%EF%BC%9E%EF%BC%9C%EF%BC%89" n3="%E3%83%80%E3%83%A0%E3%83%9E%E3%83%8B%E3%82%A2" dan="16,17,17,16" rate="2036,2109,2192,2146" sx="M,M,F,M"/><TAIKYOKU oya="0"/><INIT seed="0,0,0,4,3,76" ten="250,250,250,250" oya="0" hai0="121,127,18,40,31,4,47,21,0,13,2,29,111" hai1="112,134,71,96,63,10,22,82,51,75,125,5,43" hai2="67,8,48,86,123,87,98,84,44,73,17,19,102" hai3="65,103,7,28,119,46,100,129,116,108,55,91,135" shuffle="mt19937ar,C52ED32F,7F5AD81F,44888235,F9696C7A,17C5FF33,68D11E67,78A0B59E,55195B70"/><T120/><D127/><U114/><E125/><V133/><F73/><W124/><G124/><T110/><D47/><U45/><E134/><V27/><F133/><W14/><G135/><T64/><D64/><N who="1" m="41375" /><E96/><V118/><F123/><N who="0" m="47178" /><D40/><U60/><E60/><V12/><F67/><W83/><G65/><T54/><D54/><U38/><E22/><N who="2" m="13775" /><F118/><W62/><G119/><T130/><D130/><U79/><E51/><V88/><F102/><W24/><G129/><T72/><D72/><U58/><E58/><V53/><F98/><W92/><G62/><T94/><D94/><AGARI ba="0,0" hai="8,12,19,44,48,53,84,86,87,88,94" m="13775" machi="94" ten="30,2000,0" yaku="8,1,54,1" doraHai="76" who="2" fromWho="0" sc="250,-20,250,0,250,20,250,0" /><INIT seed="1,0,0,2,3,91" ten="230,250,270,250" oya="1" hai0="99,33,55,16,54,8,71,41,61,72,24,121,124" hai1="34,94,35,23,17,32,102,7,44,11,48,40,3" hai2="84,106,22,69,134,92,74,29,87,120,9,63,18" hai3="89,107,132,50,43,125,66,130,39,111,133,79,113" shuffle="mt19937ar,C5EFA83C,354FFA06,28CF9CCB,616BE762,918FA850,F93A0F06,EB469CC1,8C5A59C2"/><U57/><E57/><V73/><F106/><W97/><G39/><T83/><D124/><U100/><REACH who="1" step="1"/><E94/><REACH who="1" step="2"/><V90/><F92/><W96/><G107/><T105/><D105/><U21/><E21/><V82/><F22/><W52/><G125/><T19/><D121/><U115/><E115/><V56/><F56/><W58/><G113/><T46/><D33/><U59/><E59/><V47/><F120/><W127/><G127/><T77/><D71/><U26/><AGARI ba="0,1" hai="3,7,11,17,23,26,32,34,35,40,44,48,100,102" machi="26" ten="30,6000,0" yaku="1,1,0,1,53,1" doraHai="91" doraHaiUra="38" who="1" fromWho="1" sc="230,-20,240,70,270,-20,250,-20" /><INIT seed="1,1,0,1,2,21" ten="210,310,250,230" oya="1" hai0="68,72,16,17,14,108,42,95,116,80,123,96,81" hai1="8,97,20,127,29,51,87,73,120,91,25,90,84" hai2="50,31,122,24,3,52,55,106,117,131,46,107,59" hai3="15,111,47,100,60,54,13,82,23,121,112,66,10" shuffle="mt19937ar,D40C5F72,C4DCD097,147E99B8,E5328200,4AE4D7EA,9B0163EC,9C7B8FAC,28F4E8B1"/><U133/><E73/><V75/><F122/><W94/><G121/><T62/><D123/><U32/><E120/><V93/><F117/><W102/><G112/><T98/><D116/><U78/><E127/><V124/><F3/><W79/><G111/><T64/><D108/><U103/><E133/><V85/><F124/><W109/><G109/><T35/><D42/><U114/><E114/><V33/><F75/><W12/><G94/><T56/><D35/><U7/><E51/><V34/><F34/><W22/><G10/><T37/><D37/><U58/><E58/><V119/><F119/><W30/><G47/><T45/><D45/><U105/><E32/><V89/><REACH who="2" step="1"/><F131/><REACH who="2" step="2"/><W5/><G5/><T129/><D72/><U113/><E113/><V118/><F118/><W39/><G39/><T9/><D129/><U86/><REACH who="1" step="1"/><E78/><REACH who="1" step="2"/><V6/><F6/><W71/><G79/><T92/><D68/><U69/><E69/><V128/><F128/><W53/><G71/><T88/><REACH who="0" step="1"/><D17/><REACH who="0" step="2"/><U11/><E11/><V1/><F1/><AGARI ba="1,3" hai="1,7,8,20,25,29,84,86,87,90,91,97,103,105" machi="1" ten="40,12000,1" yaku="1,1,52,1,53,3" doraHai="21" doraHaiUra="83" who="1" fromWho="2" sc="200,0,300,153,240,-123,230,0" /><INIT seed="1,2,0,3,1,121" ten="200,453,117,230" oya="1" hai0="11,97,21,7,34,85,92,23,40,44,81,58,95" hai1="35,106,93,6,49,51,83,109,48,128,122,103,60" hai2="66,101,76,55,91,90,27,64,127,132,82,31,4" hai3="53,133,107,30,86,118,102,105,5,32,17,72,89" shuffle="mt19937ar,75F013C9,58ABB07F,6401B47B,857C06B9,9B55E17A,E3BDB333,8537EB7D,B2049D72"/><U19/><E35/><V110/><F101/><W26/><G72/><T80/><D34/><U120/><E106/><V99/><F4/><W28/><G28/><T62/><D44/><U20/><E6/><V125/><F55/><W16/><G118/><T50/><D40/><U46/><E128/><V12/><F12/><W68/><G68/><T126/><D50/><U42/><E60/><V54/><F54/><W74/><G74/><T100/><D126/><U71/><E71/><V39/><F39/><W117/><G5/><T124/><D95/><U79/><E103/><V113/><F113/><W134/><G117/><T13/><D124/><U38/><E93/><V25/><F99/><N who="3" m="61663" /><G107/><T69/><D69/><U115/><E115/><V29/><F82/><N who="0" m="31850" /><D85/><U41/><E41/><V37/><F37/><W116/><G116/><T114/><D114/><U56/><E38/><V88/><F91/><W3/><G3/><T8/><D8/><U111/><E42/><V24/><F24/><W94/><G53/><AGARI ba="2,0" hai="7,11,13,21,23,53,58,62,92,97,100" m="31850" machi="53" ten="30,1000,0" yaku="8,1" doraHai="121" who="0" fromWho="3" sc="200,16,453,0,117,0,230,-16" /><INIT seed="2,0,0,5,5,94" ten="216,453,117,214" oya="2" hai0="76,115,9,33,58,34,35,13,44,99,48,89,83" hai1="96,86,71,51,55,62,70,56,52,77,129,92,108" hai2="81,130,110,113,50,90,132,72,42,112,54,103,120" hai3="135,79,16,98,80,30,74,125,82,6,28,93,21" shuffle="mt19937ar,6568039C,5240C30D,98B8891D,13D154B0,A9024E03,C7BDF3E2,D692AF7F,DAE23F8C"/><V40/><F120/><W49/><G82/><T114/><D58/><U12/><E108/><V101/><F110/><W126/><G135/><T1/><D1/><U32/><E32/><V53/><F132/><W17/><G6/><T4/><D89/><U66/><E129/><V5/><F5/><W25/><G49/><T84/><REACH who="0" step="1"/><D99/><REACH who="0" step="2"/><U20/><E71/><V22/><F130/><W46/><G46/><T134/><D134/><U8/><E70/><V37/><F90/><W59/><G59/><T111/><D111/><U106/><E96/><V105/><F105/><W19/><REACH who="3" step="1"/><G28/><REACH who="3" step="2"/><T36/><D36/><U15/><E56/><V60/><F37/><W69/><G69/><T124/><D124/><U116/><E116/><V78/><F50/><W107/><G107/><T133/><D133/><U65/><E106/><V7/><F7/><W45/><G45/><T127/><D127/><U85/><E51/><V29/><F29/><W24/><G24/><T118/><D118/><U67/><E77/><V123/><F78/><W95/><G95/><T75/><D75/><U0/><E92/><V2/><F72/><W3/><G3/><T121/><D121/><U26/><E0/><V97/><F2/><W87/><G87/><T23/><D23/><U117/><E86/><V128/><F123/><W11/><G11/><T102/><D102/><AGARI ba="0,2" hai="16,17,19,21,25,30,74,79,80,93,98,102,125,126" machi="102" ten="40,8000,1" yaku="1,1,52,1,54,1,53,1" doraHai="94" doraHaiUra="27" who="3" fromWho="0" sc="206,-80,453,0,117,0,204,100" /><INIT seed="3,0,0,3,5,54" ten="126,453,117,304" oya="3" hai0="9,89,120,30,107,27,62,61,127,91,122,26,81" hai1="80,90,132,47,116,51,76,94,85,134,104,56,6" hai2="96,67,32,3,78,75,102,83,23,1,21,118,87" hai3="65,58,49,110,55,4,29,95,42,99,129,88,133" shuffle="mt19937ar,05590180,12628FEB,5306E4CB,BE6A9B60,FEA69FC5,9CFC0407,5F0D02E2,7BA4177B"/><W57/><G129/><T34/><D107/><U40/><E104/><V33/><F118/><W2/><G133/><N who="1" m="51306" /><E116/><V22/><F67/><W48/><G110/><T66/><D127/><U77/><E6/><V59/><F75/><W117/><G117/><T52/><D9/><U15/><E15/><V130/><F130/><W121/><G121/><T38/><D38/><N who="1" m="21911" /><E80/><V11/><F59/><W126/><G126/><T109/><D81/><U46/><E56/><V108/><F108/><W113/><G113/><T72/><D109/><U41/><AGARI ba="0,0" hai="41,46,51,76,77,85,90,94" m="21911,51306" machi="41" ten="30,1100,0" yaku="20,1" doraHai="54" who="1" fromWho="1" sc="126,-3,453,11,117,-3,304,-5" owari="123,-23,464,47,114,-29,299,5" /></mjloggm>