<mjloggm ver="2.3"><GO type="185"/><UN n0="%E3%80%93%E3%81%84%E3%81%A1%E3%81%AF%E3%82%89%E3%80%93" n1="%E3%81%A8%E3%81%84%E3%81%A4%E3%81%BE%E3%81%99%E3%81%9F%E3%81%81%E2%99%AA" n2="%E4%B8%89%E7%94%B0%E6%9D%91%E8%8C%9C" n3="" dan="18,16,17,0" rate="2241,2156,2171,1500" sx="M,M,F,C"/><TAIKYOKU oya="0"/><INIT seed="0,0,0,3,3,64" ten="350,350,350,0" oya="0" hai0="99,73,117,59,82,51,113,132,129,48,94,120,91" hai1="68,127,58,54,41,110,80,33,122,85,102,115,55" hai2="98,74,112,38,87,131,56,45,42,123,77,60,124" hai3="" shuffle="mt19937ar,16561A81,4C2FF0CB,E630C1BC,F91BC320,FCBA5861,97E69578,500145CC,E6C3D04E"/><T44/><N who="0" m="30752" /><T105/><D117/><U0/><N who="1" m="31264" /><U76/><E33/><V88/><N who="2" m="31520" /><V75/><F112/><T40/><D113/><U100/><E0/><V57/><F131/><T78/><D129/><U133/><E115/><V69/><F124/><T134/><D105/><U103/><E127/><V96/><F75/><T135/><REACH who="0" step="1"/><D59/><REACH who="0" step="2"/><U62/><E110/><V53/><F56/><T61/><D61/><U43/><E133/><V1/><F1/><T49/><AGARI ba="0,1" hai="40,44,48,49,51,73,78,82,91,94,99,132,134,135" m="30752" machi="49" ten="40,8000,1" yaku="1,1,0,1,20,1,52,1,53,1" doraHai="64" doraHaiUra="104" who="0" fromWho="0" sc="340,90,350,-40,350,-40,0,0" /><INIT seed="0,1,0,5,4,88" ten="430,310,310,0" oya="0" hai0="48,36,67,110,73,54,105,59,81,66,112,90,118" hai1="53,63,62,33,58,72,55,114,115,78,34,94,52" hai2="133,119,1,120,2,92,103,86,64,84,45,135,85" hai3="" shuffle="mt19937ar,8ADD1304,54D6D74A,9AFE54CD,FF244788,433ED5F7,990D2C33,76871EFD,0C67217B"/><T127/><D105/><U107/><E107/><V47/><N who="2" m="30752" /><V113/><F119/><T121/><N who="0" m="31008" /><T95/><D118/><U123/><N who="1" m="31520" /><U65/><E72/><V97/><F64/><T68/><D112/><N who="1" m="43051" /><E78/><V60/><F60/><T57/><D127/><U51/><E63/><V83/><F83/><T124/><D124/><U76/><E76/><V32/><F32/><N who="1" m="12393" /><E94/><V89/><F103/><T0/><D0/><N who="2" m="106" /><F113/><T77/><D68/><AGARI ba="1,0" hai="51,52,53,55,58,62,65,68" m="12393,43051,31520" machi="68" ten="30,3900,0" yaku="11,1,52,1,54,1" doraHai="88" who="1" fromWho="0" sc="430,-41,310,41,310,0,0,0" /><INIT seed="1,0,0,3,4,36" ten="389,351,310,0" oya="1" hai0="122,91,117,94,40,115,54,52,39,134,105,103,41" hai1="72,86,45,109,92,108,118,100,93,1,119,84,133" hai2="83,127,60,42,35,80,76,79,110,50,82,126,131" hai3="" shuffle="mt19937ar,04F0F196,0A122A26,631F04F9,EFD638C3,0B597D2F,8C4BFDA3,DCE3C091,718D585D"/><U135/><E72/><V56/><F35/><T69/><N who="0" m="31264" /><T65/><D117/><N who="1" m="44555" /><E45/><V112/><F112/><T64/><D115/><U73/><E73/><V89/><F131/><T78/><D78/><U37/><E37/><V98/><F110/><N who="1" m="42601" /><E1/><V70/><F70/><T51/><D103/><U46/><E46/><V43/><F50/><T104/><D69/><U0/><E0/><V113/><F113/><T38/><D94/><N who="1" m="36459" /><E100/><V66/><F89/><T55/><D91/><U44/><E44/><V125/><REACH who="2" step="1"/><F98/><REACH who="2" step="2"/><T101/><D39/><U97/><E97/><V2/><F2/><T120/><D38/><U34/><E34/><V75/><F75/><T128/><D128/><U47/><E47/><V68/><F68/><T58/><D58/><U114/><E114/><V74/><F74/><T106/><D120/><U49/><E49/><V71/><F71/><T121/><D121/><U81/><E86/><V124/><F124/><T87/><D87/><U96/><E96/><V33/><F33/><T77/><D51/><U95/><E95/><V107/><F107/><T130/><D105/><U67/><E84/><V123/><N who="2" m="31520" /><V48/><F48/><T88/><D104/><U53/><E81/><V111/><F111/><T85/><D106/><RYUUKYOKU ba="0,1" sc="389,-10,351,-10,300,20,0,0" hai2="42,43,56,60,66,76,79,80,82,83,125,126,127" /><INIT seed="2,1,1,4,5,39" ten="379,341,320,0" oya="2" hai0="105,126,91,94,116,101,56,61,119,2,63,71,73" hai1="67,107,47,48,42,103,98,36,60,55,69,128,62" hai2="79,106,50,53,120,70,38,112,85,121,57,68,108" hai3="" shuffle="mt19937ar,BD6166AF,3A76FF15,3E6878B1,4E462829,1716444E,3D943644,FC2C900C,B1EBBD94"/><V133/><N who="2" m="30752" /><V34/><N who="2" m="31008" /><V65/><F34/><T0/><D73/><U117/><E62/><V115/><F106/><T64/><D126/><U122/><N who="1" m="31264" /><U86/><E86/><V118/><F79/><T125/><D125/><U114/><E128/><V75/><F85/><T58/><D71/><N who="2" m="27178" /><F75/><T1/><D101/><U74/><E74/><V3/><F3/><T80/><D80/><U109/><E117/><V41/><F118/><T44/><D44/><U33/><E33/><V99/><F99/><T95/><D105/><U134/><E114/><N who="2" m="43563" /><F133/><T46/><D95/><U81/><E134/><V96/><F96/><T43/><D94/><U52/><E81/><V113/><F108/><T35/><D91/><U54/><REACH who="1" step="1"/><E109/><REACH who="1" step="2"/><V78/><F78/><T59/><D35/><U89/><E89/><V84/><F84/><T83/><D83/><U104/><E104/><V93/><F93/><T102/><D119/><U124/><E124/><V127/><F127/><T76/><D116/><U77/><E77/><V130/><F130/><T82/><D76/><U135/><E135/><V90/><F90/><T132/><D132/><U72/><E72/><V66/><F113/><T87/><D87/><U88/><E88/><V129/><F129/><RYUUKYOKU ba="1,2" sc="379,-20,331,10,320,10,0,0" hai1="36,42,47,48,52,54,55,60,67,69,98,103,107" hai2="38,41,50,53,57,65,66" /><INIT seed="2,2,2,1,0,108" ten="359,341,330,0" oya="2" hai0="119,33,103,89,48,123,63,125,96,121,106,1,92" hai1="64,116,34,117,42,118,49,80,93,52,94,44,75" hai2="36,83,95,2,128,98,43,82,130,58,122,73,134" hai3="" shuffle="mt19937ar,D697A1F5,71993F44,725DA0C0,DA672DE3,99D7F1EC,F05F81AB,D386FDEC,955E4F88"/><V111/><N who="2" m="31264" /><V85/><F2/><T61/><N who="0" m="31008" /><T69/><N who="0" m="31520" /><T41/><D33/><U100/><E34/><V72/><F111/><T99/><D1/><U39/><E64/><V112/><F36/><T46/><D119/><U132/><E132/><V115/><F43/><T76/><D125/><U56/><E100/><V32/><F58/><T0/><D0/><U55/><E55/><V71/><F71/><T51/><D76/><AGARI ba="2,2" hai="39,42,44,49,52,56,75,76,80,93,94,116,117,118" machi="76" ten="40,2600,0" yaku="12,1,54,1" doraHai="108" who="1" fromWho="0" sc="359,-30,341,50,330,0,0,0" /><INIT seed="4,0,0,5,3,61" ten="329,391,330,0" oya="0" hai0="50,127,51,101,81,102,117,100,103,45,38,86,123" hai1="91,73,96,131,98,80,111,106,33,60,63,89,135" hai2="133,90,112,119,128,57,66,124,132,105,92,44,84" hai3="" shuffle="mt19937ar,7B318FC2,2BFCEDAC,18DFD14E,6561590C,63C7174C,06A1323C,9F51B667,F7805199"/><T49/><N who="0" m="31520" /><T104/><D117/><U34/><E111/><V120/><N who="2" m="30752" /><V75/><F119/><T65/><D127/><U69/><E69/><V108/><F75/><T55/><D38/><U72/><E80/><V113/><F105/><T62/><N who="0" m="25600" /><DORA hai="35" /><T56/><REACH who="0" step="1"/><D104/><REACH who="0" step="2"/><U129/><E106/><V46/><F124/><T58/><D58/><U107/><E107/><V36/><F108/><T76/><AGARI ba="0,1" hai="45,49,50,51,55,56,62,65,76,81,86" m="25600,31520" machi="76" ten="40,32000,5" yaku="1,1,0,1,8,1,52,2,53,8" doraHai="61,35" doraHaiUra="99,97" who="0" fromWho="0" sc="319,330,391,-160,330,-160,0,0" /><INIT seed="4,1,0,0,3,49" ten="649,231,170,0" oya="0" hai0="46,55,79,67,118,130,66,51,2,105,106,70,41" hai1="129,61,63,73,59,126,76,65,90,47,54,85,108" hai2="91,103,32,83,52,57,125,132,62,77,60,110,104" hai3="" shuffle="mt19937ar,8B9392A5,F133549B,A4BE004B,EE51E022,75659C7E,50ECAA6C,672B90E7,B09E5562"/><T121/><N who="0" m="31008" /><T56/><D2/><U100/><E108/><V48/><F32/><T119/><D79/><U69/><E129/><V107/><F110/><T112/><D106/><U94/><E126/><V37/><F125/><T116/><D105/><U124/><E124/><V50/><F37/><T44/><D130/><U134/><E100/><V43/><F132/><T99/><D99/><U87/><E134/><V81/><F104/><T114/><D46/><U123/><N who="1" m="31520" /><U3/><E3/><V97/><F91/><T75/><D75/><U117/><E117/><V64/><F43/><T115/><REACH who="0" step="1"/><D70/><REACH who="0" step="2"/><U86/><REACH who="1" step="1"/><E47/><REACH who="1" step="2"/><V95/><F107/><T71/><D71/><U0/><E0/><V39/><F103/><T92/><D92/><U45/><E45/><V131/><F95/><T109/><D109/><U36/><E36/><AGARI ba="1,2" hai="36,41,44,51,55,56,66,67,112,114,115,116,118,119" m="31008" machi="36" ten="50,18000,2" yaku="1,1,15,1,34,3,52,2,53,0" doraHai="49" doraHaiUra="98" who="0" fromWho="1" sc="639,202,221,-182,170,0,0,0" /><INIT seed="4,2,0,2,3,68" ten="841,39,170,0" oya="0" hai0="126,59,70,100,54,93,71,45,82,130,128,84,104" hai1="73,111,129,121,48,32,96,123,2,47,74,119,124" hai2="109,120,117,89,40,65,95,118,92,114,0,35,63" hai3="" shuffle="mt19937ar,565445C5,4C65BEB3,A1473414,71B0DBC1,1234E52B,F9E39CD9,A202E6A0,B7FAFF09"/><T113/><D104/><U116/><N who="1" m="31008" /><U69/><N who="1" m="31520" /><U135/><E32/><V115/><N who="2" m="30752" /><V81/><F109/><T102/><D113/><N who="2" m="43018" /><F40/><T99/><D102/><U50/><E2/><V52/><F0/><T132/><D132/><U125/><E69/><V66/><F81/><T91/><D126/><N who="1" m="48747" /><E111/><V80/><F80/><T108/><D45/><U67/><E135/><V43/><F43/><T106/><D108/><U87/><E67/><N who="2" m="25611" /><F95/><T107/><D106/><U88/><E129/><N who="0" m="49769" /><D107/><U42/><E96/><V53/><F35/><T105/><D105/><U83/><E50/><AGARI ba="2,0" hai="50,54,59,70,71,82,84,91,93,99,100" m="49769" machi="50" ten="30,1500,0" yaku="19,1" doraHai="68" who="0" fromWho="1" sc="841,19,39,-19,170,0,0,0" /><INIT seed="4,3,0,2,5,91" ten="860,20,170,0" oya="0" hai0="99,51,107,71,87,76,109,44,100,2,52,133,42" hai1="125,97,70,135,119,64,3,63,61,98,74,111,75" hai2="49,131,54,60,86,114,69,56,73,124,120,95,117" hai3="" shuffle="mt19937ar,FED1015A,3A4F0662,F179441B,1E044A14,D63FABD9,59FCB5BE,E99F43B4,7D1392BC"/><T41/><D2/><U103/><E119/><V48/><N who="2" m="30752" /><V105/><F73/><T126/><D109/><U39/><E39/><V102/><F105/><T90/><D133/><U1/><E135/><V34/><F34/><T53/><D71/><U81/><E111/><V134/><F134/><T129/><D129/><U88/><E63/><V82/><F69/><T58/><D76/><U115/><E115/><V128/><F114/><T32/><D126/><U127/><E1/><V132/><F132/><T96/><D96/><U101/><E3/><V33/><F60/><T46/><D32/><U108/><E108/><V62/><F62/><T83/><D58/><U104/><E75/><V45/><F56/><T50/><AGARI ba="3,0" hai="41,42,44,46,50,51,52,53,83,87,90,99,100,107" machi="50" ten="20,5200,0" yaku="0,1,7,1,9,1,54,1" doraHai="91" who="0" fromWho="0" sc="860,58,20,-29,170,-29,0,0" owari="918,87,-9,-61,141,-26,0,0" /></mjloggm>