<mjloggm ver="2.3"><GO type="185"/><UN n0="%E4%BF%8A%E3%81%93%E3%82%8D" n1="%EF%BC%BC%28%EF%BC%BE%6F%EF%BC%BE%29%EF%BC%8F%E2%98%85" n2="%E5%8D%81%E5%85%AD%E5%A4%9C%E2%80%A0%E5%92%B2%E5%A4%9C" n3="" dan="16,17,16,0" rate="2090,2140,2186,1500" sx="M,M,F,C"/><TAIKYOKU oya="0"/><INIT seed="0,0,0,4,3,120" ten="350,350,350,0" oya="0" hai0="70,81,125,124,118,75,107,52,113,102,39,119,123" hai1="86,74,59,3,42,101,65,103,76,55,94,73,121" hai2="96,53,109,128,51,93,105,68,71,97,50,48,89" hai3="" shuffle="mt19937ar,E20C0716,655ACCBD,C53BBCC9,D29B0EED,17A38C55,7512DBF8,C4500324,3800162F"/><T108/><RYUUKYOKU type="yao9" ba="0,0" sc="350,0,350,0,350,0,0,0" hai0="39,52,70,75,81,102,107,108,113,118,119,123,124,125" /><INIT seed="0,1,0,5,0,87" ten="350,350,350,0" oya="0" hai0="100,75,48,62,35,91,79,106,53,94,46,96,104" hai1="1,39,102,108,88,74,109,55,86,83,42,37,57" hai2="34,120,81,58,60,40,126,85,130,116,118,122,68" hai3="" shuffle="mt19937ar,468CE006,1DEFA181,9E79B75D,CD1F3B95,867A8246,A6FD346F,FDECC1E1,C0AF7F45"/><T64/><D35/><U54/><E1/><V92/><N who="2" m="30752" /><V44/><N who="2" m="31264" /><V52/><F34/><T70/><REACH who="0" step="1"/><D100/><REACH who="0" step="2"/><U38/><E102/><V119/><F118/><T133/><D133/><U95/><E109/><V93/><F116/><T65/><D65/><U132/><E108/><V89/><F119/><T134/><D134/><U61/><E132/><V121/><F121/><T0/><D0/><U131/><E131/><V43/><F130/><T128/><D128/><U90/><E74/><V113/><F113/><T124/><D124/><U129/><E129/><V107/><F126/><T111/><D111/><U63/><E42/><V71/><F43/><T101/><D101/><U33/><E33/><V41/><F41/><T117/><D117/><U69/><E55/><V36/><REACH who="2" step="1"/><F107/><REACH who="2" step="2"/><T45/><D45/><U123/><N who="1" m="31520" /><U125/><E125/><V2/><F2/><T3/><D3/><U98/><REACH who="1" step="1"/><E69/><AGARI ba="1,2" hai="36,40,44,52,58,60,68,69,71,81,85,89,92,93" m="31264,30752" machi="69" ten="40,12000,2" yaku="1,1,52,3,54,1,53,1" doraHai="87" doraHaiUra="78" who="2" fromWho="1" sc="340,0,350,-122,340,142,0,0" /><INIT seed="1,0,0,2,1,55" ten="340,228,482,0" oya="1" hai0="104,102,73,74,108,56,96,36,77,125,111,60,93" hai1="53,89,70,2,135,131,101,92,88,57,51,68,61" hai2="72,98,83,62,107,134,59,121,100,97,109,85,103" hai3="" shuffle="mt19937ar,4E7586A9,FE0D483E,9D9E68D2,FA15A3AB,261EE7F4,F0A5B9A5,26C83230,9A253B80"/><U67/><E2/><V82/><N who="2" m="31008" /><V58/><F109/><N who="0" m="42058" /><D36/><U127/><E131/><V117/><F117/><T3/><D3/><U124/><E135/><V46/><F134/><T63/><D125/><N who="1" m="48203" /><E70/><V49/><F72/><N who="0" m="27754" /><D77/><U33/><E33/><V38/><F38/><T130/><D130/><U132/><E132/><V110/><F110/><T87/><D56/><U129/><E129/><V42/><F62/><T78/><D78/><U112/><E112/><V99/><F99/><AGARI ba="0,0" hai="51,53,57,61,67,68,88,89,92,99,101" m="48203" machi="99" ten="30,5800,0" yaku="18,1,52,1,54,1" doraHai="55" who="1" fromWho="2" sc="340,0,228,58,482,-58,0,0" /><INIT seed="1,1,0,4,5,41" ten="340,286,424,0" oya="1" hai0="59,106,87,42,46,122,43,98,45,112,111,91,2" hai1="127,37,82,92,135,97,44,125,33,121,85,49,81" hai2="65,114,38,35,118,47,36,96,119,107,34,64,57" hai3="" shuffle="mt19937ar,305DB768,E5062476,58BA0CA5,F9ED75A3,6A7924C6,D3573735,FF676946,2EE7D96D"/><U1/><N who="1" m="31008" /><U100/><E1/><V104/><F114/><T77/><N who="0" m="31264" /><T75/><D2/><U123/><N who="1" m="31520" /><U74/><E33/><V103/><F57/><T117/><D112/><U40/><E135/><V130/><F130/><T101/><D117/><U132/><E132/><V133/><F133/><T79/><D111/><U76/><REACH who="1" step="1"/><E37/><REACH who="1" step="2"/><V124/><F36/><T126/><D126/><U66/><E66/><V94/><F38/><T95/><D75/><U78/><AGARI ba="1,1" hai="40,44,49,74,76,78,81,82,85,92,97,100,125,127" m="31520,31008" machi="78" ten="30,8000,1" yaku="1,1,0,1,52,3,53,0" doraHai="41" doraHaiUra="67" who="1" fromWho="1" sc="340,-41,276,92,424,-41,0,0" /><INIT seed="1,2,0,5,3,105" ten="299,368,383,0" oya="1" hai0="96,2,97,98,76,113,114,51,61,36,53,108,123" hai1="80,85,94,82,54,58,72,45,122,48,56,127,1" hai2="65,39,41,71,68,62,73,90,59,130,38,81,60" hai3="" shuffle="mt19937ar,3F76171D,695F34DF,2D73B724,0E46166E,912F0766,5E3CF295,691FE354,FC8E9092"/><U77/><N who="1" m="31264" /><U78/><E1/><V112/><F112/><T69/><N who="0" m="31520" /><T125/><D2/><U103/><E127/><V84/><F130/><T107/><D36/><U35/><E35/><V83/><F41/><T134/><D125/><U37/><E37/><V115/><F115/><T47/><D134/><U67/><E67/><V100/><F100/><T92/><D107/><U33/><E33/><V43/><F43/><T133/><D133/><U104/><E104/><V106/><F106/><T75/><D92/><U57/><REACH who="1" step="1"/><E45/><REACH who="1" step="2"/><V119/><F39/><T116/><D116/><U86/><E86/><V49/><F38/><T34/><D34/><U63/><E63/><V109/><F119/><T120/><N who="0" m="30752" /><T40/><D108/><U64/><E64/><V102/><F60/><T131/><D131/><U135/><E135/><V93/><F62/><T46/><D61/><U0/><E0/><V124/><F65/><T132/><D132/><U32/><E32/><V70/><F109/><T121/><N who="0" m="31008" /><T91/><D47/><U79/><E79/><V66/><F124/><T126/><D126/><U110/><E110/><V118/><F66/><T129/><D129/><U101/><E101/><V95/><F102/><T55/><D113/><RYUUKYOKU ba="2,1" sc="299,-10,358,20,383,-10,0,0" hai1="48,54,56,57,58,72,77,78,80,82,85,94,103" /><INIT seed="1,3,1,3,4,63" ten="289,378,373,0" oya="1" hai0="38,47,36,67,103,1,44,46,108,77,111,42,104" hai1="132,101,82,133,124,98,99,41,66,110,112,59,74" hai2="78,81,128,70,120,135,37,122,107,84,0,109,49" hai3="" shuffle="mt19937ar,0E957A8F,740C4108,DAFC58CC,22B2EA93,2F24445A,4896EC70,741CB0A5,0050FC5B"/><U62/><E112/><V68/><N who="2" m="30752" /><V85/><N who="2" m="31264" /><V94/><F107/><T43/><D1/><U131/><E124/><V95/><F0/><T91/><D77/><U50/><E131/><V34/><F37/><N who="0" m="14442" /><D91/><U125/><E125/><V113/><F34/><T134/><D103/><U48/><E99/><V127/><F128/><T76/><D76/><U83/><E74/><V57/><F127/><T129/><D104/><U71/><E50/><V79/><F113/><T51/><D129/><U39/><E39/><V86/><F81/><T61/><D134/><N who="1" m="51819" /><E41/><N who="0" m="15369" /><D51/><U54/><E110/><N who="0" m="42025" /><D44/><U60/><E48/><V55/><F49/><T80/><D80/><U58/><E58/><AGARI ba="3,1" hai="46,47,58,61,67" m="42025,15369,14442" machi="58" ten="30,7700,0" yaku="14,1,34,2,52,1" doraHai="63" who="0" fromWho="1" sc="289,93,378,-83,373,0,0,0" /><INIT seed="2,0,0,4,4,113" ten="382,295,373,0" oya="2" hai0="70,120,135,52,116,88,77,123,133,59,110,76,118" hai1="125,134,53,43,115,132,107,68,72,104,49,54,82" hai2="86,83,39,47,91,127,69,98,129,3,119,32,96" hai3="" shuffle="mt19937ar,7056A32E,056B65DA,0CD375EB,50005D33,60434E25,1586E2EC,55BCAF4C,9D10759A"/><V131/><F3/><T50/><N who="0" m="30752" /><T58/><N who="0" m="31520" /><T100/><D70/><U102/><E68/><V97/><F32/><T84/><D100/><U128/><E115/><V42/><F69/><T60/><D110/><U93/><E128/><N who="2" m="49227" /><F127/><T109/><D109/><U66/><E66/><V33/><F33/><T62/><D50/><U78/><E43/><V35/><F35/><T56/><D56/><U101/><E54/><V36/><F36/><T55/><D84/><U114/><E114/><V34/><F34/><T45/><D45/><U64/><E64/><V94/><F94/><T75/><D75/><U89/><E125/><V99/><N who="2" m="24576" /><DORA hai="81" /><V90/><F90/><AGARI ba="0,0" hai="52,55,58,59,60,62,76,77,88,90,116,118,133,135" m="31520,30752" machi="90" ten="25,16000,3" yaku="22,2,52,4,54,2" doraHai="113,81" who="0" fromWho="2" sc="382,160,295,0,373,-160,0,0" /><INIT seed="4,0,0,1,0,89" ten="542,295,213,0" oya="0" hai0="91,61,46,118,134,121,114,131,71,65,36,127,66" hai1="85,119,100,124,41,42,60,116,129,80,38,32,133" hai2="74,111,94,48,50,52,122,125,98,72,51,101,2" hai3="" shuffle="mt19937ar,594E85BA,C5236CC9,7AB9BEB7,08527372,23AA5DCD,BBBAB913,97FCB2E0,5409ECA2"/><T75/><RYUUKYOKU type="yao9" ba="0,0" sc="542,0,295,0,213,0,0,0" hai0="36,46,61,65,66,71,75,91,114,118,121,127,131,134" /><INIT seed="4,1,0,2,5,132" ten="542,295,213,0" oya="0" hai0="86,63,119,95,133,54,94,77,85,42,116,123,73" hai1="97,88,87,44,134,84,38,131,101,122,115,70,76" hai2="68,109,2,57,78,128,110,99,39,65,33,114,64" hai3="" shuffle="mt19937ar,5706FE7A,0F648640,6B675B10,F759E6D1,C6D965F8,9A69C37D,A80D48F8,3B709288"/><T37/><N who="0" m="31520" /><T92/><D133/><U117/><N who="1" m="31264" /><U129/><E134/><V71/><F2/><T130/><D130/><U126/><E70/><V67/><F33/><T111/><D111/><U36/><E117/><V91/><F78/><T56/><D42/><U80/><E115/><V124/><F128/><N who="1" m="49225" /><E44/><V104/><F104/><T59/><D37/><U96/><E38/><V43/><F39/><T41/><D41/><U60/><E60/><V113/><F43/><T125/><D125/><U32/><E32/><V40/><F91/><T79/><D73/><U98/><E36/><V34/><F99/><T0/><D95/><U107/><E126/><V127/><F34/><T89/><D0/><U49/><E49/><V90/><F40/><T93/><D63/><U69/><E69/><N who="2" m="26699" /><F57/><T61/><D61/><U82/><AGARI ba="1,0" hai="76,80,82,84,87,88,96,97,98,101,107" m="49225,31264" machi="82" ten="30,6000,1" yaku="19,1,34,2,52,1,54,1" doraHai="132" who="1" fromWho="1" sc="542,-41,295,62,213,-21,0,0" /><INIT seed="5,0,0,0,4,55" ten="501,357,192,0" oya="1" hai0="73,101,74,68,59,106,45,124,32,90,134,82,79" hai1="108,37,42,3,62,58,129,71,39,61,92,1,104" hai2="85,72,78,33,47,34,89,100,113,125,57,95,40" hai3="" shuffle="mt19937ar,098F1381,93E98C59,1C457258,0C858332,23A5B491,DA11A985,8F9F01A8,97343568"/><U36/><E104/><V103/><F125/><T44/><D32/><U63/><E108/><V109/><F113/><T38/><D68/><U135/><E71/><V65/><F109/><T48/><D124/><U52/><E129/><V94/><F72/><T70/><D134/><U112/><E135/><V107/><F78/><T115/><D115/><U76/><E112/><V49/><F107/><T110/><D110/><U128/><E128/><V75/><F75/><T69/><D74/><U77/><E42/><V64/><F34/><T67/><D90/><U93/><E77/><V130/><F33/><T97/><D38/><U133/><E76/><V81/><F130/><T118/><D118/><U83/><E83/><V0/><F0/><T84/><D73/><U60/><REACH who="1" step="1"/><E133/><REACH who="1" step="2"/><V66/><F95/><AGARI ba="0,1" hai="1,3,36,37,39,52,58,60,61,62,63,92,93,95" machi="95" ten="50,12000,1" yaku="1,1,2,1,52,1,54,1,53,1" doraHai="55" doraHaiUra="54" who="1" fromWho="2" sc="501,0,347,130,192,-120,0,0" /><INIT seed="5,1,0,5,5,34" ten="501,477,72,0" oya="1" hai0="129,55,126,36,88,70,92,85,128,44,134,3,105" hai1="109,121,57,0,101,62,95,50,99,73,33,116,71" hai2="60,54,120,94,82,37,87,108,110,124,91,39,61" hai3="" shuffle="mt19937ar,4DDCF834,1516644B,23FBCF09,7A87939D,11DD6E3E,F6377C99,75D8C574,D914F669"/><U135/><N who="1" m="31008" /><U83/><E33/><V43/><N who="2" m="30752" /><V67/><F124/><T131/><D126/><U42/><E116/><V69/><F54/><T98/><D134/><U79/><E135/><V118/><F118/><T114/><D114/><U32/><E32/><V75/><F61/><T97/><D70/><U111/><E0/><V103/><F43/><T80/><D3/><U53/><REACH who="1" step="1"/><E42/><REACH who="1" step="2"/><V40/><F40/><T66/><D66/><AGARI ba="1,1" hai="50,53,57,62,66,71,73,79,83,95,99,101,109,111" m="31008" machi="66" ten="40,12000,1" yaku="1,1,2,1,52,1,53,1" doraHai="34" doraHaiUra="64" who="1" fromWho="0" sc="501,-122,467,132,72,0,0,0" /><INIT seed="5,2,0,0,2,51" ten="379,599,72,0" oya="1" hai0="113,108,0,50,73,47,2,32,55,86,81,34,114" hai1="61,109,35,129,123,92,103,43,62,101,60,83,106" hai2="126,131,84,110,33,100,65,54,71,135,53,74,69" hai3="" shuffle="mt19937ar,36654224,7C4BAF11,1AB46AC2,262DEAAB,BF5C0A6F,24D4614F,E98B77D6,B2016CF7"/><U70/><N who="1" m="31520" /><U38/><E35/><V72/><F33/><T77/><D108/><U85/><E109/><V82/><F110/><T111/><D111/><U128/><E106/><V41/><F100/><T91/><D32/><U48/><E38/><V105/><F105/><T93/><REACH who="0" step="1"/><D34/><REACH who="0" step="2"/><U39/><E129/><V98/><F131/><T88/><D88/><U49/><E128/><V79/><F79/><T117/><D117/><U120/><N who="1" m="30752" /><U112/><E103/><V44/><F74/><T96/><D96/><U78/><E112/><AGARI ba="2,1" hai="0,2,47,50,55,73,77,81,86,91,93,112,113,114" machi="112" ten="40,8000,1" yaku="1,1,15,1,52,1,53,1" doraHai="51" doraHaiUra="42" who="0" fromWho="1" sc="369,94,599,-84,72,0,0,0" /><INIT seed="6,0,0,0,3,116" ten="463,515,72,0" oya="2" hai0="55,97,1,58,47,0,92,69,71,98,78,107,60" hai1="83,73,112,35,67,86,66,91,110,94,39,87,52" hai2="63,84,129,113,100,59,119,48,75,36,108,32,118" hai3="" shuffle="mt19937ar,1F8706CA,3EC33AC0,AA2F02CD,A5801239,8E4796A1,4AB50CA4,A8009391,08AC8379"/><V65/><F75/><T46/><D78/><U89/><E35/><V3/><F3/><T93/><D107/><U111/><E39/><V49/><F32/><T2/><D69/><U50/><E112/><V115/><F100/><T106/><D106/><U103/><E73/><V79/><F79/><T117/><D117/><N who="2" m="44554" /><F84/><T41/><D71/><U101/><E111/><V122/><N who="2" m="31264" /><V44/><F108/><T74/><D74/><U54/><E110/><V81/><F81/><T45/><D41/><U61/><E54/><V51/><F129/><T127/><D127/><U125/><E125/><V135/><F135/><T33/><D33/><U114/><E114/><N who="2" m="43531" /><F36/><T109/><D109/><U134/><E134/><V123/><N who="2" m="31520" /><V130/><F130/><T43/><D0/><U133/><E133/><V105/><F105/><T77/><D1/><U85/><E85/><V90/><F90/><T102/><D2/><U132/><E132/><V95/><F95/><T34/><D34/><U40/><E103/><V57/><F44/><T72/><D72/><U80/><E101/><V82/><F82/><T131/><D131/><U38/><E83/><V76/><F76/><T37/><D77/><U99/><E38/><V68/><AGARI ba="0,0" hai="48,49,51,57,59,63,65,68" m="31520,43531,31264,44554" machi="68" ten="40,12000,2" yaku="15,1,34,2,52,4" doraHai="116" who="2" fromWho="2" sc="463,-60,515,-60,72,120,0,0" /><INIT seed="6,1,0,2,3,66" ten="403,455,192,0" oya="2" hai0="124,115,65,85,46,101,62,97,40,98,56,94,113" hai1="34,72,132,119,78,83,95,121,125,135,108,128,38" hai2="131,33,96,54,47,106,69,60,102,109,67,64,71" hai3="" shuffle="mt19937ar,DE47F398,CA009506,6D6DC598,32F2D985,AA805022,13BC0901,CBADF9A7,2338E747"/><V0/><F33/><T2/><D2/><U45/><RYUUKYOKU type="yao9" ba="1,0" sc="403,0,455,0,192,0,0,0" hai1="34,38,45,72,78,83,95,108,119,121,125,128,132,135" /><INIT seed="6,2,0,2,5,113" ten="403,455,192,0" oya="2" hai0="132,66,47,45,119,98,44,116,124,122,97,33,115" hai1="35,71,126,39,89,110,96,128,86,117,63,85,32" hai2="118,84,60,1,125,120,46,101,121,55,100,88,69" hai3="" shuffle="mt19937ar,A8311AE5,29B9DC9A,AFF463DA,BD40A8B3,2E3D54B9,EA79E6DF,C5DB50F8,FA1D0C98"/><V41/><N who="2" m="30752" /><V82/><N who="2" m="31008" /><V42/><F1/><T49/><N who="0" m="31264" /><T133/><D33/><U135/><E110/><V99/><F125/><T93/><D124/><U0/><E126/><V129/><F129/><T36/><D36/><U107/><E0/><V103/><F118/><T57/><D115/><U78/><E39/><V65/><REACH who="2" step="1"/><F99/><REACH who="2" step="2"/><T106/><D98/><U59/><E117/><V53/><F53/><T95/><D116/><U75/><E128/><V64/><F64/><T34/><D119/><U40/><E32/><V130/><F130/><T3/><D34/><U61/><E35/><V2/><F2/><T91/><D3/><U111/><E96/><V77/><F77/><T67/><D67/><U51/><E78/><V73/><F73/><T54/><D66/><U83/><E75/><V68/><F68/><T123/><N who="0" m="31520" /><T72/><D72/><U38/><E71/><V62/><F62/><T127/><D127/><U70/><E63/><V56/><F56/><T74/><D74/><U92/><E59/><V52/><F52/><T43/><D43/><U87/><E61/><V48/><AGARI ba="2,1" hai="41,42,46,48,55,60,65,69,82,84,88,100,101,103" m="31008,30752" machi="48" ten="30,8000,1" yaku="1,1,0,1,52,2,54,1,53,0" doraHai="113" doraHaiUra="112" who="2" fromWho="2" sc="403,-42,455,-42,182,94,0,0" /><INIT seed="6,3,0,0,4,77" ten="361,413,276,0" oya="2" hai0="52,83,111,87,0,60,39,54,101,124,57,79,81" hai1="49,121,70,35,51,41,67,85,34,129,99,120,1" hai2="130,86,43,135,112,95,55,50,102,91,42,110,100" hai3="" shuffle="mt19937ar,2581AE26,00EB38FB,E19EF5EA,B8C394C5,D4E4058F,3E8B75EF,B0F0491A,5267881A"/><V45/><F112/><T66/><D111/><U104/><N who="1" m="30752" /><U33/><N who="1" m="31008" /><U32/><E32/><V89/><F110/><T115/><D0/><U126/><E1/><V98/><F135/><T76/><D115/><U105/><E129/><V133/><F133/><T75/><D124/><U106/><E126/><V61/><F130/><T131/><D131/><U58/><E70/><V72/><F72/><T93/><REACH who="0" step="1"/><D39/><REACH who="0" step="2"/><U132/><E132/><V109/><F109/><T40/><D40/><N who="2" m="15402" /><F61/><T113/><D113/><U108/><E108/><V92/><AGARI ba="3,1" hai="45,50,55,86,89,91,92,95,98,100,102" m="15402" machi="92" ten="30,1000,0" yaku="8,1" doraHai="77" who="2" fromWho="2" sc="351,-8,413,-8,276,26,0,0" /><INIT seed="6,4,0,3,4,120" ten="343,405,302,0" oya="2" hai0="34,90,72,92,69,41,109,74,55,59,108,105,96" hai1="126,63,44,62,61,123,110,76,54,94,107,100,84" hai2="80,83,57,73,101,128,43,132,81,37,125,42,52" hai3="" shuffle="mt19937ar,5E000838,9F52D78E,15B05676,874C7E58,203A9AC1,A4ACAFA0,14737F87,ADFBB82A"/><V130/><F73/><T40/><D34/><U77/><N who="1" m="31520" /><U131/><E110/><V67/><F67/><T111/><D69/><U64/><E131/><N who="2" m="50219" /><F101/><T0/><D0/><U70/><E126/><V93/><F93/><T117/><D117/><U119/><E119/><V86/><F125/><T134/><D134/><U98/><E107/><V2/><F2/><T78/><D105/><U48/><REACH who="1" step="1"/><E77/><REACH who="1" step="2"/><V38/><F132/><T121/><N who="0" m="31008" /><T113/><D113/><U65/><E65/><V97/><F97/><T35/><D35/><U89/><E89/><V56/><F86/><T116/><D116/><U122/><N who="1" m="31264" /><U58/><E58/><N who="2" m="22635" /><F52/><T50/><REACH who="0" step="1"/><D74/><REACH who="0" step="2"/><U32/><E32/><V91/><F91/><T85/><D85/><U133/><E133/><V60/><F60/><T129/><D129/><U118/><E118/><V3/><F3/><T36/><D36/><AGARI ba="4,2" hai="36,37,38,42,43,80,81,83" m="22635,50219" machi="36" ten="40,7700,0" yaku="28,2,19,1" doraHai="120" who="2" fromWho="0" sc="333,-85,395,0,302,105,0,0" owari="248,-35,395,0,407,35,0,0" /></mjloggm>