<mjloggm ver="2.3"><GO type="225"/><UN n0="%73%69%67%65%6E%6F%72%69" n1="%E2%98%85%E3%83%A6%E3%83%94%E3%83%86%E3%83%AB%E2%98%85" n2="%28%E3%81%A8%E3%83%BB%E3%81%A6%EF%BE%89%29" n3="%EF%BC%88%EF%BC%8A%EF%BC%9E%EF%BC%9C%EF%BC%89" dan="17,17,16,17" rate="2102,2082,2004,2169" sx="M,M,M,F"/><TAIKYOKU oya="0"/><INIT seed="0,0,0,0,3,21" ten="250,250,250,250" oya="0" hai0="70,18,110,44,50,29,82,113,30,72,56,69,123" hai1="1,64,117,133,121,28,53,78,26,13,37,89,97" hai2="125,6,118,122,92,126,57,128,46,101,14,63,119" hai3="61,51,17,103,74,132,59,32,65,45,49,23,77" shuffle="mt19937ar,2C25783E,EEEE03C0,C07DB06C,9BB3611A,879EEBAC,70E679B9,30455659,1CFFA519"/><T93/><D123/><U60/><E121/><V11/><F122/><W34/><G132/><T22/><D113/><U80/><E133/><V130/><F46/><W5/><G103/><T15/><D110/><U79/><E117/><N who="2" m="44555" /><F92/><W68/><G5/><T41/><D56/><U54/><E1/><V111/><F101/><W116/><G116/><T86/><D72/><U85/><E37/><V20/><F111/><W108/><G108/><T36/><D36/><U135/><E135/><V42/><F42/><W66/><G77/><T52/><D93/><U83/><E13/><V0/><F57/><W75/><G51/><N who="0" m="27023" /><D70/><U115/><E115/><V112/><F63/><W94/><G94/><T35/><D35/><U95/><E83/><V62/><F62/><W7/><G68/><T9/><D69/><U84/><E97/><V10/><F20/><W87/><G34/><T33/><D33/><U67/><E79/><V40/><F40/><W134/><G32/><T2/><D22/><N who="1" m="15447" /><E60/><V76/><F76/><W73/><G61/><T4/><D50/><U100/><E100/><V102/><F102/><W48/><G49/><T38/><D38/><U96/><E96/><V107/><F107/><W19/><G48/><T58/><D82/><U81/><E81/><V120/><F120/><W31/><G134/><T8/><D86/><U27/><E27/><V131/><F112/><W106/><G106/><T43/><D43/><U99/><E85/><V109/><F109/><W3/><G87/><T90/><D90/><U47/><E47/><V25/><F25/><W129/><G45/><T39/><D39/><RYUUKYOKU ba="0,0" sc="250,10,250,10,250,10,250,-30" hai0="2,4,8,9,15,18,29,30,52,58" hai1="53,54,64,67,78,80,84,89,95,99" hai2="0,6,10,11,14,125,126,128,130,131" /><INIT seed="0,1,0,3,1,48" ten="260,260,260,220" oya="0" hai0="27,39,34,46,28,124,133,80,59,14,85,31,90" hai1="33,35,118,68,86,119,123,99,56,44,120,67,97" hai2="12,29,5,122,91,52,11,105,66,57,78,102,6" hai3="0,116,38,126,121,132,131,96,75,87,100,130,103" shuffle="mt19937ar,CC68625A,A575EF56,E664C551,B8FB336F,98E86D14,0AA382C0,B007CE48,D6187582"/><T37/><D124/><U135/><E86/><V84/><F122/><W24/><G0/><T41/><D133/><U15/><E15/><V19/><F78/><W104/><G38/><T22/><D59/><U51/><E56/><V43/><F43/><W49/><G24/><T73/><D73/><U65/><E51/><V112/><F112/><W81/><G121/><T92/><D31/><U60/><E44/><V9/><F29/><W108/><G49/><T54/><D54/><U113/><E60/><N who="2" m="35879" /><F105/><W71/><G71/><T17/><REACH who="0" step="1"/><D80/><REACH who="0" step="2"/><U50/><E135/><V10/><F66/><W2/><G75/><T79/><D79/><U117/><E123/><V42/><F42/><W77/><G132/><T74/><D74/><U106/><E120/><V20/><F102/><W32/><G103/><T8/><D8/><U18/><E118/><V3/><F3/><W114/><G2/><T26/><D26/><U25/><E25/><V4/><F10/><W93/><G116/><T36/><AGARI ba="1,1" hai="14,17,22,27,28,34,36,37,39,41,46,85,90,92" machi="36" ten="20,3900,0" yaku="1,1,0,1,7,1,53,0" doraHai="48" doraHaiUra="115" who="0" fromWho="0" sc="250,52,260,-14,260,-14,220,-14" /><INIT seed="0,2,0,2,5,132" ten="302,246,246,206" oya="0" hai0="62,93,125,14,63,6,107,25,49,10,46,98,37" hai1="44,48,29,126,135,20,53,45,86,47,32,50,114" hai2="87,83,113,4,51,8,117,38,52,33,103,127,119" hai3="35,133,69,116,92,75,16,120,18,61,109,74,112" shuffle="mt19937ar,35FF029E,4BB7A70C,081D4BB3,B4A58BCB,43E8393E,2CB52772,F79869A3,9745C823"/><T106/><D125/><U9/><E135/><V85/><F113/><W129/><RYUUKYOKU type="yao9" ba="2,0" sc="302,0,246,0,246,0,206,0" hai3="16,18,35,61,69,74,75,92,109,112,116,120,129,133" /><INIT seed="0,3,0,4,0,104" ten="302,246,246,206" oya="0" hai0="97,26,86,112,111,47,48,99,46,135,84,39,7" hai1="38,126,37,43,55,70,101,96,133,114,9,57,52" hai2="29,12,1,41,0,102,51,100,27,116,53,122,92" hai3="90,108,11,72,81,67,8,3,115,32,66,73,78" shuffle="mt19937ar,A5941A2D,F2F264B4,9D9D5674,6A915500,D419450E,F98D073E,14AD247A,FC1B6EDC"/><T94/><D112/><U120/><E120/><V124/><F122/><W20/><G32/><T69/><D69/><U79/><E114/><V82/><F124/><W36/><G115/><T125/><D125/><U89/><E126/><V13/><F116/><W83/><G20/><T91/><D135/><U31/><E133/><V10/><F82/><W65/><G108/><T71/><D71/><U54/><E70/><V45/><F0/><W34/><G34/><T28/><D111/><U74/><E31/><V42/><F1/><W75/><G36/><T58/><D7/><U119/><E89/><V19/><F12/><W18/><G18/><T25/><D39/><U121/><E119/><V106/><F106/><W63/><G63/><T40/><D47/><U128/><E128/><V98/><REACH who="2" step="1"/><F102/><REACH who="2" step="2"/><W5/><REACH who="3" step="1"/><G8/><REACH who="3" step="2"/><T127/><D127/><U110/><E9/><V30/><F30/><W6/><G6/><T93/><D28/><U113/><E110/><V60/><F60/><W56/><G56/><T77/><D58/><U109/><E57/><V80/><F80/><W59/><G59/><T16/><D46/><U50/><E109/><V68/><F68/><W107/><G107/><T123/><D123/><U14/><E121/><V23/><AGARI ba="3,2" hai="10,13,19,23,27,29,41,42,45,51,53,92,98,100" machi="23" ten="20,5200,0" yaku="1,1,0,1,7,1,8,1,53,0" doraHai="104" doraHaiUra="105" who="2" fromWho="2" sc="302,-29,246,-16,236,81,196,-16" /><INIT seed="1,0,0,1,1,124" ten="273,230,317,180" oya="1" hai0="101,23,1,109,135,88,79,19,114,120,57,97,127" hai1="103,94,74,36,85,81,108,121,10,40,119,44,70" hai2="29,17,100,50,9,18,62,91,112,86,24,0,63" hai3="25,43,51,33,16,117,71,69,39,20,26,35,113" shuffle="mt19937ar,1247237A,A497B893,FDC624FC,CDBBAEFA,7176D217,E019721B,65BA1976,29C82B32"/><U4/><E121/><V41/><F112/><W76/><G39/><T118/><D114/><U56/><E119/><V87/><F100/><W3/><G3/><T115/><D115/><U64/><E70/><V132/><F132/><W72/><G113/><T21/><D118/><U2/><E108/><V6/><F41/><W38/><G38/><T129/><D1/><U37/><E37/><V14/><F50/><W48/><G117/><T104/><D127/><U96/><E85/><V59/><F87/><W65/><G65/><T34/><D34/><U8/><E8/><V32/><F59/><W122/><G122/><T123/><D79/><U55/><E64/><V80/><REACH who="2" step="1"/><F17/><REACH who="2" step="2"/><W83/><G48/><T107/><D19/><U53/><REACH who="1" step="1"/><E56/><REACH who="1" step="2"/><V78/><F78/><AGARI ba="0,2" hai="2,4,10,36,40,44,53,55,74,78,81,94,96,103" machi="78" ten="40,12000,1" yaku="1,1,2,1,25,2,53,0" doraHai="124" doraHaiUra="13" who="1" fromWho="2" sc="273,0,220,140,307,-120,180,0" /><INIT seed="1,1,0,4,2,36" ten="273,360,187,180" oya="1" hai0="89,126,17,48,78,100,134,6,117,40,63,33,14" hai1="87,111,86,107,69,50,27,77,45,113,128,59,114" hai2="75,104,60,82,101,95,129,76,133,97,10,37,32" hai3="49,112,55,22,15,94,96,4,26,61,66,35,88" shuffle="mt19937ar,5D6D5DDF,EFFE4728,09BF0FA6,1DEE5D5D,E1E3769E,21A8A815,4F175BDF,4FB95F02"/><U102/><E69/><V65/><F32/><W13/><G112/><T62/><D117/><U135/><E128/><V28/><F28/><W110/><G35/><T115/><D33/><U47/><E135/><V84/><F133/><W44/><G4/><T29/><D115/><U30/><E107/><V31/><F31/><W8/><G8/><T12/><D29/><U57/><E102/><V41/><F129/><W1/><G1/><T125/><D134/><U121/><E30/><V58/><F10/><W131/><G131/><T23/><D78/><U3/><E27/><V90/><F37/><W53/><G110/><T74/><D74/><U72/><E3/><V116/><F116/><W19/><REACH who="3" step="1"/><G55/><REACH who="3" step="2"/><T91/><D6/><U25/><E111/><V20/><F20/><W98/><G98/><T85/><D23/><U93/><E114/><V105/><REACH who="2" step="1"/><F41/><REACH who="2" step="2"/><W39/><G39/><T99/><D40/><U21/><E113/><V67/><F67/><W34/><G34/><T132/><D132/><U42/><E42/><V51/><F51/><W118/><G118/><T9/><D48/><U16/><E50/><V68/><F68/><AGARI ba="1,2" hai="13,15,19,22,26,44,49,53,61,66,68,88,94,96" machi="68" ten="30,3900,0" yaku="1,1,7,1,54,1,53,0" doraHai="36" doraHaiUra="73" who="3" fromWho="2" sc="273,0,360,0,177,-42,170,62" /><INIT seed="2,0,0,5,5,100" ten="273,360,135,232" oya="2" hai0="119,127,91,82,78,61,11,36,108,33,49,123,25" hai1="99,12,106,67,122,46,93,52,120,3,90,79,13" hai2="87,86,89,40,59,118,6,15,72,125,42,4,81" hai3="21,10,53,116,22,60,70,103,102,47,75,109,24" shuffle="mt19937ar,30F02EF7,2EBFDBDA,3DF2CB09,F42F409F,9F718C49,8154957B,D0AB9E0D,550D6F10"/><V39/><F118/><W16/><G75/><T105/><D36/><U38/><E3/><V23/><F125/><W117/><G10/><T17/><D123/><N who="1" m="47147" /><E79/><V68/><F68/><W128/><G128/><T124/><D119/><U69/><E106/><V98/><F72/><W101/><G109/><T80/><D108/><U37/><E67/><V48/><F39/><N who="1" m="14857" /><E69/><V77/><F98/><W62/><G70/><T9/><D91/><U65/><E65/><V5/><F59/><W126/><G126/><T88/><D61/><U30/><E30/><V2/><F2/><W107/><G107/><T96/><D49/><AGARI ba="0,0" hai="12,13,46,49,52,90,93,99" m="14857,47147" machi="49" ten="30,2000,0" yaku="13,1,54,1" doraHai="100" who="1" fromWho="0" sc="273,-20,360,20,135,0,232,0" /><INIT seed="3,0,0,0,2,14" ten="253,380,135,232" oya="3" hai0="48,63,51,12,1,50,132,115,133,130,56,61,77" hai1="113,15,135,5,30,64,107,102,71,6,16,11,57" hai2="81,99,76,60,112,19,26,25,96,35,114,109,27" hai3="8,73,97,38,36,119,92,45,134,62,127,89,123" shuffle="mt19937ar,E130F51E,29385A7E,122A8E44,E38CDFD9,55DC13B8,1937AD65,700F59F3,6C27D604"/><W78/><G119/><T101/><D1/><U39/><E39/><V9/><F109/><W65/><G123/><T28/><D130/><U22/><E113/><V34/><F60/><W118/><G118/><T3/><D3/><U120/><E120/><V100/><F114/><W59/><G134/><N who="0" m="51819" /><D77/><U121/><E135/><V129/><F129/><W105/><G127/><T29/><D101/><U108/><E108/><V103/><F112/><W88/><G45/><T21/><D115/><U128/><E71/><V33/><F76/><W58/><G105/><T20/><D61/><U124/><E124/><V68/><F68/><W131/><G131/><T55/><D12/><U37/><E37/><V98/><F81/><W126/><G126/><T84/><D84/><U23/><E128/><V106/><F106/><W47/><G59/><T40/><D40/><U111/><E111/><V44/><F44/><W79/><G38/><T10/><D10/><U75/><E75/><V83/><F83/><W17/><G89/><T43/><D43/><U93/><E107/><V72/><F72/><W82/><G78/><T46/><D46/><U67/><E57/><V41/><F41/><W94/><G94/><T70/><D70/><U52/><E121/><V49/><F49/><W104/><G104/><T0/><D0/><U42/><E93/><V87/><F87/><W32/><G47/><T53/><D53/><U24/><E52/><V117/><F117/><W125/><G36/><T18/><D20/><U80/><E23/><V110/><F110/><W4/><G125/><T7/><D7/><U95/><E5/><RYUUKYOKU ba="0,0" sc="253,15,380,-15,135,15,232,-15" hai0="18,21,28,29,48,50,51,55,56,63" hai2="9,19,25,26,27,33,34,35,96,98,99,100,103" owari="268,2,365,36,150,-25,217,-13" /></mjloggm>