<mjloggm ver="2.3"><GO type="225"/><UN n0="%EF%BC%88%27%EF%BC%88%E3%82%A7%EF%BC%89%27%6F%EF%BC%89" n1="%E3%80%93%E3%81%84%E3%81%A1%E3%81%AF%E3%82%89%E3%80%93" n2="%23%37%34%E5%A4%A7%E6%B2%BB%E9%83%8E" n3="%E9%95%B7%E5%B2%A1%E5%A4%A7%E6%98%8E%E7%A5%9E" dan="16,16,16,16" rate="2066,2049,2073,2016" sx="M,M,M,F"/><TAIKYOKU oya="0"/><INIT seed="0,0,0,0,2,107" ten="250,250,250,250" oya="0" hai0="26,24,52,132,68,86,119,66,126,30,16,39,31" hai1="35,10,74,117,50,82,69,115,58,5,76,7,37" hai2="99,92,36,32,101,65,103,4,49,113,130,54,102" hai3="104,44,85,97,25,29,41,95,55,22,40,96,28" shuffle="mt19937ar,140ECFA8,691250C7,04BD7FF4,E3D68185,42BC8B94,C180257C,69D01F67,E9EF88C8"/><T88/><D119/><U94/><E69/><V108/><F32/><W131/><G131/><T111/><D39/><U8/><E117/><V123/><F123/><W62/><G104/><T20/><D132/><U105/><E105/><V61/><F36/><W18/><G85/><T72/><D72/><U13/><E35/><V21/><F130/><W98/><G95/><N who="0" m="54679" /><D68/><U11/><E37/><V135/><F135/><W91/><G91/><T90/><D126/><U15/><E115/><V45/><F113/><W42/><REACH who="3" step="1"/><G62/><REACH who="3" step="2"/><T100/><D100/><U70/><E94/><V133/><F133/><W84/><G84/><T110/><D90/><U19/><E70/><V114/><F114/><W60/><G60/><T80/><D80/><U47/><E58/><V14/><F103/><W33/><G33/><T59/><D66/><U122/><E122/><V56/><F102/><W78/><G78/><T129/><D129/><U57/><E57/><V120/><F120/><W106/><G106/><T2/><D111/><U87/><E87/><V124/><F108/><W89/><G89/><T12/><D110/><U77/><E77/><V118/><F124/><W127/><G127/><T67/><D67/><U34/><E34/><V51/><F118/><W1/><G1/><T83/><D2/><U75/><E76/><V63/><F63/><W23/><G23/><T3/><D3/><U125/><E125/><V6/><F51/><AGARI ba="0,1" hai="18,22,25,28,29,40,41,42,44,51,55,96,97,98" machi="51" ten="40,2600,0" yaku="1,1,8,1,53,0" doraHai="107" doraHaiUra="73" who="3" fromWho="2" sc="250,0,250,0,250,-26,240,36" /><INIT seed="1,0,0,5,5,13" ten="250,250,224,276" oya="1" hai0="6,126,94,57,8,127,109,50,78,27,58,15,16" hai1="74,111,24,11,9,88,86,59,48,26,103,52,106" hai2="130,33,89,116,121,80,75,102,30,122,79,85,49" hai3="22,112,128,53,115,95,2,113,93,118,17,62,98" shuffle="mt19937ar,B8547908,672C7A18,36D07BAC,7AC13071,06A2A9FD,62A4B310,601BA9E6,058034EB"/><U43/><E74/><V132/><F116/><W125/><G118/><T82/><D109/><U67/><E111/><V14/><F132/><W135/><G2/><T134/><D134/><U76/><E76/><V83/><F130/><W51/><G135/><T65/><D94/><U110/><E110/><V104/><F49/><W0/><G0/><T19/><D65/><U42/><E67/><V63/><F63/><W99/><G128/><T28/><D57/><U72/><E72/><V108/><F108/><W12/><G125/><N who="0" m="47627" /><D58/><U97/><E42/><V31/><F14/><W69/><G69/><T64/><D50/><U47/><E11/><V32/><F30/><W41/><G62/><T25/><D64/><U56/><E9/><V34/><REACH who="2" step="1"/><F31/><REACH who="2" step="2"/><W54/><G41/><T92/><D27/><U21/><E26/><V91/><F91/><W124/><G51/><T117/><D117/><U107/><E43/><V73/><F73/><W39/><G115/><T1/><D15/><U66/><E66/><V4/><F4/><W29/><G113/><T5/><D5/><U18/><E107/><V77/><F77/><W84/><G112/><T36/><D36/><U35/><E35/><V100/><F100/><W96/><G29/><T123/><D28/><U119/><E119/><V3/><F3/><W131/><G131/><T7/><D7/><U133/><E133/><V81/><F81/><AGARI ba="0,1" hai="18,21,24,47,48,52,56,59,81,86,88,97,103,106" machi="81" ten="30,11600,0" yaku="7,1,52,1,54,2" doraHai="13" who="1" fromWho="2" sc="250,0,250,126,214,-116,276,0" /><INIT seed="1,1,0,5,4,16" ten="250,376,98,276" oya="1" hai0="92,13,7,29,111,31,57,64,83,18,115,118,67" hai1="72,59,95,116,81,107,37,82,63,55,52,41,128" hai2="126,25,19,35,53,134,40,56,69,110,102,114,119" hai3="109,39,26,23,44,120,133,66,132,2,15,21,96" shuffle="mt19937ar,0573AC6D,92017C8F,CFF11A17,BE8D7797,47D56399,9766F5DB,B7F8D686,258C37EC"/><U11/><E107/><V4/><F119/><W105/><G2/><T121/><D118/><U14/><E116/><V48/><F69/><W54/><G120/><T100/><D115/><U10/><E128/><V99/><F114/><W93/><G105/><T30/><D121/><U87/><E72/><V8/><F134/><N who="3" m="51819" /><G66/><T17/><D111/><U20/><E41/><V88/><F110/><W77/><G77/><T89/><D100/><U76/><E37/><V60/><F126/><W91/><G109/><T5/><D83/><U90/><E55/><V104/><F35/><W49/><G26/><T113/><D113/><U135/><E135/><V47/><F88/><N who="3" m="55335" /><G15/><T94/><D92/><U68/><E68/><V86/><F86/><W6/><G6/><N who="0" m="2059" /><D57/><U122/><E122/><V75/><F75/><W80/><G39/><T85/><D18/><N who="1" m="10327" /><E81/><V103/><F103/><W45/><G45/><T38/><D38/><U131/><E131/><V0/><REACH who="2" step="1"/><F19/><REACH who="2" step="2"/><W61/><G61/><T127/><D127/><U101/><E101/><V46/><F46/><W112/><G112/><T123/><D123/><U27/><E27/><AGARI ba="1,1" hai="0,4,8,25,27,40,47,48,53,56,60,99,102,104" machi="27" ten="40,1300,0" yaku="1,1,53,0" doraHai="16" doraHaiUra="74" who="2" fromWho="1" sc="250,0,376,-16,88,26,276,0" /><INIT seed="2,0,0,1,0,123" ten="250,360,114,276" oya="2" hai0="17,129,75,44,77,114,124,95,64,28,109,120,32" hai1="94,134,36,80,121,8,82,59,13,6,125,122,3" hai2="5,55,119,115,78,42,103,106,84,100,111,97,63" hai3="49,108,132,104,99,118,133,92,41,46,66,79,135" shuffle="mt19937ar,04134E1B,11B55F19,9C7A4668,1A155C70,E83DB25D,73B02ABB,CFBD6987,9905F330"/><V7/><F119/><W72/><G118/><T22/><D120/><N who="1" m="46187" /><E36/><V4/><F115/><W96/><G66/><T61/><D114/><U45/><E45/><V88/><F42/><W30/><G30/><T19/><D129/><U40/><E40/><V83/><F103/><N who="3" m="62591" /><G79/><T15/><D124/><U130/><E130/><V14/><F111/><W56/><G56/><T37/><D95/><U54/><E134/><V20/><F78/><W16/><G72/><T127/><D127/><U116/><E116/><V23/><REACH who="2" step="1"/><F14/><REACH who="2" step="2"/><W89/><G16/><T57/><D109/><AGARI ba="0,1" hai="41,46,49,89,92,96,108,109,132,133,135" m="62591" machi="109" ten="40,5200,0" yaku="20,1,52,2" doraHai="123" who="3" fromWho="0" sc="250,-52,360,0,104,0,276,62" /><INIT seed="3,0,0,5,0,11" ten="198,360,104,338" oya="3" hai0="88,87,106,28,126,3,47,18,92,24,57,128,4" hai1="81,110,112,62,85,41,58,27,60,69,21,77,101" hai2="96,52,131,29,33,83,34,31,72,91,132,38,95" hai3="46,80,67,133,1,23,68,25,98,22,74,71,118" shuffle="mt19937ar,70E00125,78D12DD8,4AF6AD5B,0602D3CC,56829C01,43C46C47,A81B936E,85F2C80F"/><W37/><G118/><T59/><D106/><U104/><E112/><V66/><F38/><W26/><G1/><T8/><D128/><U9/><E110/><V10/><F131/><W86/><G74/><T30/><D126/><U65/><E41/><V42/><F132/><W82/><G133/><T129/><D129/><U44/><E44/><V122/><F42/><W48/><G37/><T116/><D116/><U111/><E111/><V113/><F113/><W64/><G98/><T39/><D18/><U115/><E115/><V19/><F66/><W35/><G35/><T100/><D100/><U12/><E101/><V36/><F36/><W13/><G13/><T17/><D17/><U32/><E104/><V105/><F105/><W97/><G97/><T102/><D102/><U63/><E69/><V6/><F122/><W121/><G121/><T40/><D30/><N who="1" m="17775" /><E32/><AGARI ba="0,0" hai="3,4,8,24,28,32,39,40,47,57,59,87,88,92" machi="32" ten="30,2000,0" yaku="7,1,54,1" doraHai="11" who="0" fromWho="1" sc="198,20,360,-20,104,0,338,0" owari="218,-13,340,34,104,-30,338,9" /></mjloggm>