<mjloggm ver="2.3"><GO type="225"/><UN n0="%E3%81%B5%E3%82%8B%E3%81%AD%E3%81%93%40%E4%BD%95%E5%88%87%E3%82%8B" n1="%E3%83%A0%E3%82%AF%E3%83%81%E3%83%A5%E3%83%B3" n2="%E2%98%85%E3%83%A6%E3%83%94%E3%83%86%E3%83%AB%E2%98%85" n3="%E5%B1%B1%E5%B9%B8%E5%95%86%E5%BA%97" dan="16,16,17,17" rate="2043,2039,2067,2173" sx="M,M,M,M"/><TAIKYOKU oya="0"/><INIT seed="0,0,0,2,0,48" ten="250,250,250,250" oya="0" hai0="60,113,45,57,83,95,16,120,91,50,89,127,92" hai1="53,73,100,76,106,27,90,133,108,61,54,30,10" hai2="12,104,7,47,28,44,71,36,109,5,32,11,68" hai3="43,94,81,58,86,115,124,125,114,35,122,4,33" shuffle="mt19937ar,227ED77A,8661C085,E364E821,80A3183D,BE6A0A35,89F7AE63,AF565958,49DDB864"/><T6/><D120/><U99/><E108/><V51/><F104/><W93/><G4/><T131/><D113/><N who="3" m="43017" /><G58/><T110/><D127/><N who="3" m="48713" /><G43/><N who="0" m="24895" /><D6/><U103/><E133/><V18/><F109/><W64/><G64/><N who="0" m="38927" /><D110/><U69/><E10/><V132/><F132/><W65/><G65/><T111/><D111/><U3/><E3/><V13/><F36/><W88/><G122/><T1/><D1/><U135/><E135/><V14/><F32/><AGARI ba="0,0" hai="32,33,35,81,86,88,93,94" m="48713,43017" machi="32" ten="40,2600,0" yaku="18,1,54,1" doraHai="48" who="3" fromWho="2" sc="250,0,250,0,250,-26,250,26" /><INIT seed="1,0,0,3,0,12" ten="250,250,224,276" oya="1" hai0="102,23,125,44,61,84,62,76,100,114,10,22,39" hai1="108,2,46,11,28,70,26,69,121,27,106,95,73" hai2="118,53,104,68,32,35,16,85,4,122,119,89,9" hai3="41,33,130,78,31,123,8,72,48,43,29,75,111" shuffle="mt19937ar,80103DAF,BDF9EF2E,8214952B,7B31CBA6,44A85E5E,5A832EE4,03B30DD0,BEFE95DA"/><U112/><E106/><V55/><F68/><W120/><G48/><T59/><D114/><U90/><E112/><V15/><F104/><W50/><G50/><T109/><D125/><U96/><E73/><V45/><F122/><W91/><G8/><T65/><D109/><U36/><E121/><V1/><F53/><W51/><G51/><T71/><D10/><U49/><E108/><V6/><F55/><W101/><G91/><T34/><D34/><U5/><E36/><V38/><F4/><W79/><G33/><T80/><D39/><U127/><E127/><V99/><F99/><W133/><G111/><T126/><D126/><U47/><E27/><V115/><F115/><W117/><G101/><T116/><D44/><U17/><E47/><V54/><F32/><W134/><G130/><T52/><D116/><AGARI ba="0,0" hai="29,31,41,43,72,75,78,79,116,117,120,123,133,134" machi="116" ten="25,1600,0" yaku="22,2" doraHai="12" who="3" fromWho="0" sc="250,-16,250,0,224,0,276,16" /><INIT seed="2,0,0,5,3,128" ten="234,250,224,292" oya="2" hai0="36,108,42,123,110,103,100,35,119,32,76,25,56" hai1="99,132,15,3,88,45,130,50,134,39,115,62,67" hai2="75,129,5,107,59,4,61,120,21,112,127,2,11" hai3="58,13,78,9,37,6,133,57,70,14,69,54,93" shuffle="mt19937ar,0C7088E0,4FE34B52,BCEC59F5,908448A4,AA3F73A2,83216407,983FB034,1A054B98"/><V12/><F107/><W51/><G37/><T33/><D123/><U118/><E3/><V101/><F75/><W47/><G78/><T64/><D76/><U94/><E115/><V23/><F101/><W135/><G93/><T26/><D119/><U30/><E118/><V125/><F129/><W0/><G14/><T17/><D36/><U38/><E30/><V91/><F120/><W49/><G0/><T44/><D44/><U24/><E24/><N who="0" m="9321" /><D17/><U41/><E15/><V86/><F112/><W131/><G131/><T105/><D42/><U92/><E92/><V46/><F46/><W43/><REACH who="3" step="1"/><G58/><REACH who="3" step="2"/><T102/><D105/><U60/><E130/><V122/><F2/><W85/><G85/><T29/><D56/><U98/><E98/><V77/><F77/><W19/><G19/><T96/><D29/><U48/><E38/><V109/><F122/><W63/><G63/><T66/><D96/><U113/><E113/><V95/><F4/><W82/><G82/><T31/><D31/><U121/><E121/><V22/><REACH who="2" step="1"/><F109/><AGARI ba="0,1" hai="32,33,35,64,66,100,102,103,108,109,110" m="9321" machi="109" ten="40,5200,0" yaku="28,2,14,1" doraHai="128" who="0" fromWho="2" sc="234,62,250,0,224,-52,282,0" /><INIT seed="3,0,0,5,5,103" ten="296,250,172,282" oya="3" hai0="53,106,94,35,0,133,54,41,40,19,68,25,114" hai1="38,47,58,56,48,18,13,125,32,83,105,34,61" hai2="22,8,60,7,112,87,71,16,29,62,99,12,90" hai3="93,20,59,1,65,77,67,127,98,43,118,117,36" shuffle="mt19937ar,6D8955DA,677C9AA3,B595863A,3926A550,FF1638D6,57EDBF76,29A5349B,78F461C6"/><W2/><G77/><T42/><D68/><U124/><E38/><V3/><F112/><W74/><G74/><T14/><D0/><U24/><E105/><V28/><F99/><W23/><G36/><T82/><D106/><U135/><E83/><V11/><F71/><W80/><G80/><T76/><D114/><U100/><E100/><V107/><F107/><W37/><G37/><T91/><D133/><U121/><E121/><V108/><F108/><W49/><G43/><T134/><D134/><U129/><E135/><V6/><F60/><W21/><G49/><T70/><D70/><U130/><E48/><V109/><F62/><W104/><G104/><T78/><D25/><U5/><E5/><V17/><F109/><W92/><G59/><N who="1" m="22570" /><E47/><V9/><F90/><W72/><G72/><T33/><D33/><N who="1" m="12907" /><E24/><N who="2" m="14407" /><F87/><W30/><G30/><T119/><D35/><U131/><E61/><V84/><F84/><W97/><G23/><AGARI ba="0,0" hai="13,18,23,124,125,129,130,131" m="12907,22570" machi="23" ten="40,1300,0" yaku="19,1" doraHai="103" who="1" fromWho="3" sc="296,0,250,13,172,0,282,-13" /><INIT seed="4,0,0,3,3,22" ten="296,263,172,269" oya="0" hai0="47,99,85,95,112,130,3,14,119,77,94,115,35" hai1="100,53,0,126,81,80,57,127,118,75,83,37,19" hai2="63,72,11,62,96,54,12,9,68,51,70,111,64" hai3="76,109,102,26,27,66,89,23,7,33,13,98,40" shuffle="mt19937ar,243EACFA,8264B1F8,DB7D7B46,8743B0AF,2EAFC79E,AFC2D978,3704BDBD,B96E8761"/><T124/><D119/><U28/><E37/><V67/><F72/><W42/><G33/><T120/><D3/><U79/><E118/><V52/><F111/><W65/><G109/><T61/><D120/><U43/><E43/><N who="3" m="16426" /><G76/><T48/><D35/><U74/><E0/><V131/><F131/><W110/><G110/><T125/><D130/><U114/><E100/><V58/><F96/><W78/><G78/><T116/><D116/><U103/><E103/><V101/><F101/><W41/><G41/><N who="0" m="24687" /><D61/><N who="1" m="36015" /><E28/><V132/><F132/><W82/><G102/><N who="0" m="60791" /><D14/><U113/><E19/><V59/><REACH who="2" step="1"/><F12/><REACH who="2" step="2"/><W88/><G98/><T86/><D86/><U46/><E75/><V34/><F34/><W17/><G7/><T97/><D97/><U15/><E15/><V6/><F6/><W8/><G89/><N who="0" m="53679" /><D77/><U5/><E5/><V123/><F123/><W60/><G88/><T24/><D24/><N who="3" m="9257" /><G82/><T107/><D107/><U92/><E80/><V18/><F18/><W91/><G91/><T134/><D134/><U56/><E81/><V10/><F10/><W49/><G8/><T135/><D135/><U71/><E83/><V69/><F69/><W1/><G1/><T21/><D21/><U108/><E71/><V2/><F2/><W87/><G87/><T32/><D32/><U29/><E79/><V50/><AGARI ba="0,1" hai="9,11,50,51,52,54,58,59,62,63,64,67,68,70" machi="50" ten="20,12000,2" yaku="1,1,0,1,7,1,32,3,54,1,53,0" doraHai="22" doraHaiUra="104" who="2" fromWho="2" sc="296,-60,263,-30,162,130,269,-30" /><INIT seed="5,0,0,1,0,135" ten="236,233,292,239" oya="1" hai0="113,41,45,65,72,109,129,90,88,28,97,95,2" hai1="124,24,46,31,58,80,69,6,12,25,37,22,105" hai2="27,96,67,100,34,112,4,68,35,38,30,98,21" hai3="43,74,50,89,130,116,79,0,127,3,133,125,29" shuffle="mt19937ar,808FEADE,A9FDDEB8,B3DFCF47,068C59D8,72B9646C,14142910,94E90BBA,7BDFE042"/><U76/><E69/><V11/><F38/><W110/><G110/><T117/><D109/><U63/><E105/><V87/><F112/><W101/><G133/><T53/><D2/><N who="3" m="553" /><G101/><T64/><D117/><U17/><E124/><N who="3" m="47690" /><G29/><T18/><D28/><U51/><E37/><V60/><F87/><W33/><G33/><T85/><D72/><U73/><E6/><V57/><F68/><W115/><G115/><T32/><D113/><U59/><E63/><V16/><F30/><W93/><G116/><T49/><D32/><U108/><E108/><V126/><F126/><W94/><G130/><T48/><D18/><U19/><E19/><V61/><F61/><W132/><G132/><T81/><REACH who="0" step="1"/><D129/><REACH who="0" step="2"/><U47/><E25/><V10/><F35/><W62/><G62/><T36/><D36/><U106/><E106/><V54/><F34/><W121/><G121/><T77/><D77/><U131/><E131/><V134/><F60/><W26/><G26/><T118/><D118/><U70/><E70/><V55/><F27/><W75/><G79/><T78/><D78/><U39/><E39/><V66/><F134/><W52/><G43/><T40/><D40/><U20/><REACH who="1" step="1"/><E47/><AGARI ba="0,1" hai="41,45,47,48,49,53,64,65,81,85,88,90,95,97" machi="47" ten="30,7700,0" yaku="1,1,7,1,8,1,54,1,53,0" doraHai="135" doraHaiUra="122" who="0" fromWho="1" sc="226,87,233,-77,292,0,239,0" owari="313,31,156,-24,292,4,239,-11" /></mjloggm>