<mjloggm ver="2.3"><GO type="225"/><UN n0="%23%37%34%E5%A4%A7%E6%B2%BB%E9%83%8E" n1="%6E%6F%72%69%73%69%6F" n2="%E3%82%88%E3%81%A3%E3%81%A1" n3="%45%56%41%4E%53%49%55" dan="16,16,16,16" rate="2078,2033,2052,2067" sx="M,M,M,M"/><TAIKYOKU oya="0"/><INIT seed="0,0,0,2,5,125" ten="250,250,250,250" oya="0" hai0="103,79,75,87,28,37,64,18,131,132,58,113,36" hai1="94,69,13,105,88,129,33,91,22,135,120,10,81" hai2="55,102,27,24,85,17,100,26,9,44,38,95,84" hai3="53,124,112,101,48,86,29,21,52,40,121,114,14" shuffle="mt19937ar,49794F49,785133E4,EC40676C,783C7447,29F2D416,8C620221,31442378,F177BE04"/><T92/><D113/><U108/><E120/><V56/><F44/><W82/><G124/><T59/><D28/><U42/><E33/><V128/><F38/><W30/><G121/><T119/><D119/><U47/><E105/><V127/><F127/><W45/><G101/><N who="2" m="39017" /><F95/><W126/><G126/><T12/><D132/><U46/><E135/><V78/><F128/><W31/><G114/><T76/><D75/><U2/><E129/><V107/><F78/><W99/><G99/><N who="0" m="59879" /><D37/><U32/><E32/><V43/><F43/><W8/><G21/><T15/><D36/><U63/><E2/><V116/><F116/><W67/><G67/><T106/><D106/><U3/><E3/><V19/><F107/><W96/><G96/><T77/><D131/><U20/><E69/><V51/><F9/><W117/><G112/><T50/><D87/><AGARI ba="0,0" hai="17,19,24,26,27,51,55,56,84,85,87" m="39017" machi="87" ten="30,1000,0" yaku="8,1" doraHai="125" who="2" fromWho="0" sc="250,-10,250,0,250,10,250,0" /><INIT seed="1,0,0,0,4,23" ten="240,250,260,250" oya="1" hai0="12,6,82,88,104,79,106,95,58,113,37,18,129" hai1="49,86,130,77,59,46,25,36,24,132,116,21,87" hai2="16,22,68,127,99,67,32,53,29,14,62,110,117" hai3="20,78,60,11,34,13,114,85,91,76,121,42,33" shuffle="mt19937ar,2FF73EB2,FDB7BA23,B24FA14A,C944840F,0E36205C,8CDACC81,C9E4E9F6,D1B2263B"/><U40/><E116/><V108/><F127/><W112/><G121/><T107/><D113/><U120/><E120/><V65/><F117/><W70/><G34/><T89/><D37/><U27/><E132/><V100/><F65/><W61/><G33/><T3/><D129/><U84/><E130/><V8/><F53/><W31/><G42/><T94/><D58/><U1/><E1/><V41/><F41/><W51/><G51/><T105/><D6/><U54/><REACH who="1" step="1"/><E77/><REACH who="1" step="2"/><V38/><F38/><W93/><G78/><T52/><D3/><U56/><E56/><V39/><F39/><W73/><G112/><T111/><D111/><U133/><E133/><V69/><F69/><W10/><G114/><T101/><D12/><U45/><E45/><V48/><F48/><W35/><G70/><T83/><D79/><U124/><E124/><V74/><F74/><W71/><G76/><T44/><D44/><U7/><E7/><V92/><F62/><W63/><G73/><T103/><D18/><AGARI ba="0,1" hai="18,21,24,25,27,36,40,46,49,54,59,84,86,87" machi="18" ten="40,12000,1" yaku="1,1,52,3,53,1" doraHai="23" doraHaiUra="47" who="1" fromWho="0" sc="240,-120,240,130,260,0,250,0" /><INIT seed="1,1,0,0,4,101" ten="120,370,260,250" oya="1" hai0="116,56,125,122,21,64,27,66,92,78,106,53,55" hai1="36,113,35,41,131,73,50,72,98,127,81,77,94" hai2="10,89,44,48,85,69,83,105,100,51,74,134,30" hai3="93,96,24,1,17,104,19,117,40,115,37,2,12" shuffle="mt19937ar,321A98B1,20D137B5,484FE23D,A011EEBC,6FCF81DA,1AF55B96,B0D7467D,6F91D1B2"/><U26/><E113/><V8/><F69/><W7/><G115/><T118/><D125/><U80/><E127/><V63/><F63/><W99/><G117/><T34/><D34/><U75/><E36/><V107/><F74/><W32/><G19/><T108/><D108/><U49/><E131/><V123/><F100/><W129/><G129/><T87/><D122/><U109/><E109/><V9/><F123/><W54/><G54/><T124/><D124/><U121/><E81/><V14/><F30/><W46/><G96/><T15/><D15/><U82/><E82/><V76/><F134/><W4/><G104/><N who="2" m="40009" /><F51/><W79/><G79/><T111/><D111/><U39/><E77/><V60/><F60/><W23/><G2/><T62/><D106/><U22/><E50/><V47/><F47/><W43/><G1/><T0/><D0/><U42/><E49/><V95/><F95/><W13/><G40/><T112/><D112/><U84/><E42/><N who="2" m="24599" /><F89/><W61/><G61/><T103/><D118/><U29/><E94/><V65/><F65/><W6/><REACH who="3" step="1"/><G32/><REACH who="3" step="2"/><T5/><D116/><U97/><E35/><V70/><F70/><W52/><G52/><T18/><D53/><U128/><E121/><V114/><F114/><W71/><G71/><T67/><D5/><AGARI ba="1,1" hai="5,8,9,10,14,76,83,85" m="24599,40009" machi="5" ten="30,7700,0" yaku="25,1,52,3" doraHai="101" who="2" fromWho="0" sc="120,-80,370,0,260,90,240,0" /><INIT seed="2,0,0,3,4,15" ten="40,370,350,240" oya="2" hai0="124,60,44,47,99,69,45,67,18,56,120,21,122" hai1="42,115,79,92,43,6,51,57,102,62,54,11,130" hai2="32,8,72,117,26,27,98,114,73,77,52,41,75" hai3="112,22,82,40,80,1,89,34,103,61,94,116,14" shuffle="mt19937ar,32AE4FCC,0AF62242,1CC056B6,99EF33E8,9B09E569,EA69CEFC,541A4740,FA809FDF"/><V63/><F77/><W93/><G116/><T81/><D124/><U88/><E115/><V126/><F117/><W39/><G34/><T84/><D99/><U35/><E35/><V71/><F114/><W101/><G1/><T25/><REACH who="0" step="1"/><D69/><REACH who="0" step="2"/><U3/><E130/><V100/><F126/><W0/><G112/><T17/><D17/><U83/><E102/><V53/><F98/><W131/><G131/><T20/><D20/><U10/><E10/><V133/><F100/><W90/><G22/><T48/><D48/><U24/><E51/><V55/><F133/><W12/><G103/><T76/><AGARI ba="0,1" hai="18,21,25,44,45,47,56,60,67,76,81,84,120,122" machi="76" ten="30,4000,0" yaku="1,1,0,1,52,1,53,0" doraHai="15" doraHaiUra="37" who="0" fromWho="0" sc="30,50,370,-10,350,-20,240,-10" /><INIT seed="3,0,0,4,0,10" ten="80,360,330,230" oya="3" hai0="7,118,19,131,124,13,94,4,110,15,121,135,60" hai1="46,125,87,53,64,26,58,51,8,105,40,84,31" hai2="129,44,5,95,41,128,97,54,89,27,57,11,71" hai3="67,127,66,61,100,117,74,36,47,28,80,18,42" shuffle="mt19937ar,FD981ECF,315CD8E8,A90A1021,FD496624,7E28EEBD,AE4BF010,44EEAC9A,B21E3DE1"/><W49/><G117/><T98/><D118/><U50/><E105/><V30/><F71/><W1/><G1/><T21/><D121/><U33/><E125/><V6/><F57/><W108/><G127/><T79/><D124/><U62/><E8/><V45/><F54/><W85/><G74/><T109/><D79/><U90/><E90/><V114/><F114/><W132/><G132/><T17/><D135/><U38/><E51/><V63/><F63/><W120/><G120/><T24/><D131/><U81/><E81/><V3/><F6/><W102/><G108/><T34/><D60/><U75/><E75/><V12/><F3/><W133/><G133/><T106/><D106/><U39/><E39/><V9/><F9/><W29/><G36/><T122/><D122/><U68/><AGARI ba="0,0" hai="26,31,33,38,40,46,50,53,58,62,64,68,84,87" machi="68" ten="20,5200,0" yaku="0,1,7,1,24,2" doraHai="10" who="1" fromWho="1" sc="80,-13,360,52,330,-13,230,-26" owari="67,-33,412,41,317,7,204,-15" /></mjloggm>