<mjloggm ver="2.3"><GO type="185"/><UN n0="%E3%80%93%E3%81%84%E3%81%A1%E3%81%AF%E3%82%89%E3%80%93" n1="%E3%81%9F%E3%82%80%E3%81%A8%E3%83%BC" n2="%E5%83%8D%E3%81%8D%E3%81%9F%E3%81%8F%E3%81%AA%E3%81%84" n3="" dan="18,16,17,0" rate="2245,2162,2218,1500" sx="M,M,M,C"/><TAIKYOKU oya="0"/><INIT seed="0,0,0,0,2,55" ten="350,350,350,0" oya="0" hai0="96,119,64,1,51,57,87,67,128,129,111,52,32" hai1="109,38,83,94,49,113,72,0,35,37,76,56,114" hai2="45,126,47,61,54,107,88,125,70,53,75,100,93" hai3="" shuffle="mt19937ar,32552F45,62484BD0,103CD503,83430333,2080675D,6015CE46,D8869354,2048417D"/><T110/><D32/><U65/><E35/><V82/><F107/><T42/><D1/><U112/><E0/><V135/><F135/><T134/><D96/><U104/><E104/><V102/><F70/><T99/><D99/><U97/><E109/><N who="0" m="41481" /><D87/><U62/><REACH who="1" step="1"/><E49/><REACH who="1" step="2"/><V73/><F126/><T116/><D134/><U84/><E84/><V33/><F33/><T124/><D124/><U133/><E133/><V106/><F106/><T36/><D36/><U34/><E34/><V44/><F125/><T95/><D95/><U98/><E98/><V131/><F93/><T117/><D42/><U79/><E79/><V120/><F75/><T80/><D80/><U48/><E48/><V50/><F50/><T3/><D3/><U86/><E86/><V130/><F82/><T77/><D77/><U68/><E68/><V132/><F73/><T108/><N who="0" m="41489" /><T43/><DORA hai="71" /><D43/><U39/><E39/><V58/><F132/><T127/><D127/><U78/><E78/><V89/><F120/><T121/><N who="0" m="31008" /><T101/><D101/><AGARI ba="0,1" hai="37,38,56,62,65,72,76,83,94,97,101,112,113,114" machi="101" ten="40,8000,1" yaku="1,1,11,1,52,3,53,0" doraHai="55,71" doraHaiUra="118,115" who="1" fromWho="0" sc="350,-80,340,90,350,0,0,0" /><INIT seed="1,0,0,4,4,33" ten="270,430,350,0" oya="1" hai0="128,121,53,51,99,48,75,116,57,88,115,58,90" hai1="44,54,130,37,55,35,2,66,125,70,89,133,49" hai2="126,80,123,95,112,39,71,111,135,85,69,94,38" hai3="" shuffle="mt19937ar,0692EB91,12E70D51,1C01C8E2,4779347A,9BE5B8AC,74ECC679,0EAA2E1E,32B09598"/><U50/><E2/><V92/><N who="2" m="31520" /><V108/><F135/><T93/><N who="0" m="31008" /><T105/><D115/><U132/><E35/><V100/><F112/><T122/><N who="0" m="31264" /><T83/><D116/><U67/><E89/><V36/><F100/><T76/><D105/><U127/><E37/><V102/><F102/><T65/><D128/><U104/><E104/><V118/><F126/><N who="1" m="48137" /><E130/><V110/><F118/><T124/><D124/><U63/><E67/><V129/><F129/><T32/><D32/><U131/><E131/><V56/><F56/><AGARI ba="0,0" hai="44,49,50,54,55,56,63,66,70,132,133" m="48137" machi="56" ten="30,5800,0" yaku="18,1,34,2" doraHai="33" who="1" fromWho="2" sc="270,0,430,58,350,-58,0,0" /><INIT seed="1,1,0,5,0,43" ten="270,488,292,0" oya="1" hai0="94,126,58,117,109,1,35,67,104,122,132,51,114" hai1="61,116,42,37,44,41,70,130,103,46,115,64,108" hai2="69,75,86,98,36,107,135,78,123,95,105,45,32" hai3="" shuffle="mt19937ar,302EF7D0,400EEBAE,D2C82CCC,699A7187,10237F0E,9F5C35A8,B04291D3,48A135FE"/><U48/><E115/><V106/><N who="2" m="31520" /><V74/><F32/><T53/><D94/><U33/><E33/><V127/><F69/><T128/><D53/><U118/><E103/><V87/><F36/><T101/><D58/><U49/><E108/><V68/><F68/><T77/><D51/><U129/><E37/><V110/><F110/><T119/><D67/><U121/><N who="1" m="31008" /><U85/><E85/><V59/><F59/><T76/><D77/><U54/><E54/><V65/><F65/><T111/><D76/><U2/><E2/><V66/><F66/><T96/><D96/><U93/><E93/><V100/><F45/><T0/><D101/><U60/><E60/><V79/><F127/><T125/><D125/><U57/><E70/><V83/><F135/><T124/><D126/><U73/><E73/><V120/><N who="2" m="30752" /><V88/><F78/><T133/><D132/><U81/><E81/><AGARI ba="1,0" hai="74,75,79,81,83,86,87,88,95,98,100,105,106,107" m="30752,31520" machi="81" ten="40,16000,3" yaku="35,6,52,2,54,1" doraHai="43" who="2" fromWho="1" sc="270,0,488,-162,292,162,0,0" /><INIT seed="2,0,0,0,2,73" ten="270,326,454,0" oya="2" hai0="75,70,116,32,44,48,102,82,36,76,114,99,78" hai1="127,113,46,98,134,124,50,93,41,69,117,60,43" hai2="88,66,110,95,57,101,108,100,35,104,39,71,87" hai3="" shuffle="mt19937ar,A460A6A4,34944490,BE1BF17D,7C884E3C,5E3B1874,C5982DDD,49FC5794,C3495B22"/><V123/><N who="2" m="31520" /><V79/><F35/><T84/><D32/><U3/><E3/><V91/><F71/><T133/><D114/><U96/><E113/><V65/><F39/><T128/><D128/><U0/><E0/><V85/><F104/><T74/><D116/><U109/><E109/><N who="2" m="42091" /><F79/><T106/><D133/><U52/><E117/><V105/><F105/><T42/><D70/><U51/><E134/><V125/><F125/><N who="1" m="48201" /><E96/><V37/><F37/><T135/><D135/><U81/><E81/><V77/><F77/><T56/><D78/><U120/><N who="1" m="30752" /><U38/><E43/><V58/><F100/><T132/><D132/><U115/><E115/><V89/><F101/><T97/><REACH who="0" step="1"/><D99/><REACH who="0" step="2"/><U112/><E112/><V61/><F87/><T62/><D62/><AGARI ba="0,1" hai="57,58,61,62,65,66,85,88,89,91,95" m="42091,31520" machi="62" ten="30,11600,0" yaku="14,1,10,1,52,1,54,1" doraHai="73" who="2" fromWho="0" sc="260,-116,326,0,454,126,0,0" /><INIT seed="2,1,0,3,4,81" ten="144,326,580,0" oya="2" hai0="121,75,86,78,89,107,120,103,35,60,102,87,109" hai1="50,33,44,101,64,90,36,119,93,85,132,100,59" hai2="88,126,79,57,77,108,94,47,112,46,0,127,84" hai3="" shuffle="mt19937ar,1838750B,DC264EDD,483EA5F7,93E26098,FA84F413,BA119211,A77BB84E,7C10F711"/><V70/><F70/><T129/><N who="0" m="30752" /><T92/><N who="0" m="31008" /><T80/><D35/><U38/><E33/><V96/><F112/><T104/><D60/><U110/><E110/><V131/><F108/><T71/><D71/><U82/><E132/><V58/><F0/><T76/><D109/><U113/><E113/><V72/><F72/><T130/><D75/><U62/><E119/><V98/><F131/><N who="0" m="50186" /><D78/><N who="2" m="29706" /><F127/><T40/><D40/><U118/><E118/><V54/><F126/><T3/><D3/><U52/><REACH who="1" step="1"/><E82/><REACH who="1" step="2"/><V69/><F69/><T45/><D45/><N who="2" m="16906" /><F58/><T39/><D39/><AGARI ba="1,1" hai="36,38,39,44,50,52,59,62,64,85,90,93,100,101" machi="39" ten="40,8000,1" yaku="1,1,52,1,54,1,53,1" doraHai="81" doraHaiUra="91" who="1" fromWho="0" sc="144,-82,316,92,580,0,0,0" /><INIT seed="4,0,0,1,2,97" ten="62,408,580,0" oya="0" hai0="78,72,98,48,35,71,56,93,37,130,42,99,124" hai1="79,34,36,115,1,65,40,54,121,61,104,114,117" hai2="119,110,132,44,39,95,111,106,127,58,109,135,133" hai3="" shuffle="mt19937ar,D2A5CC27,2B638437,6A8D02E7,9B6FC163,ACA848F1,0DB3A204,AF5ADFC5,E6E22686"/><T62/><D35/><U70/><E34/><V105/><F127/><T38/><D124/><U118/><E1/><V49/><F119/><N who="1" m="45577" /><E104/><V52/><F95/><T64/><D130/><U101/><N who="1" m="31008" /><U68/><E79/><V63/><REACH who="2" step="1"/><F39/><REACH who="2" step="2"/><T87/><D72/><U32/><E36/><V125/><F125/><T89/><D99/><U53/><E32/><V74/><F74/><T43/><D38/><U108/><E114/><V85/><F85/><T50/><D37/><U3/><E115/><V77/><F77/><T73/><D73/><U100/><E3/><V88/><F88/><T41/><D71/><U47/><E68/><V94/><F94/><T107/><REACH who="0" step="1"/><D78/><REACH who="0" step="2"/><U67/><E70/><V128/><F128/><T102/><AGARI ba="0,2" hai="41,42,43,48,50,56,62,64,87,89,93,98,102,107" machi="102" ten="30,8000,1" yaku="1,1,2,1,0,1,52,1,53,1" doraHai="97" doraHaiUra="91" who="0" fromWho="0" sc="52,100,408,-40,570,-40,0,0" /><INIT seed="4,1,0,1,4,61" ten="152,368,530,0" oya="0" hai0="50,79,119,133,80,78,105,87,34,84,127,77,124" hai1="62,115,33,96,74,55,135,122,39,95,46,108,111" hai2="125,93,43,36,73,123,71,32,103,57,59,76,129" hai3="" shuffle="mt19937ar,1BAA52F3,E252A62B,62F42C4F,CF55E38E,082A7265,EA7B38B1,2C796526,17BF8F2F"/><T3/><D34/><U99/><E33/><V120/><N who="2" m="30752" /><V68/><N who="2" m="31520" /><V52/><F32/><T116/><D3/><U88/><N who="1" m="31264" /><U109/><E74/><V100/><F125/><N who="0" m="48202" /><D50/><U92/><E135/><V60/><F129/><T89/><D105/><U121/><N who="1" m="31008" /><U48/><E115/><V63/><F73/><T58/><D58/><U81/><E81/><V75/><F75/><T69/><D69/><U90/><E62/><V56/><F56/><T114/><D114/><U91/><REACH who="1" step="1"/><E39/><REACH who="1" step="2"/><V1/><F36/><T72/><D133/><U130/><E130/><V2/><F1/><T131/><D131/><U104/><E104/><V107/><F107/><T41/><D72/><U54/><E54/><V66/><F52/><T45/><D41/><U86/><E86/><V38/><F43/><T132/><D132/><U112/><E112/><V117/><F38/><T134/><D134/><U42/><E42/><V35/><F2/><T97/><D87/><U51/><E51/><V113/><F35/><T106/><D45/><U0/><E0/><V47/><F47/><T102/><AGARI ba="1,1" hai="77,78,79,80,84,89,97,102,106,116,119" m="48202" machi="102" ten="40,5200,0" yaku="18,1,34,2" doraHai="61" who="0" fromWho="0" sc="152,64,358,-27,530,-27,0,0" /><INIT seed="4,2,0,3,0,62" ten="216,331,503,0" oya="0" hai0="98,66,53,71,118,131,65,47,133,41,96,80,61" hai1="101,76,74,108,127,55,97,111,45,129,124,135,114" hai2="77,42,0,117,109,82,3,33,121,91,60,83,123" hai3="" shuffle="mt19937ar,89F122EA,F028DC2A,5F3E0C2F,ED31D9E6,4098EF23,F8DAB25C,345D8CEC,1D6AF7E3"/><T2/><D118/><U87/><E55/><V44/><N who="2" m="31008" /><V105/><N who="2" m="31520" /><V36/><F117/><T119/><D119/><U120/><N who="1" m="30752" /><U50/><E50/><V107/><F109/><N who="1" m="42057" /><E45/><V58/><F33/><T116/><D116/><U86/><E129/><V126/><F126/><N who="1" m="48169" /><E135/><V89/><F83/><T79/><D2/><U102/><E114/><V32/><F32/><T122/><N who="0" m="31264" /><T49/><D133/><U125/><E125/><V85/><F3/><T46/><D66/><U92/><E101/><V56/><F0/><T75/><REACH who="0" step="1"/><D131/><REACH who="0" step="2"/><U40/><E40/><V72/><F42/><T64/><D64/><U128/><E128/><V68/><F68/><T81/><D81/><AGARI ba="2,1" hai="74,76,81,86,87,92,97,102" m="48169,42057,30752" machi="81" ten="30,7700,0" yaku="18,1,34,2,52,1" doraHai="62" who="1" fromWho="0" sc="206,-81,331,91,503,0,0,0" /><INIT seed="5,0,0,0,1,64" ten="125,422,503,0" oya="1" hai0="129,68,34,95,88,49,76,55,110,83,103,107,3" hai1="125,35,115,1,48,78,42,45,132,44,67,112,100" hai2="99,75,51,84,62,74,32,121,38,91,105,126,120" hai3="" shuffle="mt19937ar,BBC51C08,DD3F3005,132103EC,56A50237,D7EB6568,103D612A,CB176005,341157C8"/><U50/><E1/><V2/><N who="2" m="30752" /><V63/><N who="2" m="31008" /><V56/><F38/><T52/><D129/><U46/><E35/><V117/><F32/><T127/><D110/><U130/><E130/><V133/><F2/><T134/><D127/><U90/><E125/><V57/><F117/><T60/><D134/><U77/><E132/><V0/><F0/><T122/><N who="0" m="31264" /><T101/><D34/><U58/><E100/><V135/><F126/><T81/><D3/><U82/><E90/><V98/><F51/><T70/><D107/><U59/><E78/><V87/><F91/><T94/><D60/><U131/><E131/><V36/><F36/><T109/><D109/><U116/><E116/><V65/><F65/><T73/><D49/><U106/><E106/><AGARI ba="0,0" hai="56,57,62,63,74,75,84,87,98,99,105,106,133,135" m="31008,30752" machi="106" ten="25,6400,0" yaku="22,2,52,2" doraHai="64" who="2" fromWho="1" sc="125,0,422,-64,503,64,0,0" /><INIT seed="6,0,0,0,3,61" ten="125,358,567,0" oya="2" hai0="81,56,3,134,116,60,112,38,100,106,78,110,55" hai1="47,70,126,128,131,0,2,59,129,63,45,94,46" hai2="87,125,52,37,66,115,109,118,111,105,64,113,36" hai3="" shuffle="mt19937ar,4563948F,667EE87F,4B98D282,4F558DF8,ECC420CD,2A20BF68,DD94F88E,AA03ECB0"/><V93/><F125/><T124/><D55/><U58/><E0/><V39/><F105/><T127/><D56/><U88/><E2/><V120/><N who="2" m="30752" /><V54/><F118/><T108/><D60/><U49/><E126/><V75/><F75/><T34/><D81/><U44/><N who="1" m="11264" /><DORA hai="123" /><U114/><E114/><V74/><F74/><T130/><D100/><U73/><E73/><V107/><F107/><T98/><D78/><U72/><E72/><V35/><F35/><T132/><D98/><U89/><E94/><V71/><F71/><T57/><D57/><U101/><E101/><V84/><F37/><T67/><D67/><U51/><E70/><V76/><F93/><T50/><D50/><U133/><E133/><V82/><F82/><T135/><D134/><U117/><E117/><V40/><F36/><T90/><D90/><U91/><E63/><V65/><F39/><T79/><D79/><U102/><E102/><V97/><F76/><T99/><D99/><U32/><E32/><V48/><F48/><AGARI ba="0,0" hai="48,49,51,58,59,88,89,91,128,129,131" m="11264" machi="48" ten="60,12000,2" yaku="29,2,28,2,19,1,54,1" doraHai="61,123" who="1" fromWho="2" sc="125,0,358,120,567,-120,0,0" owari="125,-47,478,42,447,5,0,0" /></mjloggm>