<mjloggm ver="2.3"><GO type="225"/><UN n0="%E6%9C%A7%E5%A4%8F%E6%9C%88" n1="%4E%6F%2E%32" n2="%E3%83%81%E3%83%A3%E3%82%AA%E3%83%AA" n3="%E3%82%AF%E3%83%AB%E3%83%AB%E2%98%86" dan="17,16,17,16" rate="2187,2110,2115,2059" sx="M,M,M,F"/><TAIKYOKU oya="0"/><INIT seed="0,0,0,3,0,94" ten="250,250,250,250" oya="0" hai0="16,35,114,26,15,51,77,101,24,126,62,37,102" hai1="49,130,40,66,99,129,6,81,121,33,95,88,67" hai2="128,108,46,85,42,122,12,17,29,83,3,74,38" hai3="39,92,84,19,104,58,30,61,28,79,87,36,13" shuffle="mt19937ar,C2ACBC5A,887F0646,FC3F03B0,A53CA265,FE21D9A1,BE5DB628,E74B8347,ADB975AD"/><T34/><D37/><U52/><E33/><V78/><F122/><W22/><G104/><T110/><D114/><U4/><E121/><V27/><F3/><W120/><G120/><T56/><D126/><U72/><E40/><V47/><F128/><N who="1" m="49257" /><E72/><V97/><F108/><W43/><G39/><T111/><D77/><U109/><E109/><N who="0" m="41481" /><D51/><U70/><E81/><V75/><F47/><W73/><G73/><T98/><D35/><U59/><E70/><V63/><F75/><W105/><G105/><N who="0" m="63671" /><D102/><U103/><E103/><V132/><F78/><W68/><G68/><T50/><D50/><U100/><E100/><V93/><F38/><W11/><G36/><T31/><D31/><U90/><E90/><V106/><F29/><W2/><G79/><T119/><D34/><U7/><AGARI ba="0,0" hai="4,6,7,49,52,59,66,67,88,95,99" m="49257" machi="7" ten="30,7900,0" yaku="19,1,52,1,54,2" doraHai="94" who="1" fromWho="1" sc="250,-39,250,79,250,-20,250,-20" /><INIT seed="1,0,0,5,0,95" ten="211,329,230,230" oya="1" hai0="3,68,12,104,81,38,0,46,113,22,129,11,69" hai1="6,29,109,23,67,117,47,14,77,59,7,119,4" hai2="49,60,94,132,108,35,27,26,111,82,102,131,72" hai3="20,99,9,120,44,135,64,55,71,21,58,5,78" shuffle="mt19937ar,0C6C5D36,E951573D,E06437E3,BAB82EB0,BD20B96A,DA8D1D2C,767DF533,8BDAAAB8"/><U125/><E125/><V103/><F132/><W33/><G33/><T89/><D113/><U127/><E77/><N who="2" m="44327" /><F131/><W133/><G120/><T114/><D114/><U8/><E127/><V34/><F60/><W48/><G78/><T66/><D129/><U85/><E47/><V76/><F49/><W40/><G71/><T107/><D22/><U100/><E100/><N who="2" m="38443" /><F94/><W92/><G64/><T86/><D3/><U50/><E50/><V43/><F43/><W17/><G17/><T1/><D0/><U105/><E105/><V98/><F98/><W91/><G135/><T31/><D1/><U19/><E67/><V65/><F65/><W13/><REACH who="3" step="1"/><G133/><REACH who="3" step="2"/><T79/><D68/><U39/><E19/><V134/><F76/><W54/><G54/><T115/><D79/><U28/><E6/><V10/><F35/><W110/><G110/><T122/><D122/><U96/><E4/><V83/><F34/><W18/><G18/><N who="0" m="8479" /><D115/><U126/><E7/><V116/><F134/><W97/><G97/><T52/><D52/><U61/><E126/><V74/><F111/><W45/><G45/><T90/><D66/><U56/><E109/><V51/><F108/><W118/><G118/><T16/><D16/><U130/><E29/><V15/><F116/><W80/><G80/><N who="0" m="49351" /><D69/><U112/><E28/><V24/><F83/><W30/><G30/><T57/><D31/><U87/><E117/><V101/><F74/><W121/><G121/><T41/><D57/><U88/><E119/><V75/><F75/><W62/><AGARI ba="0,1" hai="5,9,13,20,21,40,44,48,55,58,62,91,92,99" machi="62" ten="20,8000,1" yaku="1,1,0,1,7,1,8,1,52,1,53,0" doraHai="95" doraHaiUra="25" who="3" fromWho="3" sc="211,-20,329,-40,230,-20,220,90" /><INIT seed="2,0,0,5,0,10" ten="191,289,210,310" oya="2" hai0="55,32,127,77,4,30,121,97,66,96,103,5,126" hai1="61,62,47,34,111,25,0,24,110,42,92,54,88" hai2="75,48,36,17,131,83,86,58,102,124,91,129,22" hai3="106,68,134,117,80,37,63,71,115,11,113,73,45" shuffle="mt19937ar,EFC2E95D,08A72209,223740C1,C2FF019E,69EEC5C1,3C399429,A48BA153,4C760C93"/><V15/><F36/><W98/><G117/><T40/><D121/><U19/><E0/><V118/><F118/><W72/><G134/><T53/><D40/><U100/><E100/><V29/><F124/><N who="0" m="47658" /><D66/><U18/><E34/><V114/><F114/><N who="3" m="43531" /><G11/><T31/><D77/><U50/><E25/><V95/><F29/><N who="0" m="10762" /><D32/><U6/><E24/><V39/><F39/><W16/><G16/><N who="1" m="6186" /><E6/><N who="0" m="2665" /><D103/><U28/><E28/><V46/><F102/><N who="3" m="62807" /><G63/><T105/><D105/><U107/><E107/><V82/><F75/><N who="3" m="28747" /><G80/><T49/><D49/><U41/><E41/><AGARI ba="0,0" hai="37,41,45,68,71" m="28747,62807,43531" machi="41" ten="30,2000,0" yaku="11,1,23,1" doraHai="10" who="3" fromWho="1" sc="191,0,289,-20,210,0,310,20" /><INIT seed="3,0,0,0,2,8" ten="191,269,210,330" oya="3" hai0="59,135,132,126,133,3,67,23,2,98,131,71,127" hai1="69,79,13,1,113,123,26,54,75,37,130,45,60" hai2="112,100,89,120,21,81,58,87,83,78,33,68,35" hai3="103,62,65,48,29,122,6,11,88,80,50,119,124" shuffle="mt19937ar,07C92B05,170BB177,707AAF45,A8518EA0,CD205C7E,FED7F2C5,22693BB0,1F9EB01E"/><W102/><G119/><T40/><D71/><U53/><E1/><N who="0" m="9" /><D40/><U41/><E123/><V9/><F68/><W20/><G122/><T91/><D23/><U10/><E113/><V77/><F112/><W31/><G124/><N who="0" m="47659" /><D131/><U66/><E130/><V12/><F120/><W64/><G80/><N who="2" m="30793" /><F35/><W125/><G125/><T97/><D91/><U14/><E75/><V61/><F33/><W129/><G88/><T17/><D17/><U90/><E90/><V85/><F100/><W95/><G129/><T49/><D49/><U107/><E107/><V101/><F101/><W96/><G103/><T32/><D32/><U106/><E106/><V4/><F21/><W72/><G72/><T16/><D16/><U24/><E79/><N who="2" m="30219" /><F89/><W44/><G65/><AGARI ba="0,0" hai="4,9,12,58,61,65,85,87" m="30219,30793" machi="65" ten="30,2000,0" yaku="8,1,52,1" doraHai="8" who="2" fromWho="3" sc="191,0,269,0,210,20,330,-20" owari="191,-21,269,2,230,-12,310,31" /></mjloggm>