<mjloggm ver="2.3"><GO type="185"/><UN n0="%E3%80%93%E3%81%84%E3%81%A1%E3%81%AF%E3%82%89%E3%80%93" n1="%53%54%4F%53%48%49%59%41" n2="%E3%82%B8%E3%83%A5%E3%83%B3" n3="" dan="18,17,16,0" rate="2259,2203,2067,1500" sx="M,M,M,C"/><TAIKYOKU oya="0"/><INIT seed="0,0,0,1,3,54" ten="350,350,350,0" oya="0" hai0="34,55,116,0,121,108,69,37,74,135,128,83,111" hai1="67,89,112,132,44,106,50,49,63,124,33,134,38" hai2="104,2,105,95,81,98,76,90,101,60,36,71,130" hai3="" shuffle="mt19937ar,7D1A37EC,5A4028C0,E853F419,8573D988,5748F49A,89E093F5,5B9A2A10,172EC851"/><T99/><RYUUKYOKU type="yao9" ba="0,0" sc="350,0,350,0,350,0,0,0" hai0="0,34,37,55,69,74,83,99,108,111,116,121,128,135" /><INIT seed="0,1,0,1,3,89" ten="350,350,350,0" oya="0" hai0="45,115,110,64,37,70,124,99,72,119,59,103,47" hai1="112,111,35,81,131,44,104,63,116,42,2,77,62" hai2="57,67,78,51,3,102,38,114,0,121,68,66,41" hai3="" shuffle="mt19937ar,85C2DFEB,729F7D80,3951AE03,3E708F25,A2AE4A01,302FBEB5,3AE4A04F,B85BE46D"/><T86/><D119/><U83/><E35/><V50/><N who="2" m="31008" /><V118/><F114/><T93/><D115/><U32/><E2/><V1/><F118/><T84/><D72/><U101/><E32/><V123/><N who="2" m="31520" /><V60/><F78/><T107/><D124/><U85/><E116/><V56/><F102/><T109/><D70/><U39/><E112/><V79/><F79/><T74/><D74/><U133/><E131/><V92/><F38/><T40/><D47/><U87/><E133/><V117/><F117/><T54/><D64/><U106/><E111/><N who="0" m="42505" /><D107/><U34/><E34/><V113/><F66/><T98/><D99/><U53/><E106/><V49/><F113/><T95/><D95/><U61/><E104/><V46/><F92/><T73/><D73/><U48/><E101/><V97/><F97/><T69/><D69/><U134/><E134/><V90/><F0/><T120/><N who="0" m="30752" /><T88/><D103/><U129/><E129/><V105/><F105/><T130/><D130/><U75/><REACH who="1" step="1"/><E81/><REACH who="1" step="2"/><V91/><F1/><T132/><D132/><U128/><E128/><V58/><F3/><T76/><D76/><U71/><E71/><V33/><F33/><T135/><D135/><U108/><E108/><V82/><F82/><RYUUKYOKU ba="1,1" sc="350,0,340,0,350,0,0,0" hai0="37,40,45,54,59,84,86,88,93,98" hai1="39,42,44,48,53,61,62,63,75,77,83,85,87" hai2="41,46,49,50,51,56,57,58,60,67,68,90,91" /><INIT seed="0,2,1,5,2,37" ten="350,340,350,0" oya="0" hai0="44,119,93,115,81,46,78,132,83,95,71,84,129" hai1="1,47,35,67,85,56,127,66,69,107,65,53,133" hai2="100,40,113,109,98,49,48,52,57,106,61,122,34" hai3="" shuffle="mt19937ar,83678F42,194D8FF2,BF613B90,43985E5E,8A3D870B,9041E1C7,FBA9DDDB,16981837"/><T43/><D119/><U87/><E35/><V75/><N who="2" m="31264" /><V99/><F34/><T59/><D71/><U55/><E1/><V89/><F113/><T90/><D115/><U94/><E107/><V111/><F75/><T77/><D129/><U92/><E133/><V101/><F89/><T131/><D131/><U79/><E69/><V2/><F2/><T41/><D59/><U135/><E135/><V123/><N who="2" m="31520" /><V58/><F40/><T33/><D33/><U118/><E118/><V128/><F128/><T80/><D132/><U102/><E127/><V104/><F48/><T112/><D112/><U91/><E79/><N who="0" m="30217" /><D93/><U121/><N who="1" m="31008" /><U86/><E47/><AGARI ba="2,1" hai="41,43,44,46,47,80,81,83,84,90,95" m="30217" machi="47" ten="30,5800,0" yaku="8,1,52,2" doraHai="37" who="0" fromWho="1" sc="350,72,340,-62,350,0,0,0" /><INIT seed="0,3,0,3,5,110" ten="422,278,350,0" oya="0" hai0="119,44,60,65,62,113,40,99,125,100,98,61,68" hai1="2,118,95,79,134,32,58,52,124,66,1,101,37" hai2="128,41,108,114,96,49,73,71,122,74,93,46,121" hai3="" shuffle="mt19937ar,0837FC24,82828961,FBD6F4D3,5B2E3492,D05FD10C,DFFD2D22,66EE9F27,55814B4A"/><T104/><D119/><U135/><E32/><V120/><N who="2" m="30752" /><V97/><N who="2" m="31008" /><V127/><N who="2" m="31264" /><V45/><F114/><T55/><D125/><U48/><E118/><V56/><F71/><T76/><D113/><U112/><E37/><V132/><F127/><T94/><D76/><U90/><E124/><V86/><F108/><T91/><REACH who="0" step="1"/><D55/><REACH who="0" step="2"/><U47/><E112/><V54/><F132/><N who="1" m="50729" /><E79/><V36/><F128/><T92/><D92/><U131/><E101/><V109/><F109/><T115/><D115/><U82/><E131/><V133/><F133/><T63/><D63/><U103/><E103/><V75/><REACH who="2" step="1"/><F46/><REACH who="2" step="2"/><T88/><D88/><AGARI ba="3,2" hai="36,41,45,49,54,56,73,74,75,86,88,93,96,97" m="31264,31008,30752" machi="88" ten="40,12000,2" yaku="1,1,2,1,52,3,54,1,53,0" doraHai="110" doraHaiUra="78" who="2" fromWho="0" sc="412,-126,278,0,340,146,0,0" /><INIT seed="1,0,0,2,4,41" ten="286,278,486,0" oya="1" hai0="94,86,82,90,61,67,92,118,98,123,43,103,37" hai1="84,66,64,125,57,89,68,74,56,81,135,134,36" hai2="104,80,42,59,107,112,73,34,70,47,128,51,58" hai3="" shuffle="mt19937ar,FBFE0E3F,7EA5B298,E2849046,1B505CB3,E56E9055,702A05E9,99338BCC,BAB8BFDD"/><U69/><E36/><V122/><N who="2" m="31264" /><V71/><F34/><T44/><N who="0" m="31520" /><T88/><D118/><U93/><E125/><V120/><N who="2" m="30752" /><V38/><F112/><T130/><D130/><U40/><E40/><V132/><F128/><T99/><D61/><U95/><E84/><V124/><F124/><T3/><D67/><U62/><E62/><V100/><F132/><T131/><D131/><U85/><E85/><V102/><F80/><T46/><D46/><U60/><E60/><V35/><F73/><T48/><REACH who="0" step="1"/><D3/><REACH who="0" step="2"/><U101/><E135/><V114/><F35/><T54/><D54/><U105/><E134/><V110/><F114/><T39/><AGARI ba="0,1" hai="37,39,43,44,48,82,86,88,90,92,94,98,99,103" m="31520" machi="39" ten="30,9000,2" yaku="1,1,0,1,52,2,54,1,53,2" doraHai="41" doraHaiUra="91" who="0" fromWho="0" sc="276,100,278,-60,486,-30,0,0" /><INIT seed="2,0,0,2,5,76" ten="376,218,456,0" oya="2" hai0="116,51,59,35,52,119,0,77,64,121,58,94,95" hai1="80,67,91,48,104,54,55,118,53,70,131,135,113" hai2="93,111,63,132,39,72,69,87,112,60,82,47,114" hai3="" shuffle="mt19937ar,ECFBDD7B,45FAA4D4,E69F7F8C,6BC1480E,0CD4D0F2,2132D0D4,CA08DC9F,0A4B109A"/><V98/><F132/><T75/><N who="0" m="31008" /><T50/><D35/><U101/><E135/><V37/><F72/><T133/><D0/><U120/><N who="1" m="30752" /><U49/><E118/><V61/><F69/><T88/><D133/><U115/><E131/><V107/><F107/><T90/><D77/><U110/><E110/><V96/><F111/><T36/><D36/><U125/><E125/><V106/><F106/><T66/><D52/><U74/><E101/><V130/><F130/><T108/><D108/><U42/><E104/><V78/><F47/><T102/><D102/><U34/><E34/><V127/><F127/><T68/><D68/><U32/><E32/><V134/><F134/><T89/><D90/><U56/><E42/><V124/><F124/><T86/><D86/><U65/><E55/><V99/><REACH who="2" step="1"/><F93/><REACH who="2" step="2"/><T103/><D103/><U123/><N who="1" m="31520" /><U84/><E74/><AGARI ba="0,1" hai="50,51,58,59,64,66,74,75,88,89,94,95,116,119" m="31008" machi="74" ten="25,6400,0" yaku="22,2,52,1,54,1" doraHai="76" who="0" fromWho="1" sc="376,74,218,-64,446,0,0,0" /><INIT seed="4,0,0,1,0,48" ten="450,154,446,0" oya="0" hai0="77,47,40,89,75,124,99,135,65,41,74,79,52" hai1="107,98,71,2,105,78,111,59,116,70,131,38,112" hai2="95,114,83,113,53,127,39,119,0,85,51,97,82" hai3="" shuffle="mt19937ar,F8658C84,FE426209,56103F9A,16E1C255,F4EE893A,A7D89FE4,CBE9C5C1,37860F6A"/><T110/><D110/><U109/><E78/><V117/><F0/><T103/><D135/><U37/><E98/><V72/><F39/><T104/><D124/><U32/><E59/><V133/><F127/><T49/><D65/><U92/><E92/><V64/><F133/><T43/><D79/><U100/><E100/><V46/><F72/><T130/><D130/><U66/><E66/><V115/><F64/><T134/><D134/><U69/><E69/><V68/><F68/><T129/><D129/><U123/><E71/><V84/><F83/><T106/><D106/><U118/><E118/><N who="2" m="45067" /><F82/><T1/><D1/><U128/><E128/><V58/><F46/><T61/><D77/><U121/><N who="1" m="31008" /><U44/><E44/><V93/><F93/><T86/><REACH who="0" step="1"/><D61/><REACH who="0" step="2"/><U55/><E107/><V56/><F56/><T54/><D54/><U67/><E55/><V122/><N who="2" m="31264" /><V90/><AGARI ba="0,1" hai="51,53,58,84,85,90,95,97,113,114,115" m="31264,45067" machi="90" ten="40,6000,1" yaku="4,1,15,1,12,1,52,2" doraHai="48" who="2" fromWho="2" sc="440,-40,154,-20,446,70,0,0" /><INIT seed="5,0,0,0,1,84" ten="400,134,516,0" oya="1" hai0="125,128,135,77,42,107,38,111,118,96,100,48,80" hai1="56,110,133,71,3,63,65,120,62,46,132,113,116" hai2="75,134,91,90,95,59,68,85,124,130,127,1,73" hai3="" shuffle="mt19937ar,282F4966,77059D88,69E29D55,47E1E2B2,818B9B7B,85EA3AED,981B0F3B,60859FE2"/><U40/><N who="1" m="30752" /><U66/><E3/><V34/><F34/><T78/><D111/><U115/><E110/><V81/><F68/><T123/><N who="0" m="31520" /><T94/><D118/><U114/><REACH who="1" step="1"/><E116/><REACH who="1" step="2"/><V105/><F1/><T64/><D135/><U45/><E45/><V69/><F134/><T35/><D35/><U126/><E126/><V32/><F127/><T129/><D125/><U43/><E43/><V117/><F117/><T49/><D42/><U122/><N who="1" m="31264" /><U97/><E97/><V37/><F124/><T119/><D119/><U2/><E2/><V112/><F32/><T79/><D128/><U121/><N who="1" m="31008" /><U39/><AGARI ba="0,1" hai="39,40,46,56,62,63,65,66,71,113,114,115,132,133" m="31008,31264,30752" machi="39" ten="40,16000,3" yaku="1,1,4,1,0,1,15,1,34,3,52,3,53,0" doraHai="84" doraHaiUra="104" who="1" fromWho="1" sc="400,-80,124,170,516,-80,0,0" /><INIT seed="5,1,0,2,2,97" ten="320,294,436,0" oya="1" hai0="48,135,114,72,125,56,49,92,80,3,127,105,79" hai1="50,118,104,59,126,35,93,44,63,112,100,107,62" hai2="134,98,52,110,71,130,37,34,38,117,106,132,84" hai3="" shuffle="mt19937ar,2E584781,6BB63A76,C89EFD80,19C64ECE,A2FCCFAD,1E3168DC,2750B1C9,1891E0E4"/><U41/><E35/><V131/><F117/><T36/><D3/><U115/><E118/><V82/><F71/><T101/><D36/><N who="2" m="13930" /><F110/><T81/><D135/><N who="2" m="51754" /><F34/><T74/><D114/><N who="1" m="43563" /><E126/><V94/><F52/><T108/><D105/><N who="1" m="40523" /><E59/><V66/><F66/><T53/><D108/><U75/><E75/><V42/><F42/><T111/><D111/><U76/><E76/><V122/><N who="2" m="31264" /><V95/><F106/><T116/><D116/><U32/><E32/><V109/><F109/><T85/><D74/><U96/><AGARI ba="1,0" hai="41,44,50,62,63,93,96,100" m="40523,43563" machi="96" ten="40,2600,0" yaku="15,1,52,1" doraHai="97" who="1" fromWho="1" sc="320,-14,294,28,436,-14,0,0" /><INIT seed="5,2,0,0,2,48" ten="306,322,422,0" oya="1" hai0="40,124,60,63,54,117,52,87,73,120,92,51,108" hai1="46,45,78,47,57,113,76,42,118,129,125,127,103" hai2="107,49,95,67,121,81,75,36,39,110,2,33,102" hai3="" shuffle="mt19937ar,9180EEBD,5356F159,E15DF9CE,31B3DD85,506670AA,CAFFF844,B2A57DDD,F350CC53"/><U100/><E118/><V116/><N who="2" m="31008" /><V130/><F2/><T126/><N who="0" m="30752" /><T90/><D73/><U58/><E42/><V109/><F33/><T91/><D117/><U97/><E129/><V77/><F130/><T105/><D105/><U82/><E113/><V86/><F116/><T43/><D108/><U3/><E3/><V123/><N who="2" m="31520" /><V135/><F67/><T38/><D38/><U114/><E114/><V89/><F135/><T84/><D51/><U66/><E66/><V106/><F49/><T59/><D92/><U104/><E103/><V88/><F36/><T70/><D59/><U0/><E0/><V79/><F39/><T56/><D56/><N who="1" m="21611" /><E82/><V50/><F50/><T65/><D65/><U74/><E74/><V101/><F75/><T96/><D96/><U69/><E69/><AGARI ba="2,0" hai="40,43,52,54,60,63,69,70,84,87,90,91,124,126" m="30752" machi="69" ten="25,12000,2" yaku="22,2,52,3,54,1" doraHai="48" who="0" fromWho="1" sc="306,124,322,-124,422,0,0,0" /><INIT seed="6,0,0,5,0,117" ten="430,198,422,0" oya="2" hai0="113,99,67,102,74,90,130,92,71,63,106,55,114" hai1="43,73,95,97,53,47,125,110,124,3,44,100,42" hai2="128,35,61,132,109,57,123,103,93,82,38,87,96" hai3="" shuffle="mt19937ar,5BF26F10,A1299452,FFC00636,1A0219A7,0369DA1B,929755E1,11117C24,AD5D6FCC"/><V70/><N who="2" m="31520" /><V39/><F35/><T126/><D126/><U112/><E3/><V51/><F128/><T105/><D74/><U107/><E73/><V122/><N who="2" m="31264" /><V131/><F131/><T66/><D130/><U134/><E112/><N who="0" m="43113" /><D67/><U2/><E2/><V33/><F132/><T77/><D77/><U133/><E110/><V68/><F109/><T135/><D135/><N who="1" m="51723" /><E53/><V85/><F33/><T59/><D102/><U98/><E47/><V48/><F85/><T80/><D80/><U65/><E65/><V69/><F38/><T94/><D94/><U52/><E98/><V0/><F39/><T64/><D64/><U34/><E34/><V119/><F119/><T120/><N who="0" m="30752" /><T88/><D90/><U60/><E107/><V76/><REACH who="2" step="1"/><F0/><REACH who="2" step="2"/><T1/><D1/><U115/><E115/><V41/><F41/><T81/><D81/><U111/><E111/><V46/><F46/><T108/><D108/><U54/><E42/><V129/><F129/><T56/><D56/><U127/><E60/><AGARI ba="0,1" hai="55,59,60,63,66,71,88,92,99,105,106" m="30752,43113" machi="60" ten="30,8000,1" yaku="15,1,11,1,52,2,54,1" doraHai="117" who="0" fromWho="1" sc="430,90,198,-80,412,0,0,0" owari="520,47,118,-48,412,1,0,0" /></mjloggm>