<mjloggm ver="2.3"><GO type="225"/><UN n0="%61%6E%62%79%33" n1="%E9%9B%AA%E5%9B%BD%E8%82%B2%E3%81%A1" n2="%E6%A1%9C%E4%BA%95%E3%82%A2%E3%82%BD%E3%82%B3" n3="%E3%83%9C%E3%83%84" dan="16,17,16,16" rate="2089,2084,2036,2041" sx="M,M,M,M"/><TAIKYOKU oya="0"/><INIT seed="0,0,0,1,2,52" ten="250,250,250,250" oya="0" hai0="74,106,47,95,44,134,42,132,18,40,130,119,115" hai1="27,97,83,67,72,86,23,121,0,38,75,15,107" hai2="60,73,129,46,91,80,62,59,45,77,54,84,28" hai3="49,9,88,116,92,19,120,69,34,81,30,126,114" shuffle="mt19937ar,46E22F93,971AF676,0001266F,479B35B7,7F77E8C5,2BB03AFD,93628D74,EB145F63"/><T17/><D106/><U127/><E121/><V101/><F129/><W51/><G116/><T123/><D74/><U82/><E0/><V43/><F101/><W1/><G114/><T11/><D123/><U48/><E38/><V105/><F105/><W53/><G69/><T37/><D119/><U76/><E127/><V21/><F28/><W102/><G126/><T57/><D115/><U98/><E15/><V2/><F2/><W32/><G49/><T56/><D95/><U7/><E7/><V66/><F21/><W29/><G81/><T71/><D71/><U90/><E75/><V36/><F45/><W89/><G89/><T20/><D11/><U10/><E10/><V87/><REACH who="2" step="1"/><F91/><REACH who="2" step="2"/><W24/><G102/><T39/><D20/><U103/><E107/><V94/><F94/><W50/><G88/><T12/><D12/><U55/><E103/><V128/><F128/><AGARI ba="0,1" hai="17,18,37,39,40,42,44,47,56,57,128,130,132,134" machi="128" ten="25,9600,0" yaku="22,2,52,2" doraHai="52" who="0" fromWho="2" sc="250,106,250,0,240,-96,250,0" /><INIT seed="0,1,0,0,3,24" ten="356,250,144,250" oya="0" hai0="50,37,32,7,101,133,106,25,19,56,30,51,18" hai1="127,99,100,84,90,28,97,59,70,22,71,107,119" hai2="124,46,10,6,26,1,123,129,134,44,35,125,72" hai3="94,118,27,102,17,42,73,85,36,57,112,66,20" shuffle="mt19937ar,903E7405,4C875D19,6783EEDC,A4EC767B,67681443,94D8D5E5,7BB43689,F5165B65"/><T117/><D37/><U2/><E119/><V80/><F46/><W8/><G73/><T105/><D117/><U69/><E2/><V91/><F91/><W109/><G112/><T116/><D116/><U9/><E127/><V104/><F104/><W108/><G118/><T110/><D7/><U23/><E9/><V64/><F64/><W52/><G66/><T74/><D74/><U21/><E97/><V111/><F111/><N who="3" m="42571" /><G8/><T11/><D110/><U67/><E59/><V114/><F114/><W34/><G34/><T49/><D133/><U3/><E3/><V92/><F92/><W87/><G42/><T79/><D79/><U43/><E43/><V40/><F123/><W47/><G47/><T113/><D113/><U135/><E135/><V115/><F115/><W15/><G15/><T103/><D56/><U98/><E98/><V130/><F134/><W82/><G82/><T0/><D0/><U60/><REACH who="1" step="1"/><E28/><REACH who="1" step="2"/><N who="2" m="19863" /><F80/><AGARI ba="1,1" hai="21,22,23,60,67,69,70,71,80,84,90,99,100,107" machi="80" ten="40,1300,0" yaku="1,1,53,0" doraHai="24" doraHaiUra="31" who="1" fromWho="2" sc="356,0,240,26,144,-16,250,0" /><INIT seed="1,0,0,4,2,60" ten="356,266,128,250" oya="1" hai0="45,25,111,133,91,99,118,65,79,22,123,51,115" hai1="63,9,82,122,87,85,52,128,29,76,41,67,93" hai2="81,95,32,49,7,120,83,97,101,135,124,104,116" hai3="11,53,37,61,70,10,129,18,74,75,68,28,58" shuffle="mt19937ar,01BBBE8D,08BD3922,38BAE2FC,E88160AE,F16D4F56,32BFE403,BA3ECE22,32EADB79"/><U47/><E122/><V56/><F32/><W130/><G37/><T44/><D118/><U88/><E128/><N who="3" m="49258" /><G28/><T57/><D115/><U0/><E29/><V17/><F116/><W6/><G18/><T90/><D133/><U14/><E0/><V13/><F120/><W42/><G42/><T30/><D123/><U31/><E31/><V84/><F135/><W43/><G43/><T92/><D111/><U23/><E23/><V113/><F7/><W36/><G36/><T3/><D3/><U73/><E73/><N who="3" m="27658" /><G11/><T107/><D79/><U103/><E103/><V102/><F113/><W112/><G112/><T94/><D107/><U121/><E121/><V117/><F117/><W54/><G54/><N who="0" m="31967" /><D65/><U27/><E27/><V72/><F72/><W62/><G62/><T109/><D109/><U98/><E98/><AGARI ba="0,0" hai="22,25,30,44,45,90,91,92,94,98,99" m="31967" machi="98" ten="30,1000,0" yaku="8,1" doraHai="60" who="0" fromWho="1" sc="356,10,266,-10,128,0,250,0" /><INIT seed="2,0,0,0,5,10" ten="366,256,128,250" oya="2" hai0="29,55,5,134,66,62,71,77,103,99,56,0,33" hai1="50,81,100,4,91,114,110,41,54,40,42,79,1" hai2="80,115,18,88,73,98,26,135,93,46,19,47,101" hai3="63,23,48,58,13,78,39,34,129,65,24,35,11" shuffle="mt19937ar,86CD82C7,8400C98C,E3846915,5D46AE55,C5E4B1E4,AF283F42,FD4D45C8,F46DED81"/><V2/><F115/><W94/><G39/><T36/><D36/><U31/><E114/><V7/><F2/><W38/><G38/><T95/><D0/><U86/><E110/><V102/><F135/><W51/><G129/><T97/><D77/><U105/><E31/><V52/><F7/><W127/><G127/><T30/><D134/><U87/><E105/><V25/><F73/><W84/><G34/><T131/><D131/><U37/><E100/><N who="2" m="38507" /><F80/><N who="3" m="47127" /><G94/><T104/><D5/><U22/><E37/><V75/><F75/><W116/><G35/><T32/><D32/><U43/><E1/><V111/><F111/><W57/><G57/><T20/><D33/><U126/><E126/><V9/><F47/><W17/><G116/><T60/><D20/><U108/><E108/><V67/><F67/><W119/><G119/><T96/><D104/><U133/><E4/><AGARI ba="0,0" hai="4,11,13,17,23,24,48,51,58,63,65" m="47127" machi="4" ten="30,2000,0" yaku="8,1,52,1" doraHai="10" who="3" fromWho="1" sc="366,0,256,-20,128,0,250,20" /><INIT seed="3,0,0,1,5,38" ten="366,236,128,270" oya="3" hai0="127,47,2,135,16,87,23,36,59,79,12,7,43" hai1="100,86,122,68,69,19,78,45,81,14,83,134,71" hai2="74,72,60,92,123,114,48,126,97,35,109,3,55" hai3="85,88,15,128,28,6,130,57,108,0,56,118,125" shuffle="mt19937ar,1F6C10E5,A4B8BCF2,C92D6A1B,A59BA7CD,71CAF4F7,561955A2,43E22A35,95BDEC71"/><W112/><G118/><T67/><D127/><U30/><E134/><V21/><F55/><W27/><G112/><T18/><D135/><U54/><E122/><V40/><F92/><W131/><G0/><T64/><D59/><U44/><E100/><V133/><F21/><W73/><G73/><T89/><D79/><U41/><E30/><V90/><F97/><W105/><G105/><T58/><D58/><U51/><E81/><V120/><F90/><W65/><G125/><T75/><D75/><U4/><E4/><V129/><F48/><W63/><G108/><T101/><D101/><U17/><REACH who="1" step="1"/><E14/><REACH who="1" step="2"/><V106/><F60/><W20/><G15/><T37/><D7/><U33/><E33/><V29/><F29/><W32/><G6/><T93/><D2/><U111/><E111/><V94/><F94/><N who="3" m="54543" /><G32/><T62/><D12/><U115/><E115/><V110/><F120/><W82/><G82/><T10/><D93/><U46/><E46/><V34/><F34/><W103/><G103/><T9/><D47/><U66/><E66/><V8/><F8/><W84/><G84/><T50/><D87/><U49/><AGARI ba="0,1" hai="17,19,41,44,45,49,51,54,68,69,71,78,83,86" machi="49" ten="40,5200,0" yaku="1,1,0,1,52,1,53,0" doraHai="38" doraHaiUra="119" who="1" fromWho="1" sc="366,-13,226,62,128,-13,270,-26" owari="353,35,288,4,115,-28,244,-11" /></mjloggm>