<mjloggm ver="2.3"><GO type="225"/><UN n0="%61%6E%62%79%33" n1="%E3%83%9C%E3%83%84" n2="%52%65%64%4D%61%67%69%63" n3="%23%37%34%E5%A4%A7%E6%B2%BB%E9%83%8E" dan="16,16,16,16" rate="2071,2048,2038,2071" sx="M,M,M,M"/><TAIKYOKU oya="0"/><INIT seed="0,0,0,2,2,6" ten="250,250,250,250" oya="0" hai0="94,100,73,68,24,93,28,92,14,103,82,109,49" hai1="15,79,125,2,47,63,74,44,127,13,16,20,119" hai2="37,7,64,131,86,102,40,8,99,35,57,9,76" hai3="33,128,122,75,77,1,45,48,19,65,42,124,71" shuffle="mt19937ar,97E855A8,133B6C71,5D768BBC,DDF6506E,0B67B286,E31E5FF9,79BAC5AA,F39C6D33"/><T23/><D68/><U101/><E119/><V134/><F35/><W81/><G33/><T118/><D118/><U108/><E2/><V34/><F34/><W66/><G122/><T29/><D29/><U50/><E108/><V129/><F134/><W56/><G71/><T95/><D109/><U43/><E101/><V55/><F64/><W115/><G115/><T36/><D36/><U61/><E47/><V25/><F25/><W41/><G128/><N who="2" m="49225" /><F7/><W54/><G124/><N who="1" m="47690" /><E79/><V105/><F40/><W31/><G31/><T83/><N who="0" m="23552" /><DORA hai="116" /><T106/><D106/><U130/><E74/><V91/><F76/><W114/><G114/><T53/><D73/><U84/><E84/><V38/><F37/><W111/><G111/><T72/><D72/><U90/><E90/><V26/><F26/><W121/><G41/><T22/><D103/><U96/><E96/><V32/><F32/><W58/><G1/><T89/><D89/><U123/><E123/><V62/><F38/><W18/><G121/><T112/><D112/><U5/><E130/><V17/><F17/><W10/><G19/><N who="0" m="10615" /><D100/><U21/><E21/><V117/><F117/><W59/><REACH who="3" step="1"/><G42/><REACH who="3" step="2"/><T133/><D133/><U113/><E113/><V110/><F110/><W70/><G70/><T3/><D3/><U12/><E12/><AGARI ba="0,1" hai="10,12,18,45,48,54,56,58,59,65,66,75,77,81" machi="12" ten="40,5200,0" yaku="1,1,52,1,53,1" doraHai="6,116" doraHaiUra="69,51" who="3" fromWho="1" sc="250,0,250,-52,250,0,240,62" /><INIT seed="1,0,0,4,2,114" ten="250,198,250,302" oya="1" hai0="76,127,128,26,64,33,85,118,31,89,131,117,55" hai1="37,130,6,109,42,81,53,13,49,4,99,29,44" hai2="58,14,75,102,119,3,57,121,93,86,21,62,91" hai3="84,22,30,0,112,2,60,18,15,90,68,23,122" shuffle="mt19937ar,87E95B47,4E932CA6,C0398384,89498894,5369B639,46E1767A,C07335E0,1A6A720B"/><U46/><E130/><N who="0" m="49705" /><D76/><U59/><E109/><V74/><F121/><W66/><G112/><T105/><D105/><U17/><E29/><V63/><F3/><W115/><G115/><T83/><D127/><U92/><E81/><V103/><F119/><N who="0" m="45578" /><D55/><U61/><E17/><N who="2" m="10423" /><F75/><W20/><G122/><T16/><D16/><U123/><E13/><V28/><F74/><W80/><REACH who="3" step="1"/><G30/><REACH who="3" step="2"/><T45/><D45/><U96/><E123/><V79/><F28/><W52/><G52/><T78/><D78/><U108/><E108/><V97/><F79/><W27/><G27/><N who="0" m="18687" /><D64/><U94/><E44/><V77/><F77/><W133/><G133/><T38/><D38/><U5/><REACH who="1" step="1"/><E37/><REACH who="1" step="2"/><V124/><F124/><W50/><G50/><T35/><D26/><U39/><E39/><V11/><F63/><W56/><G56/><T87/><D35/><U36/><E36/><V125/><F62/><W120/><G120/><T113/><D113/><U100/><E100/><V72/><F103/><W32/><G32/><T65/><D65/><U69/><E69/><V51/><F102/><W71/><G71/><T43/><D43/><U12/><E12/><V88/><F125/><W107/><G107/><T41/><D41/><U104/><E104/><V132/><F51/><W48/><G48/><T98/><D83/><U67/><E67/><V1/><F58/><W111/><G111/><T82/><D82/><U101/><E101/><V110/><F57/><W8/><AGARI ba="0,2" hai="0,2,8,15,18,20,22,23,60,66,68,80,84,90" machi="8" ten="30,7900,0" yaku="1,1,0,1,53,2" doraHai="114" doraHaiUra="34" who="3" fromWho="3" sc="250,-20,188,-39,250,-20,292,99" /><INIT seed="2,0,0,4,1,33" ten="230,149,230,391" oya="2" hai0="103,10,92,130,69,9,44,95,135,22,49,116,66" hai1="34,1,115,57,21,132,65,63,51,79,4,74,122" hai2="72,18,89,99,100,41,129,38,53,113,6,8,98" hai3="26,14,88,7,23,108,62,28,109,60,0,16,133" shuffle="mt19937ar,DBB07312,C345206D,97748857,CEA25A8A,30946EC5,47694E9B,ED2304C9,DC025E42"/><V127/><F113/><W47/><G133/><T86/><D135/><U107/><E132/><V58/><F72/><W11/><G47/><T85/><D69/><U68/><E115/><V119/><F119/><W128/><G128/><T13/><D66/><U29/><E107/><V91/><F129/><W120/><G120/><T30/><D130/><U111/><E34/><V106/><F127/><W118/><G118/><T126/><D126/><U82/><E111/><N who="3" m="42570" /><G88/><N who="0" m="53263" /><D116/><U64/><E122/><V101/><F41/><W39/><G39/><T104/><D104/><U97/><E97/><V84/><F38/><W78/><G78/><T73/><D73/><U134/><E134/><V37/><F37/><W36/><G36/><T76/><D76/><U56/><E64/><V12/><F18/><W117/><G117/><T110/><D110/><U70/><E21/><AGARI ba="0,0" hai="0,7,11,14,16,21,23,26,28,60,62" m="42570" machi="21" ten="30,3900,0" yaku="14,1,52,1,54,1" doraHai="33" who="3" fromWho="1" sc="230,0,149,-39,230,0,391,39" /><INIT seed="3,0,0,2,3,56" ten="230,110,230,430" oya="3" hai0="42,11,50,81,96,14,73,97,29,84,7,88,105" hai1="65,30,23,86,118,132,44,104,63,85,130,22,76" hai2="49,64,57,35,83,133,95,32,82,127,87,75,79" hai3="71,40,26,24,28,3,13,54,39,10,117,51,31" shuffle="mt19937ar,E9304A5B,2B88AC62,018DB170,173C1555,3B9E52C3,82650F8C,009706FD,A97ABB9F"/><W100/><G3/><T134/><D134/><U112/><E112/><V131/><F133/><W19/><G117/><T18/><D73/><U59/><E132/><V74/><F131/><W110/><G71/><T91/><D105/><U92/><E104/><V46/><F127/><W80/><G100/><T69/><D69/><U99/><E130/><V124/><F124/><W48/><G39/><T78/><D29/><N who="3" m="11337" /><G80/><T126/><D126/><U103/><E118/><V107/><F107/><W77/><G77/><T16/><D96/><U52/><E76/><V123/><F123/><W1/><G1/><T25/><D25/><N who="1" m="16695" /><E23/><V5/><F5/><W58/><G110/><T34/><D34/><U53/><E44/><AGARI ba="0,0" hai="10,13,19,24,26,40,44,48,51,54,58" m="11337" machi="44" ten="30,1500,0" yaku="8,1" doraHai="56" who="3" fromWho="1" sc="230,0,110,-15,230,0,430,15" owari="230,-2,95,-30,230,-12,445,44" /></mjloggm>