<mjloggm ver="2.3"><GO type="185"/><UN n0="%E3%81%B5%E3%81%8F%EF%BC%A3%EF%BD%88%EF%BD%81%EF%BD%8E%E2%99%AA" n1="%E4%B8%89%E7%94%B0%E6%9D%91%E8%8C%9C" n2="%41%55%54%4F%4E%4F%4D%59" n3="" dan="16,17,16,0" rate="2176,2220,2122,1500" sx="F,F,M,C"/><TAIKYOKU oya="0"/><INIT seed="0,0,0,1,1,54" ten="350,350,350,0" oya="0" hai0="99,90,67,35,52,120,83,109,130,107,87,122,33" hai1="131,121,115,50,91,43,72,81,47,56,112,49,114" hai2="88,80,100,44,106,93,48,65,70,61,1,36,75" hai3="" shuffle="mt19937ar,F4402E6B,9AD82F18,B909EBBC,522D46CD,9CA67C03,E1377E7B,A841CBD0,738EAB4A"/><T60/><N who="0" m="30752" /><T104/><N who="0" m="31264" /><T0/><D0/><U119/><N who="1" m="31008" /><U85/><E119/><V64/><F1/><T74/><D130/><U94/><E131/><V128/><F64/><T97/><D109/><U105/><E105/><V116/><F128/><T113/><D113/><U134/><E134/><V125/><F116/><T127/><D127/><U66/><E72/><V32/><F125/><T45/><D74/><U62/><REACH who="1" step="1"/><E94/><REACH who="1" step="2"/><V68/><F75/><T135/><D135/><U84/><E84/><V102/><F106/><T39/><D107/><U41/><E41/><V76/><F80/><T92/><D104/><U101/><E101/><V82/><F102/><T123/><N who="0" m="31520" /><T117/><D117/><U40/><E40/><V2/><F100/><T34/><D39/><AGARI ba="0,1" hai="39,43,47,49,50,56,62,66,81,85,91,112,114,115" m="31008" machi="39" ten="40,8000,1" yaku="1,1,11,1,52,2,53,1" doraHai="54" doraHaiUra="55" who="1" fromWho="0" sc="350,-80,340,90,350,0,0,0" /><INIT seed="1,0,0,2,2,135" ten="270,430,350,0" oya="1" hai0="129,0,90,38,64,59,125,42,77,45,35,56,92" hai1="99,105,68,46,1,75,66,134,51,44,128,133,130" hai2="117,65,70,63,118,85,93,57,101,50,71,67,132" hai3="" shuffle="mt19937ar,90BDCE14,A5D780C8,B115C798,38198F81,D723B2FF,3A9E09E0,4C19BE8F,0C5C77D2"/><U122/><N who="1" m="31264" /><U53/><E75/><V95/><F132/><N who="1" m="50793" /><E105/><V62/><F95/><T47/><D35/><U97/><E1/><V73/><F73/><T54/><D0/><U49/><E68/><V80/><F93/><T107/><D107/><U109/><E66/><V120/><N who="2" m="30752" /><V84/><F101/><T126/><D129/><N who="1" m="49771" /><E109/><V37/><F67/><T104/><D77/><U102/><E102/><V83/><F65/><T33/><D33/><U58/><E58/><V86/><F70/><T96/><D104/><U82/><E82/><V110/><F71/><T52/><D64/><U81/><E81/><V127/><F110/><T72/><D72/><U55/><AGARI ba="0,0" hai="44,46,49,51,53,55,97,99" m="49771,50793,31264" machi="55" ten="30,4000,0" yaku="20,1,19,1,52,1" doraHai="135" who="1" fromWho="1" sc="270,-20,430,40,350,-20,0,0" /><INIT seed="1,1,0,3,3,128" ten="250,470,330,0" oya="1" hai0="40,105,66,51,99,78,73,86,111,112,129,36,49" hai1="116,82,42,132,114,110,88,60,108,96,3,119,50" hai2="120,46,81,55,56,97,32,71,77,87,84,74,89" hai3="" shuffle="mt19937ar,A8F46F81,9CD716D2,CEF3D7CF,F6A265FD,A06ED5D0,84DF44C8,1E48FD75,48345E7C"/><U43/><E3/><V85/><N who="2" m="30752" /><V102/><F71/><T130/><D111/><N who="1" m="42539" /><E114/><V72/><F72/><T98/><D73/><U122/><N who="1" m="31264" /><U47/><E132/><V75/><F75/><T91/><D78/><U63/><E82/><V59/><F32/><T45/><D66/><U83/><E42/><V41/><F55/><T100/><D99/><U92/><E83/><V109/><F89/><T103/><D103/><U34/><E34/><V101/><F101/><T95/><D112/><U64/><E63/><V124/><F109/><T118/><D118/><U57/><AGARI ba="1,0" hai="43,47,50,57,60,64,88,92,96,116,119" m="31264,42539" machi="57" ten="30,7800,0" yaku="14,1,10,1,52,1,54,1" doraHai="128" who="1" fromWho="1" sc="250,-40,470,80,330,-40,0,0" /><INIT seed="1,2,0,1,1,46" ten="210,550,290,0" oya="1" hai0="78,74,42,53,119,85,99,86,95,135,65,117,77" hai1="84,68,110,108,103,2,33,57,51,50,34,59,90" hai2="123,38,87,130,62,93,131,107,98,63,47,70,104" hai3="" shuffle="mt19937ar,F3E15154,23AEAB66,A41B1F54,DBEE77E2,F20923DC,CE203D60,4A5D7FF5,4ACFF209"/><U79/><E2/><V80/><N who="2" m="31520" /><V43/><F104/><T133/><D53/><U124/><E68/><V115/><F107/><T106/><D65/><U44/><E124/><V92/><F115/><T48/><D48/><U126/><E103/><V35/><F35/><T97/><D42/><U32/><E126/><V122/><N who="2" m="31264" /><V60/><F70/><T88/><D106/><U58/><E79/><V134/><F134/><T39/><D39/><U69/><E69/><V41/><F41/><T102/><D102/><U49/><E44/><V40/><F40/><T118/><D74/><U54/><E54/><V111/><F62/><T1/><D1/><U52/><E52/><V91/><F63/><T73/><D73/><U83/><AGARI ba="2,0" hai="32,33,34,49,50,51,57,58,59,83,84,90,108,110" machi="83" ten="50,12000,2" yaku="0,1,29,2,52,3" doraHai="46" who="1" fromWho="1" sc="210,-62,550,124,290,-62,0,0" /><INIT seed="1,3,0,2,5,83" ten="148,674,228,0" oya="1" hai0="92,119,124,71,98,40,90,60,131,101,103,1,69" hai1="68,73,42,108,89,88,128,46,33,44,135,0,65" hai2="57,95,67,93,133,115,123,34,85,3,72,80,113" hai3="" shuffle="mt19937ar,E250395F,0348D025,5245119C,BA697F50,BB31F720,F7458325,E173851F,21CC8C7F"/><U91/><E0/><V87/><N who="2" m="31520" /><V63/><F3/><T45/><D1/><U74/><E33/><V43/><F34/><T129/><D119/><U77/><E135/><V127/><F133/><T116/><D116/><U79/><E128/><V104/><F104/><T37/><D124/><U110/><E65/><V122/><N who="2" m="31264" /><V130/><F127/><T106/><D101/><U49/><E68/><V59/><F72/><N who="1" m="27753" /><E46/><V50/><F130/><N who="0" m="49674" /><D60/><U62/><E62/><V94/><F43/><T47/><D47/><U100/><E100/><V32/><F32/><T36/><D36/><U86/><E86/><AGARI ba="3,0" hai="37,40,45,69,71,86,90,92,98,103,106" m="49674" machi="86" ten="30,2000,0" yaku="19,1,52,1" doraHai="83" who="0" fromWho="1" sc="148,26,674,-26,228,0,0,0" /><INIT seed="2,0,0,0,1,73" ten="174,648,228,0" oya="2" hai0="118,74,81,44,123,122,105,0,71,34,54,119,120" hai1="135,39,114,102,100,60,1,124,98,103,41,69,129" hai2="110,37,91,84,61,133,128,3,63,45,115,55,70" hai3="" shuffle="mt19937ar,D59AE2CC,40E8EC99,A5F74103,76DF5FD2,8C8FB1F6,2FAF3D82,D66CF23A,C8550457"/><V104/><F3/><T83/><N who="0" m="30752" /><T42/><N who="0" m="31264" /><T36/><N who="0" m="31520" /><T93/><D105/><U47/><E114/><V51/><F115/><T59/><D34/><U53/><E124/><V67/><F104/><T117/><D0/><U68/><E129/><V33/><F128/><T76/><D71/><U72/><E72/><V35/><F133/><T52/><D81/><U46/><E98/><V111/><F37/><T88/><REACH who="0" step="1"/><D59/><REACH who="0" step="2"/><U66/><E69/><V58/><F35/><T131/><D131/><U96/><E68/><V85/><F33/><T90/><D90/><U2/><E1/><V77/><F77/><T32/><D32/><U127/><E2/><V89/><F89/><T82/><D82/><U108/><E103/><V79/><F79/><T101/><D101/><U78/><E102/><V56/><F70/><T75/><D75/><U121/><E100/><V57/><F57/><T80/><D80/><U49/><E78/><V48/><F91/><T132/><D132/><U43/><E135/><V130/><F130/><T97/><AGARI ba="0,1" hai="36,42,44,52,54,74,76,83,88,93,97,117,118,119" m="31520,31264,30752" machi="97" ten="30,12000,3" yaku="1,1,0,1,52,4,54,2,53,0" doraHai="73" doraHaiUra="64" who="0" fromWho="0" sc="164,130,648,-40,228,-80,0,0" /><INIT seed="4,0,0,5,0,131" ten="294,608,148,0" oya="0" hai0="104,100,82,80,73,0,70,38,108,3,81,129,103" hai1="44,85,121,123,51,120,52,128,99,101,98,32,53" hai2="72,1,130,95,88,91,127,71,56,34,114,37,47" hai3="" shuffle="mt19937ar,A706EE31,D2283998,2AEAFBD6,837CF058,E6DD4BB5,584F3959,C8800E39,054A86F4"/><T36/><D129/><U42/><N who="1" m="30752" /><U74/><N who="1" m="31008" /><U102/><N who="1" m="31520" /><U75/><E128/><V41/><F71/><T35/><D108/><U50/><E85/><V48/><F130/><T115/><D70/><U87/><E87/><V45/><F72/><T84/><D84/><U68/><E68/><V54/><F34/><T105/><D35/><U55/><E32/><V43/><F1/><T110/><D110/><U69/><E69/><V83/><F83/><T116/><D116/><U2/><E2/><V135/><F91/><T93/><D82/><U40/><E55/><V77/><F54/><T119/><D119/><U60/><E60/><V133/><F77/><T134/><D73/><U58/><E58/><V49/><F56/><T109/><D109/><U65/><E65/><V39/><F47/><AGARI ba="0,0" hai="40,42,44,47,50,51,52,53,74,75,98,99,101,102" m="31520,31008,30752" machi="47" ten="25,12000,2" yaku="22,2,52,3,54,1" doraHai="131" who="1" fromWho="2" sc="294,0,608,120,148,-120,0,0" /><INIT seed="5,0,0,3,2,111" ten="294,728,28,0" oya="1" hai0="127,51,84,80,98,33,1,107,135,87,124,105,36" hai1="133,115,116,78,44,54,40,69,71,96,49,114,110" hai2="38,76,100,82,70,131,120,118,72,41,63,67,57" hai3="" shuffle="mt19937ar,CC7B2BCB,8B310349,33D448A3,B25EA282,20569F4A,00CD675D,1CE8D431,173745FD"/><U65/><E116/><V91/><N who="2" m="30752" /><V109/><F109/><T97/><D36/><U119/><E119/><V90/><F118/><T58/><D33/><U77/><E110/><V129/><F91/><T52/><D1/><U123/><N who="1" m="31520" /><U93/><E133/><V46/><F100/><T88/><D135/><U94/><E40/><V66/><F66/><T35/><D35/><U134/><E134/><V108/><F108/><T95/><D87/><U34/><E34/><V104/><F104/><T47/><D47/><U59/><E59/><V103/><F103/><T32/><D32/><U117/><E117/><V75/><F75/><T113/><D113/><N who="1" m="43019" /><E93/><V2/><F2/><T73/><D107/><U130/><E130/><V89/><F131/><T64/><D105/><U92/><E92/><V42/><F42/><T121/><N who="0" m="31008" /><T68/><D95/><U50/><E50/><V125/><F129/><T62/><D51/><U106/><E106/><V102/><F38/><T61/><D58/><U43/><E43/><V39/><F57/><T3/><D3/><U56/><E56/><V74/><F41/><T101/><D62/><U83/><E83/><V85/><F39/><T132/><D61/><U99/><E96/><V126/><F63/><RYUUKYOKU ba="0,0" sc="294,0,728,0,28,0,0,0" /><INIT seed="6,1,0,0,3,102" ten="294,728,28,0" oya="2" hai0="97,80,57,110,74,70,38,42,124,128,56,132,98" hai1="111,107,120,95,84,114,62,126,100,77,96,55,47" hai2="37,68,0,75,104,92,118,121,71,67,129,78,90" hai3="" shuffle="mt19937ar,79AF8BD4,D71B2CBC,F263EFDF,A5FD2BB1,1F04CA31,8A28A143,E47F046E,C4994A25"/><V99/><N who="2" m="31008" /><V119/><F0/><T131/><D70/><U46/><N who="1" m="30752" /><U89/><E111/><V69/><F129/><T35/><D35/><U101/><E101/><V79/><F37/><T43/><D110/><U40/><E126/><V39/><F39/><T52/><D124/><U113/><E77/><V1/><F1/><T115/><D80/><U36/><E46/><V127/><F127/><T61/><D74/><U83/><E107/><V133/><F67/><T65/><D38/><U82/><E82/><V117/><F75/><T134/><D115/><N who="1" m="44043" /><E55/><V86/><F133/><N who="0" m="51306" /><D57/><U122/><E62/><V49/><F104/><T33/><D33/><U116/><E116/><V93/><REACH who="2" step="1"/><F49/><REACH who="2" step="2"/><T50/><D65/><U76/><N who="1" m="31264" /><U59/><E36/><V54/><F54/><T53/><D53/><U103/><E40/><N who="0" m="15401" /><D50/><U2/><E2/><V63/><F63/><T66/><D66/><U32/><E32/><V125/><F125/><T72/><D72/><U105/><E105/><V87/><F87/><T51/><D51/><U88/><E84/><V60/><F60/><T73/><D73/><U106/><E106/><V109/><F109/><T48/><D48/><U34/><E34/><V81/><F81/><T44/><D131/><RYUUKYOKU ba="1,1" sc="294,-10,728,-10,18,20,0,0" hai2="68,69,71,78,79,86,90,92,93,99,117,118,119" /><INIT seed="6,2,1,1,3,32" ten="284,718,38,0" oya="2" hai0="53,64,105,52,97,65,126,43,111,91,60,69,107" hai1="63,0,94,89,124,114,62,3,119,102,135,101,98" hai2="50,93,120,131,76,100,80,88,72,42,106,99,123" hai3="" shuffle="mt19937ar,EE792BCE,B7D63A46,F4806BE5,C1C88D32,ED63FCFC,08C807DE,91D9A5CF,45E48612"/><V84/><F131/><T68/><D126/><U110/><E124/><V75/><F75/><T48/><D111/><U103/><E110/><V122/><F42/><T81/><D43/><U116/><E114/><V73/><F73/><T92/><D53/><U34/><E135/><V58/><F50/><T79/><D65/><U87/><E87/><V83/><F58/><T45/><D69/><U125/><E125/><V41/><F41/><T95/><D92/><AGARI ba="2,1" hai="72,76,80,83,84,88,92,93,99,100,106,120,122,123" machi="92" ten="40,12000,1" yaku="34,3,54,1" doraHai="32" who="2" fromWho="0" sc="284,-124,718,0,38,134,0,0" /><INIT seed="6,3,0,5,1,42" ten="160,718,172,0" oya="2" hai0="33,123,44,43,47,35,102,51,76,66,46,58,89" hai1="75,61,93,116,45,59,73,103,37,94,134,53,1" hai2="120,77,2,50,86,108,101,36,99,85,52,127,128" hai3="" shuffle="mt19937ar,A6AECAD1,16B3CE86,D274BA4B,79195829,735AE830,7CDF2FB2,EAE8BD67,F86FB124"/><V81/><N who="2" m="30752" /><V98/><F2/><T62/><N who="0" m="31520" /><T96/><D76/><U107/><E134/><V40/><F108/><T72/><D72/><U80/><E107/><V95/><F127/><T130/><D130/><U67/><E37/><V57/><F40/><T117/><D117/><U88/><E67/><V38/><F128/><T111/><D89/><U110/><E116/><V54/><F54/><T74/><D74/><U104/><E104/><V60/><F60/><T78/><D78/><U39/><E39/><V63/><F63/><T55/><D111/><U79/><E110/><V100/><F86/><T122/><N who="0" m="31264" /><T113/><D113/><U65/><E75/><V70/><F70/><T64/><D64/><U112/><E112/><V48/><F48/><T97/><D97/><U129/><E61/><V83/><F81/><T34/><REACH who="0" step="1"/><D43/><REACH who="0" step="2"/><U135/><E53/><V56/><REACH who="2" step="1"/><F56/><REACH who="2" step="2"/><T133/><D133/><U91/><E80/><V3/><F3/><T68/><D68/><U126/><E126/><V115/><F115/><T87/><D87/><U49/><E49/><V132/><F132/><T90/><D90/><U69/><E69/><V114/><F114/><T32/><N who="0" m="8192" /><DORA hai="125" /><T105/><AGARI ba="3,2" hai="44,46,47,51,55,58,62,66,96,102,105" m="8192,31264,31520" machi="105" ten="60,12000,3" yaku="1,1,4,1,0,1,52,5,53,0" doraHai="42,125" doraHaiUra="109,124" who="0" fromWho="0" sc="150,146,718,-43,162,-83,0,0" owari="296,-10,675,62,79,-52,0,0" /></mjloggm>