<mjloggm ver="2.3"><GO type="185"/><UN n0="%E3%80%93%E3%81%84%E3%81%A1%E3%81%AF%E3%82%89%E3%80%93" n1="%E3%81%B5%E3%81%8F%EF%BC%A3%EF%BD%88%EF%BD%81%EF%BD%8E%E2%99%AA" n2="%EF%BC%BC%28%EF%BC%BE%6F%EF%BC%BE%29%EF%BC%8F%E2%98%85" n3="" dan="18,16,17,0" rate="2252,2192,2143,1500" sx="M,F,M,C"/><TAIKYOKU oya="0"/><INIT seed="0,0,0,5,5,96" ten="350,350,350,0" oya="0" hai0="127,131,57,38,132,59,100,103,40,109,37,51,61" hai1="129,1,135,121,108,78,98,2,60,107,111,114,62" hai2="80,50,33,105,76,90,134,63,120,125,101,65,92" hai3="" shuffle="mt19937ar,0E3E5323,7B741F51,0D9E89EB,860C5526,2C7911B5,B9D0D0F0,65E53FBB,D8201B3D"/><T34/><D34/><U102/><N who="1" m="31008" /><U48/><E135/><V85/><N who="2" m="30752" /><V32/><F134/><T77/><D132/><U72/><E129/><V68/><F125/><T71/><D131/><U130/><E130/><V95/><F95/><T115/><D127/><U124/><E124/><V46/><F105/><T83/><D115/><U73/><E114/><V55/><REACH who="2" step="1"/><F101/><REACH who="2" step="2"/><T112/><D112/><U123/><N who="1" m="31520" /><U113/><E113/><V3/><F3/><T91/><D109/><N who="1" m="42059" /><E1/><V79/><F79/><T67/><D91/><U58/><E2/><V84/><AGARI ba="0,1" hai="32,33,46,50,55,63,65,68,76,80,84,85,90,92" m="30752" machi="84" ten="20,6000,1" yaku="1,1,0,1,7,1,52,1,53,1" doraHai="96" doraHaiUra="66" who="2" fromWho="2" sc="350,-40,350,-20,340,70,0,0" /><INIT seed="1,0,0,4,5,130" ten="310,330,410,0" oya="1" hai0="88,61,63,59,62,54,48,84,133,124,65,131,53" hai1="132,69,71,35,0,101,3,94,118,90,105,49,134" hai2="99,37,113,41,44,98,119,128,36,107,70,67,72" hai3="" shuffle="mt19937ar,32D09A7E,FD187F06,353F08AB,8F91F781,2CD5B87D,2251A49F,ADB14093,14F2D017"/><U109/><E35/><V103/><F119/><T64/><D131/><U112/><E118/><V52/><F128/><T39/><D124/><U38/><E38/><V1/><F1/><T117/><D39/><U56/><E112/><V51/><F113/><T125/><D125/><U47/><E109/><V57/><F72/><T58/><D117/><U82/><E56/><V81/><F37/><T66/><REACH who="0" step="1"/><D133/><REACH who="0" step="2"/><N who="1" m="51307" /><E82/><AGARI ba="0,1" hai="48,53,54,58,59,61,62,63,64,65,66,82,84,88" machi="82" ten="40,5200,0" yaku="1,1,8,1,54,1,53,0" doraHai="130" doraHaiUra="120" who="0" fromWho="1" sc="300,62,330,-52,410,0,0,0" /><INIT seed="2,0,0,5,4,74" ten="362,278,410,0" oya="2" hai0="37,70,33,111,122,66,79,128,130,119,120,115,44" hai1="108,35,38,52,32,107,127,77,131,104,109,67,53" hai2="98,113,124,40,125,99,71,117,49,1,118,58,68" hai3="" shuffle="mt19937ar,C41F31FA,ECF26382,AC381BB2,98531F70,1BCDE2CD,73D02591,59F5C0CF,26F5CC44"/><V83/><F1/><T75/><RYUUKYOKU type="yao9" ba="0,0" sc="362,0,278,0,410,0,0,0" hai0="33,37,44,66,70,75,79,111,115,119,120,122,128,130" /><INIT seed="2,1,0,4,3,82" ten="362,278,410,0" oya="2" hai0="107,57,61,33,100,50,135,106,49,48,65,46,130" hai1="3,125,86,54,35,37,60,127,71,101,38,2,113" hai2="64,124,105,118,74,79,72,89,115,133,53,122,90" hai3="" shuffle="mt19937ar,09D3D46D,97A16FB5,9882C43F,35F1C34A,D8399D66,59660047,D4AC131A,8B702824"/><V131/><N who="2" m="31264" /><V44/><F115/><T99/><D130/><U98/><E35/><V112/><F112/><T47/><D33/><U103/><E113/><V58/><F118/><T66/><D107/><U123/><N who="1" m="31520" /><U39/><E71/><V132/><F105/><T95/><D135/><U56/><E103/><V43/><F64/><T73/><D73/><U83/><E2/><V63/><F131/><T70/><D66/><U40/><E40/><V116/><F116/><T62/><D62/><U67/><E67/><V97/><F124/><T85/><D70/><U77/><REACH who="1" step="1"/><E3/><REACH who="1" step="2"/><V111/><F43/><T126/><D126/><U93/><AGARI ba="1,1" hai="37,38,39,54,56,60,77,83,86,93,98,101,125,127" m="31520" machi="93" ten="40,9000,2" yaku="1,1,2,1,0,1,52,2,53,1" doraHai="82" doraHaiUra="76" who="1" fromWho="1" sc="362,-31,268,102,410,-61,0,0" /><INIT seed="4,0,0,1,3,64" ten="331,370,349,0" oya="0" hai0="45,89,109,43,37,32,82,76,44,111,123,57,77" hai1="104,40,80,107,99,90,134,56,0,33,54,61,95" hai2="131,120,66,63,112,132,79,126,60,3,124,39,34" hai3="" shuffle="mt19937ar,0A7199E5,0BAC71B8,455395C1,38251681,122BAEA7,8EDC73F2,7E3F43E8,E2BBAC9D"/><T65/><N who="0" m="31520" /><T118/><D32/><U108/><E33/><V106/><F79/><T46/><D118/><U73/><E0/><V78/><F78/><T117/><D117/><U125/><E73/><V83/><F83/><T129/><D129/><U85/><E108/><N who="0" m="41545" /><D89/><U55/><E134/><V93/><N who="2" m="30752" /><V127/><F34/><T86/><D77/><U75/><E75/><V92/><F3/><T97/><D97/><U71/><E40/><V47/><F132/><T110/><N who="0" m="41553" /><T1/><DORA hai="67" /><D1/><U128/><E54/><V122/><N who="2" m="31264" /><V36/><F131/><T113/><D113/><U74/><E74/><V105/><F112/><T58/><D58/><U69/><E125/><V130/><F130/><T42/><D37/><U114/><E114/><V35/><F35/><T62/><AGARI ba="0,0" hai="42,43,44,45,46,57,62,65,76,82,86" m="41553,31520" machi="62" ten="50,3200,0" yaku="10,1,52,1" doraHai="64,67" who="0" fromWho="0" sc="331,32,370,-16,349,-16,0,0" /><INIT seed="4,1,0,4,1,127" ten="363,354,333,0" oya="0" hai0="68,101,94,133,89,98,86,49,56,59,112,105,103" hai1="108,83,3,132,79,116,38,78,1,71,58,46,119" hai2="117,62,69,67,135,92,118,109,36,113,66,104,122" hai3="" shuffle="mt19937ar,2C0BD836,48EF3DD1,6F4CDE5D,E6127FCF,13133003,5AD2FCDB,52D434D3,B9CC26A7"/><T45/><D112/><U75/><E108/><V51/><N who="2" m="31264" /><V102/><F109/><T60/><D133/><U96/><E132/><V121/><N who="2" m="31008" /><V65/><F135/><T115/><D115/><U55/><E71/><V82/><F113/><T44/><D103/><U34/><E34/><V81/><F104/><T53/><REACH who="0" step="1"/><D68/><REACH who="0" step="2"/><U126/><E126/><V50/><F69/><T106/><D106/><U64/><E1/><V91/><F102/><T42/><D42/><U47/><E3/><V88/><F118/><T63/><D63/><U41/><E119/><V131/><F62/><T87/><D87/><U76/><E116/><V123/><N who="2" m="31520" /><V111/><F117/><T100/><D100/><U43/><E96/><V2/><F2/><T107/><D107/><U110/><E110/><V74/><F111/><T97/><D97/><U85/><E85/><V72/><F72/><T0/><D0/><U90/><E75/><V54/><F74/><T130/><D130/><U84/><E64/><AGARI ba="1,1" hai="44,45,49,53,56,59,60,64,86,89,94,98,101,105" machi="64" ten="30,5800,0" yaku="1,1,7,1,53,1" doraHai="127" doraHaiUra="95" who="0" fromWho="1" sc="353,70,354,-60,333,0,0,0" /><INIT seed="4,2,0,0,5,62" ten="423,294,333,0" oya="0" hai0="119,42,75,110,64,118,122,77,55,134,45,32,35" hai1="114,46,1,37,87,92,120,127,128,94,129,70,54" hai2="95,91,133,69,82,135,38,80,74,59,61,3,107" hai3="" shuffle="mt19937ar,6B33EED4,326E3FAB,5BA47CA4,BEAE6F96,62E42B37,92E28204,64F5A65C,93079F4A"/><T99/><N who="0" m="31264" /><T43/><D134/><U63/><N who="1" m="30752" /><U88/><E1/><V112/><F3/><T48/><D110/><U124/><E114/><V97/><F38/><T116/><D64/><U81/><E70/><V56/><F107/><T0/><D0/><U109/><E109/><V34/><F34/><T36/><D43/><U60/><E63/><V44/><F112/><T33/><D99/><U113/><E113/><V125/><F69/><T68/><D68/><U93/><E60/><V105/><F59/><T72/><REACH who="0" step="1"/><D77/><REACH who="0" step="2"/><U52/><E54/><V90/><F97/><T73/><D73/><U102/><E102/><V66/><F74/><T131/><D131/><N who="1" m="50251" /><E52/><V39/><F135/><T47/><AGARI ba="2,1" hai="32,33,35,36,42,45,47,48,55,72,75,116,118,119" m="31264" machi="47" ten="40,12000,2" yaku="1,1,0,1,52,1,53,3" doraHai="62" doraHaiUra="115" who="0" fromWho="0" sc="413,134,294,-62,333,-62,0,0" /><INIT seed="4,3,0,3,0,118" ten="547,232,271,0" oya="0" hai0="47,134,62,113,126,94,69,87,114,61,70,37,79" hai1="135,41,52,60,48,65,64,112,74,103,106,73,33" hai2="1,56,102,122,53,63,108,44,77,116,110,43,97" hai3="" shuffle="mt19937ar,EFE2C30B,0C34A47C,CA16C678,F33C9AFB,FBE67E77,2D025543,AE264616,D05F331F"/><T82/><D126/><U86/><E33/><V124/><N who="2" m="31264" /><V36/><F1/><T130/><D130/><U95/><E135/><V92/><F124/><T3/><D3/><U111/><E111/><V128/><F128/><T76/><D134/><U98/><E41/><V38/><F116/><T100/><D47/><U117/><E117/><V46/><REACH who="2" step="1"/><F77/><REACH who="2" step="2"/><T0/><D0/><U2/><E2/><V85/><F85/><T78/><D78/><U99/><E86/><V49/><F49/><T109/><D87/><U35/><E35/><V59/><F59/><T119/><D119/><U127/><E127/><V105/><F105/><T81/><D79/><U107/><E107/><V66/><F66/><T84/><D76/><U115/><E65/><V101/><F101/><T51/><D100/><U121/><N who="1" m="31008" /><U80/><E80/><V93/><F93/><T39/><D94/><U123/><N who="1" m="31520" /><U129/><E129/><V104/><F104/><T34/><D84/><U40/><E64/><V71/><F71/><T132/><D82/><U57/><E112/><V32/><F32/><T75/><D34/><U133/><E133/><V68/><F68/><T45/><D132/><U55/><E115/><V54/><F54/><T58/><D114/><RYUUKYOKU ba="3,1" sc="547,-10,232,-10,261,20,0,0" hai2="36,38,43,44,46,53,56,63,92,97,102,108,110" /><INIT seed="5,4,1,3,0,62" ten="537,222,281,0" oya="1" hai0="76,79,110,111,89,93,94,49,0,114,54,37,63" hai1="128,134,85,48,42,51,133,73,61,69,90,65,80" hai2="72,38,122,36,64,41,55,119,117,124,77,53,109" hai3="" shuffle="mt19937ar,69BF704D,F79DA0CB,2DB8F6D3,BA147959,9A0CC071,96BAB82D,2F84E399,D3A65E08"/><U3/><E3/><V132/><N who="2" m="31264" /><V71/><F77/><T102/><D37/><U131/><E73/><V46/><F72/><T67/><D0/><U50/><REACH who="1" step="1"/><E42/><REACH who="1" step="2"/><V95/><F119/><T126/><D111/><U47/><E47/><V66/><F117/><T129/><D110/><U118/><E118/><V82/><F109/><T121/><N who="0" m="31008" /><T35/><D35/><U2/><E2/><V40/><F46/><T59/><D129/><AGARI ba="4,2" hai="48,50,51,61,65,69,80,85,90,128,129,131,133,134" machi="129" ten="40,7700,0" yaku="1,1,19,1,52,1,53,0" doraHai="62" doraHaiUra="34" who="1" fromWho="0" sc="537,-85,212,105,281,0,0,0" /><INIT seed="5,5,0,3,4,114" ten="452,317,281,0" oya="1" hai0="116,62,77,54,122,89,107,59,124,35,39,129,125" hai1="95,88,50,108,57,128,120,97,63,121,78,48,53" hai2="84,132,0,75,91,117,87,42,103,41,118,123,68" hai3="" shuffle="mt19937ar,04FE9443,40D48475,A430597B,12588228,583A0292,D5BA5215,5E5DEFED,449C0BA1"/><U37/><N who="1" m="30752" /><U113/><N who="1" m="31008" /><U33/><E33/><V71/><N who="2" m="31520" /><V134/><F91/><T127/><N who="0" m="31264" /><T85/><D35/><U79/><E37/><V131/><F103/><T67/><D107/><U52/><E113/><V61/><F61/><T69/><D129/><U55/><E128/><V44/><F131/><T73/><D39/><U102/><E108/><V81/><F81/><T104/><D104/><U92/><E48/><V80/><F80/><T76/><D73/><U82/><E82/><V3/><F44/><T38/><D116/><U112/><E112/><V90/><F90/><T32/><D32/><U101/><E101/><V94/><F94/><T105/><D105/><U70/><E70/><V106/><F106/><T109/><D38/><U2/><E2/><V93/><F93/><T64/><D109/><U43/><E43/><V115/><F115/><T66/><D69/><U86/><E50/><V51/><F51/><T83/><AGARI ba="5,0" hai="54,59,62,64,66,67,76,77,83,85,89,124,125,127" m="31264" machi="83" ten="40,3900,0" yaku="0,1,18,1,52,1" doraHai="114" who="0" fromWho="0" sc="452,49,317,-31,281,-18,0,0" /><INIT seed="6,0,0,4,4,108" ten="501,286,263,0" oya="2" hai0="57,34,95,79,48,85,83,126,122,115,73,2,121" hai1="103,129,77,94,124,58,45,53,43,92,54,117,114" hai2="33,106,59,41,56,81,46,42,52,63,84,80,1" hai3="" shuffle="mt19937ar,3859A619,AC60E8E4,5C50B4FA,B4A81684,AE4A31C5,D6F03EE9,1E065842,0ABC5C12"/><V109/><F33/><T74/><N who="0" m="31008" /><T91/><N who="0" m="31264" /><T123/><N who="0" m="31520" /><T100/><D2/><U116/><E124/><V72/><F1/><T76/><D115/><U90/><E114/><V47/><F106/><T97/><D126/><U62/><E129/><V133/><F109/><T69/><D69/><U36/><E77/><V107/><F107/><T119/><D119/><N who="1" m="45643" /><E103/><V68/><F68/><T101/><D34/><U113/><E113/><V89/><F133/><T118/><D118/><U99/><E94/><V37/><F59/><T44/><D57/><U35/><E35/><V128/><F128/><T65/><D65/><AGARI ba="0,0" hai="36,43,45,53,54,58,62,65,90,92,99" m="45643" machi="65" ten="30,1000,0" yaku="12,1" doraHai="108" who="1" fromWho="0" sc="501,-10,286,10,263,0,0,0" owari="491,44,296,-10,263,-34,0,0" /></mjloggm>