<mjloggm ver="2.3"><GO type="225"/><UN n0="%E3%83%81%E3%83%A3%E3%82%AA%E3%83%AA" n1="%E5%88%BB%E5%AD%90%E5%B8%82%E6%B0%91" n2="%E2%98%85%E3%83%A6%E3%83%94%E3%83%86%E3%83%AB%E2%98%85" n3="%E3%83%9B%E3%83%A2%E3%83%8F%E3%83%A0" dan="17,17,17,16" rate="2101,2097,2083,2081" sx="M,M,M,M"/><TAIKYOKU oya="0"/><INIT seed="0,0,0,1,4,64" ten="250,250,250,250" oya="0" hai0="15,108,91,2,65,109,90,115,103,129,100,33,117" hai1="3,119,50,38,98,81,45,60,35,102,4,84,39" hai2="14,134,57,130,124,32,82,20,131,37,66,72,27" hai3="74,34,125,9,135,78,113,55,107,118,79,99,121" shuffle="mt19937ar,937AF7C2,F29ABA1A,93CCE1D4,FE8CDC05,EE4B4DE1,E8DE4FF3,F2CDD2A8,DD8ADA38"/><T75/><D2/><U13/><E35/><V69/><F37/><W58/><G113/><T132/><D33/><U114/><E3/><V56/><F32/><W110/><G118/><T0/><D0/><U47/><E47/><V70/><F14/><W29/><G110/><N who="0" m="42603" /><D115/><U28/><E28/><V80/><F124/><W26/><G121/><T94/><D117/><U48/><E48/><V12/><F12/><W92/><G135/><T22/><D132/><U105/><E114/><V1/><F1/><W40/><G125/><T18/><D129/><N who="2" m="49162" /><F134/><W97/><G9/><T43/><D75/><U31/><E31/><N who="2" m="17895" /><F72/><W19/><G40/><T61/><D43/><U133/><E133/><V21/><F21/><W104/><G19/><T89/><D94/><U24/><E24/><V44/><F44/><W116/><G74/><T25/><D25/><U67/><E119/><V86/><F66/><W95/><G116/><T16/><D18/><U51/><E13/><V36/><F36/><W122/><G122/><T123/><D123/><U112/><E112/><V73/><F73/><W63/><G104/><T106/><D106/><U62/><E4/><V96/><F96/><W87/><G107/><T11/><D22/><U68/><E38/><V128/><F128/><W10/><G10/><T77/><D77/><U23/><E23/><V88/><F82/><N who="3" m="47575" /><G79/><T42/><D42/><U120/><E120/><V7/><F7/><W8/><G8/><T76/><D76/><N who="1" m="46119" /><E39/><V127/><F127/><W5/><G5/><T93/><D93/><N who="3" m="35913" /><G99/><T53/><D65/><N who="1" m="40999" /><E45/><V17/><F17/><W46/><G97/><RYUUKYOKU ba="0,0" sc="250,0,250,0,250,0,250,0" hai0="11,15,16,53,61,89,90,91,100,103" hai1="50,51,62,67,98,102,105" hai2="56,57,69,70,80,86,88" hai3="26,29,34,46,55,58,63" /><INIT seed="0,1,0,0,1,119" ten="250,250,250,250" oya="0" hai0="3,116,67,44,98,78,22,94,17,33,42,55,18" hai1="8,118,21,53,108,74,5,43,28,100,133,131,99" hai2="6,54,97,121,127,51,104,125,114,68,106,80,41" hai3="32,10,23,73,35,27,38,37,115,93,120,92,59" shuffle="mt19937ar,DBB21134,09DDE26F,506C9E17,094FCB4F,2F6728E4,D2D1BD59,ED851DF4,08A2C956"/><T135/><D33/><U7/><E74/><V36/><F114/><W4/><G73/><T134/><D3/><U112/><E118/><V39/><F68/><W56/><G115/><T34/><D34/><U85/><E43/><V130/><F6/><W109/><G109/><T81/><D67/><U26/><E108/><V58/><F130/><W87/><G87/><N who="0" m="48567" /><D116/><U124/><E112/><V13/><F121/><W29/><G120/><T66/><D66/><U77/><E131/><V107/><F13/><W110/><G110/><T117/><D117/><U122/><E122/><V75/><F97/><W50/><G38/><T69/><D69/><U12/><E124/><N who="2" m="47691" /><F41/><W82/><G37/><N who="2" m="14409" /><F80/><W83/><G82/><T15/><D42/><U52/><E5/><V111/><F75/><W132/><G83/><T40/><D40/><U129/><E129/><V128/><F128/><W2/><G32/><T24/><D135/><U16/><E133/><V47/><F111/><W46/><G132/><T126/><D126/><U14/><E77/><V57/><AGARI ba="1,0" hai="47,51,54,57,58,104,106,107" m="14409,47691" machi="57" ten="40,1500,0" yaku="18,1" doraHai="119" who="2" fromWho="2" sc="250,-8,250,-5,250,18,250,-5" /><INIT seed="1,0,0,2,2,106" ten="242,245,268,245" oya="1" hai0="90,82,12,107,124,73,74,94,119,133,26,132,37" hai1="95,53,101,103,93,14,134,25,86,20,36,27,17" hai2="88,70,113,43,126,130,54,11,7,77,34,15,38" hai3="91,8,23,32,52,19,16,47,22,60,31,9,58" shuffle="mt19937ar,5517F2FD,429A4103,E99FB07F,CEE48C7B,8E9B8109,C7829AB1,388B80D2,83ED617F"/><U44/><E134/><N who="0" m="51817" /><D37/><U56/><E44/><V3/><F70/><W110/><G110/><T115/><D26/><N who="1" m="9739" /><E36/><V121/><F126/><W10/><G32/><T71/><D71/><U18/><E18/><N who="3" m="6698" /><G31/><T41/><D41/><U100/><E86/><V118/><F130/><W81/><G47/><T122/><D124/><U51/><AGARI ba="0,0" hai="14,17,20,51,53,56,93,95,100,101,103" m="9739" machi="51" ten="30,1500,0" yaku="8,1" doraHai="106" who="1" fromWho="1" sc="242,-5,245,15,268,-5,245,-5" /><INIT seed="1,1,0,0,5,8" ten="237,260,263,240" oya="1" hai0="130,118,4,132,109,61,55,60,103,21,37,126,114" hai1="135,1,41,2,26,3,14,70,78,17,5,40,86" hai2="65,102,66,87,96,92,48,115,35,42,119,44,84" hai3="90,93,32,33,111,120,27,53,46,39,131,79,36" shuffle="mt19937ar,203974D6,DCCD6D86,1C140682,C92D1A20,6316E49F,F4DBD837,75595F4E,D32A23C4"/><U49/><E70/><V45/><F35/><W28/><G120/><T113/><D37/><U127/><E26/><V117/><F115/><W23/><G131/><T134/><D103/><U95/><E127/><V71/><F44/><W62/><G111/><T116/><D4/><U128/><E128/><V24/><F24/><W58/><G79/><T85/><D85/><U12/><E135/><N who="0" m="51753" /><D130/><U77/><E5/><V10/><F10/><W52/><G39/><T121/><D21/><U73/><E73/><V124/><F124/><W31/><G31/><T67/><D126/><U64/><E64/><V59/><F71/><W101/><G101/><T125/><D125/><U16/><E95/><V106/><F106/><W13/><G36/><T34/><D34/><U43/><E49/><V68/><F68/><W91/><G93/><T29/><D29/><U50/><E50/><V25/><F25/><W76/><G76/><N who="1" m="29290" /><E86/><V72/><F72/><W54/><G46/><T30/><D30/><U94/><E94/><V107/><F84/><W22/><G33/><T74/><D74/><U110/><E110/><V15/><F66/><N who="3" m="39255" /><G32/><T75/><D75/><U47/><E47/><V133/><F133/><W63/><G63/><N who="0" m="24139" /><D67/><U69/><E69/><V0/><F65/><W129/><G129/><T122/><D109/><U57/><E57/><V108/><F59/><W98/><G98/><T20/><D55/><U99/><E99/><V97/><F96/><W89/><G54/><T88/><D20/><U18/><AGARI ba="1,0" hai="1,2,3,12,14,16,17,18,40,41,43" m="29290" machi="18" ten="40,18000,2" yaku="29,2,28,2,52,2,54,1" doraHai="8" who="1" fromWho="1" sc="237,-61,260,183,263,-61,240,-61" /><INIT seed="1,2,0,4,3,39" ten="176,443,202,179" oya="1" hai0="54,115,48,26,110,85,47,74,69,11,9,126,21" hai1="16,127,70,12,131,129,38,7,87,67,72,130,30" hai2="119,42,40,35,0,125,20,10,83,43,88,2,34" hai3="100,105,73,18,90,56,104,13,15,46,111,92,134" shuffle="mt19937ar,7B436D13,135395C3,AB838BEB,BCE14D33,BB459884,5498DDD2,EA551FD0,55384398"/><U128/><E72/><V95/><F119/><W80/><G134/><T1/><D74/><U75/><E75/><V52/><F125/><W55/><G111/><T17/><D115/><U22/><E127/><V59/><F83/><W116/><G116/><T102/><D126/><U14/><E131/><V65/><F65/><W58/><G46/><T108/><D69/><U81/><E38/><V53/><F20/><W112/><G112/><T41/><D102/><U96/><E96/><V44/><F44/><W36/><G36/><T89/><D89/><U68/><E30/><V78/><F78/><N who="3" m="44111" /><G55/><T99/><D99/><U24/><E7/><V76/><F76/><W25/><G105/><T97/><D97/><U107/><E107/><V51/><F53/><W6/><G6/><T50/><D85/><U120/><E120/><V5/><REACH who="2" step="1"/><F0/><REACH who="2" step="2"/><W113/><G113/><T28/><D1/><U77/><E67/><V64/><F64/><W135/><G135/><T82/><D82/><U93/><E81/><V19/><F19/><W114/><G18/><T121/><D121/><U23/><E77/><V84/><AGARI ba="2,1" hai="2,5,10,34,35,40,42,43,51,52,59,84,88,95" machi="84" ten="30,12000,2" yaku="1,1,0,1,52,3,54,2,53,0" doraHai="39" doraHaiUra="60" who="2" fromWho="2" sc="176,-32,443,-62,192,136,179,-32" /><INIT seed="2,0,0,4,3,49" ten="144,381,328,147" oya="2" hai0="32,60,12,7,58,30,132,3,100,101,57,6,89" hai1="77,90,22,120,13,2,47,76,133,64,82,109,51" hai2="50,14,5,35,79,31,83,97,36,9,134,131,42" hai3="0,88,41,125,102,78,34,94,129,127,24,114,81" shuffle="mt19937ar,7BD86C2C,204723A1,A0332A76,1113424F,34D6CF87,D7435965,6360A44E,3B1D1FC0"/><V73/><F131/><W38/><G0/><T128/><D3/><U130/><E2/><V69/><F134/><W53/><G129/><T26/><D128/><U75/><E130/><V8/><F69/><W1/><G1/><T23/><D132/><U52/><E133/><V87/><F36/><W68/><G68/><T33/><D89/><U48/><E120/><V85/><F8/><W71/><G71/><T55/><D33/><U29/><E64/><V20/><F35/><W44/><G102/><N who="0" m="39531" /><D32/><U112/><E112/><V106/><F106/><W72/><G114/><T96/><D96/><U91/><E77/><V122/><F122/><W92/><G92/><T21/><D58/><U119/><E119/><V93/><F20/><W121/><G121/><T19/><AGARI ba="0,0" hai="6,7,12,19,21,23,26,30,55,57,60" m="39531" machi="19" ten="30,2000,0" yaku="8,1,52,1" doraHai="49" who="0" fromWho="0" sc="144,20,381,-5,328,-10,147,-5" /><INIT seed="3,0,0,1,3,41" ten="164,376,318,142" oya="3" hai0="69,19,33,27,86,31,58,70,128,24,102,5,39" hai1="51,7,73,84,3,114,64,134,87,75,108,55,120" hai2="107,106,93,115,14,117,35,79,29,113,74,40,34" hai3="8,20,13,2,9,78,28,71,123,109,130,30,12" shuffle="mt19937ar,202CB53D,36726029,9DCD32DC,37AA3A9D,98D38E35,614907FD,4A0D3BF5,A3466751"/><W88/><G71/><T53/><D102/><U37/><E37/><V48/><F117/><W91/><G130/><T112/><D5/><U103/><E114/><V67/><F67/><W16/><G109/><T4/><D4/><U118/><E108/><V95/><F14/><N who="3" m="9239" /><G2/><T127/><D128/><U6/><E64/><V45/><F79/><W54/><G78/><T76/><D39/><U96/><E103/><V110/><F74/><W59/><G123/><T111/><D111/><U23/><E120/><V11/><F11/><N who="3" m="4171" /><G13/><T125/><D112/><U97/><E3/><V22/><F110/><W18/><G18/><T124/><D76/><U61/><E7/><V38/><F115/><W105/><G105/><T44/><D44/><U80/><E6/><V68/><F68/><N who="0" m="26218" /><D86/><U17/><E134/><V98/><F107/><W126/><G126/><T82/><D82/><U49/><E118/><V83/><F83/><W63/><G12/><T26/><D19/><U0/><E80/><V119/><F119/><W15/><G15/><T122/><D122/><U43/><E0/><V129/><F129/><W90/><AGARI ba="0,0" hai="28,30,54,59,63,88,90,91" m="4171,9239" machi="90" ten="30,6000,0" yaku="8,1,54,2" doraHai="41" who="3" fromWho="3" sc="164,-20,376,-20,318,-20,142,60" /><INIT seed="3,1,0,2,5,46" ten="144,356,298,202" oya="3" hai0="39,103,108,118,37,25,87,15,11,44,75,125,1" hai1="90,48,60,98,115,111,113,40,71,59,105,43,133" hai2="114,85,76,67,124,89,20,42,23,53,9,88,82" hai3="117,17,128,33,69,34,51,31,94,129,116,50,91" shuffle="mt19937ar,546B79C7,58A8E9C7,5EE0FBBA,BC843DE6,43223DE3,39985E60,08D5FD09,1C4213C4"/><W79/><G69/><T55/><D75/><U57/><E105/><V131/><F114/><W30/><G79/><T64/><D1/><U24/><E71/><V35/><F35/><N who="3" m="13323" /><G94/><T4/><D64/><U13/><E13/><V68/><F124/><W7/><G17/><T109/><D118/><N who="3" m="45673" /><G91/><T81/><D125/><U80/><E90/><V122/><F131/><N who="3" m="50251" /><G7/><T95/><D25/><U134/><E24/><V110/><F68/><W107/><G107/><T96/><D55/><U77/><E77/><V47/><F53/><W26/><G26/><T66/><D66/><U2/><E98/><V58/><F67/><W38/><G38/><T63/><D63/><U29/><E60/><V101/><F89/><W62/><G62/><T130/><D130/><U52/><E52/><V99/><F88/><W3/><G3/><T49/><D39/><U132/><E2/><V65/><F99/><W54/><G54/><T123/><D37/><U45/><E115/><V86/><F76/><W74/><G74/><T126/><D126/><U83/><E113/><V32/><F65/><W6/><G6/><T100/><D100/><U27/><E27/><V21/><F101/><W92/><G92/><T10/><D103/><U41/><E41/><V16/><F42/><W97/><G97/><T121/><D96/><U72/><E40/><V119/><F16/><W0/><G0/><T104/><D95/><U36/><E72/><V73/><F73/><W135/><G135/><T61/><D104/><U112/><E133/><V12/><F119/><W70/><G31/><T28/><D28/><U120/><E134/><RYUUKYOKU ba="1,0" sc="144,0,356,0,298,0,202,0" owari="144,-26,356,36,298,5,202,-15" /></mjloggm>