<mjloggm ver="2.3"><GO type="225"/><UN n0="%4E%6F%2E%32" n1="%E2%98%85%E3%83%A6%E3%83%94%E3%83%86%E3%83%AB%E2%98%85" n2="%E3%83%80%E3%83%A0%E3%83%9E%E3%83%8B%E3%82%A2" n3="%E6%9C%80%E9%80%9F%E3%82%AF%E3%83%B3%E2%99%AA" dan="16,17,16,16" rate="2114,2083,2130,2076" sx="M,M,M,M"/><TAIKYOKU oya="0"/><INIT seed="0,0,0,1,0,37" ten="250,250,250,250" oya="0" hai0="17,66,109,65,11,49,87,110,123,36,125,71,60" hai1="24,35,16,14,94,57,6,40,107,92,9,120,88" hai2="97,48,13,8,1,58,68,99,115,72,10,105,41" hai3="28,74,15,91,76,63,20,18,117,4,73,98,128" shuffle="mt19937ar,7045FEE3,1377B51A,79C78643,5C612AAC,86C2E82A,2C2570E5,83E94F7E,1DBD8749"/><T45/><D123/><U67/><E107/><V50/><F72/><W51/><G117/><T61/><D125/><U47/><E120/><V52/><F68/><W5/><G128/><T129/><D129/><U32/><E94/><V53/><F105/><W56/><G74/><T113/><D113/><U23/><E57/><N who="2" m="32903" /><F1/><W21/><G51/><T132/><D132/><U7/><E67/><V108/><F115/><W135/><G135/><T93/><D36/><U27/><E27/><V54/><F108/><N who="0" m="41578" /><D93/><U34/><E6/><N who="2" m="3223" /><F10/><W95/><G73/><T100/><D100/><U124/><E124/><V103/><F103/><W2/><G2/><T89/><D89/><U44/><REACH who="1" step="1"/><E40/><REACH who="1" step="2"/><V85/><F41/><W118/><G95/><T119/><D66/><U131/><E131/><V111/><F111/><W19/><G118/><T69/><D119/><U26/><E26/><V38/><F38/><W86/><G56/><T55/><D65/><U59/><E59/><V112/><F112/><W30/><G4/><T12/><D87/><AGARI ba="0,1" hai="7,9,14,16,23,24,32,34,35,44,47,87,88,92" machi="87" ten="40,12000,2" yaku="1,1,54,2,53,3" doraHai="37" doraHaiUra="31" who="1" fromWho="0" sc="250,-120,240,130,250,0,250,0" /><INIT seed="1,0,0,2,4,21" ten="130,370,250,250" oya="1" hai0="123,81,86,104,64,127,103,30,95,0,91,28,120" hai1="100,118,80,12,121,31,110,106,22,32,132,8,124" hai2="1,130,102,37,89,122,107,101,133,96,79,131,98" hai3="111,135,69,105,62,94,11,97,26,66,74,44,70" shuffle="mt19937ar,DBFCC487,A4296543,A7855B34,A9179906,90E7668A,23BDA2E4,2FA96349,C50B08AF"/><U42/><E121/><V65/><F1/><W27/><G105/><T23/><D0/><U24/><E118/><V9/><F37/><W50/><G70/><T78/><D127/><U18/><E124/><V99/><F65/><W35/><G35/><T77/><D64/><U52/><E42/><V117/><F9/><W72/><G111/><T29/><D23/><U58/><E110/><V14/><F14/><W92/><G135/><T33/><D33/><U129/><E129/><N who="2" m="49163" /><F122/><W90/><G11/><T125/><D125/><U88/><E132/><V93/><F117/><W5/><G5/><T6/><D6/><U16/><E106/><N who="2" m="63783" /><F79/><W49/><G66/><T43/><D43/><U38/><E100/><V108/><F108/><W36/><G36/><T39/><D39/><U10/><E38/><V109/><F109/><W76/><G76/><T55/><D78/><U112/><E112/><V61/><F61/><W67/><G62/><T54/><D120/><U128/><E128/><V71/><F71/><W45/><G67/><T3/><D123/><U20/><E32/><V41/><F41/><W17/><G69/><T134/><D3/><U53/><E31/><V126/><F126/><W75/><G17/><T2/><D2/><U48/><E53/><N who="0" m="19977" /><D134/><AGARI ba="0,0" hai="89,93,98,99,102,107,133,134" m="63783,49163" machi="134" ten="30,3900,0" yaku="19,1,34,2" doraHai="21" who="2" fromWho="0" sc="130,-39,370,0,250,39,250,0" /><INIT seed="2,0,0,0,5,118" ten="91,370,289,250" oya="2" hai0="98,25,99,1,81,8,23,109,88,50,96,83,72" hai1="13,35,7,117,24,6,52,58,104,91,135,30,44" hai2="130,94,33,41,127,93,69,107,85,19,74,111,110" hai3="4,133,120,18,12,17,126,26,131,70,39,134,63" shuffle="mt19937ar,43867367,0886843C,BAA5955F,F6FE7BF3,FD7A4868,03EDED0C,7094B396,9ADBAB02"/><V125/><F69/><W124/><G39/><T101/><D109/><N who="2" m="41482" /><F33/><W29/><G63/><T121/><D121/><U100/><E117/><V46/><F74/><W115/><G70/><T20/><D101/><U56/><E135/><N who="3" m="51722" /><G120/><T45/><D72/><U89/><E100/><V128/><F107/><W21/><G115/><T2/><D23/><U11/><E104/><V47/><F19/><N who="3" m="7179" /><G131/><N who="2" m="50217" /><F85/><W64/><G64/><T73/><D73/><U95/><E7/><V54/><F54/><W77/><G77/><T82/><D8/><AGARI ba="0,0" hai="4,8,12,21,26,29,124,126" m="7179,51722" machi="8" ten="30,3900,0" yaku="20,1,34,2" doraHai="118" who="3" fromWho="0" sc="91,-39,370,0,289,0,250,39" /><INIT seed="3,0,0,2,0,54" ten="52,370,289,289" oya="3" hai0="23,100,11,47,67,77,44,28,86,52,104,5,91" hai1="29,112,4,36,126,0,57,6,51,17,8,129,53" hai2="88,127,24,3,128,15,90,26,85,43,79,97,123" hai3="76,2,93,102,68,42,32,115,84,81,71,72,106" shuffle="mt19937ar,77858E03,C8DFA523,F4E11FA1,67C2E5C1,F57FF040,126E6769,E7681E1B,C7E77C7F"/><W34/><G115/><T117/><D67/><U96/><E36/><V92/><F3/><W73/><G42/><T121/><D117/><U70/><E112/><V110/><F123/><W111/><G111/><T14/><D121/><U46/><E70/><N who="3" m="26666" /><G2/><T21/><D104/><U27/><E126/><V75/><F127/><W59/><G59/><T107/><D107/><U25/><E129/><V49/><F128/><W1/><G72/><T135/><D100/><U38/><E6/><V101/><F110/><W20/><G20/><T19/><D77/><U10/><E96/><V109/><F109/><W83/><G83/><T33/><D135/><U116/><E116/><V108/><F108/><W132/><G1/><T9/><D33/><U82/><E82/><N who="2" m="47327" /><F75/><W40/><G40/><T103/><D103/><U78/><E78/><V130/><F130/><W58/><G58/><T65/><D65/><U13/><E29/><V98/><F15/><W134/><G106/><T95/><D28/><U7/><E7/><V50/><F50/><W37/><G37/><T63/><D11/><U39/><E38/><V45/><F101/><W114/><G114/><T105/><D105/><U12/><E0/><V35/><F35/><N who="3" m="13355" /><G102/><T41/><D41/><N who="1" m="25039" /><E39/><V16/><F16/><W22/><G22/><T55/><D21/><U87/><E87/><V125/><F125/><W99/><G84/><T119/><D119/><U66/><E66/><V48/><F48/><AGARI ba="0,0" hai="4,8,10,12,13,17,25,27,48,53,57" m="25039" machi="48" ten="30,2000,0" yaku="8,1,52,1" doraHai="54" who="1" fromWho="2" sc="52,0,370,20,289,-20,289,0" owari="52,-35,390,39,269,-8,289,4" /></mjloggm>