<mjloggm ver="2.3"><GO type="225"/><UN n0="%E3%81%BF%E3%81%A3%E3%81%A4%E3%81%83%EF%BD%9E" n1="%E3%81%AB%E3%81%9B%E6%82%9F%E7%A9%BA" n2="%E3%81%B5%E3%82%8B%E3%81%AD%E3%81%93%40%E4%BD%95%E5%88%87%E3%82%8B" n3="%E3%82%AF%E3%83%AB%E3%83%AB%E2%98%86" dan="17,16,16,16" rate="2145,2006,2046,2042" sx="F,M,M,F"/><TAIKYOKU oya="0"/><INIT seed="0,0,0,0,0,85" ten="250,250,250,250" oya="0" hai0="0,14,63,98,64,38,9,75,31,101,122,16,62" hai1="59,55,33,19,119,95,3,110,87,126,10,116,15" hai2="1,49,43,133,105,121,56,42,103,129,20,91,131" hai3="80,29,86,132,134,12,88,65,113,99,94,8,36" shuffle="mt19937ar,EC043026,D5D76A7E,1AF9B594,1D5DEBA7,5566BD64,5122FFCE,4B461F91,D361894C"/><T18/><D38/><U111/><E33/><V41/><F1/><W51/><G36/><T48/><D75/><U90/><E3/><V44/><F121/><W46/><G113/><T25/><D0/><U58/><E126/><V40/><F133/><N who="3" m="51307" /><G29/><T130/><D122/><U83/><E58/><V61/><F20/><W112/><G65/><T92/><D130/><N who="2" m="49674" /><F103/><W13/><G8/><T27/><D48/><N who="1" m="31207" /><E83/><V97/><F105/><W104/><G104/><T73/><D73/><U30/><E30/><V2/><F2/><W7/><G7/><T77/><D77/><U124/><E124/><V66/><F97/><W125/><G112/><T53/><D31/><U6/><E6/><V60/><F60/><W78/><G125/><T70/><D63/><U109/><AGARI ba="0,0" hai="10,15,19,87,90,95,109,110,111,116,119" m="31207" machi="109" ten="30,2000,0" yaku="14,1,52,1" doraHai="85" who="1" fromWho="1" sc="250,-10,250,20,250,-5,250,-5" /><INIT seed="1,0,0,4,0,103" ten="240,270,245,245" oya="1" hai0="95,131,1,68,24,12,32,69,87,20,92,26,65" hai1="15,57,0,124,11,59,98,125,16,119,100,60,82" hai2="118,29,37,70,86,48,96,80,102,51,75,120,117" hai3="44,114,115,18,122,94,40,39,91,77,14,10,110" shuffle="mt19937ar,7834F217,C51279B6,2A4D2A1C,D4600D98,AF195911,A659D344,2822933D,0F9E8FAD"/><U116/><E0/><V50/><F75/><W17/><G122/><T31/><D1/><U35/><E35/><V21/><F37/><W25/><G110/><T63/><D131/><U66/><E82/><V90/><F70/><W107/><G77/><T89/><D12/><U3/><E3/><V79/><F120/><W33/><G107/><T134/><D134/><U99/><E99/><V74/><F29/><W88/><G91/><T46/><D46/><U113/><E113/><V128/><F128/><W105/><G105/><T7/><D7/><U123/><E59/><V64/><F64/><W111/><G111/><T34/><D69/><U127/><E123/><V45/><F21/><W83/><G83/><T93/><REACH who="0" step="1"/><D34/><REACH who="0" step="2"/><U61/><REACH who="1" step="1"/><E60/><REACH who="1" step="2"/><V85/><F117/><W104/><G33/><T19/><AGARI ba="0,2" hai="19,20,24,26,31,32,63,65,68,87,89,92,93,95" machi="19" ten="20,5200,0" yaku="1,1,2,1,0,1,7,1,53,0" doraHai="103" doraHaiUra="52" who="0" fromWho="0" sc="230,72,260,-26,245,-13,245,-13" /><INIT seed="2,0,0,0,4,12" ten="302,234,232,232" oya="2" hai0="85,16,118,103,57,91,80,38,58,135,19,132,125" hai1="51,13,82,15,40,75,99,33,129,93,131,5,55" hai2="29,97,54,120,1,95,76,44,84,111,127,109,87" hai3="14,7,0,88,64,98,106,39,27,4,79,49,23" shuffle="mt19937ar,2C54DCFE,79BDC711,012FAEB8,BB8A5FBC,CD497976,E5E27892,ECF9B289,2959CC42"/><V3/><F120/><W68/><G39/><T119/><D38/><U105/><E33/><V78/><F29/><W31/><G0/><T83/><D103/><U77/><E105/><V72/><F127/><W134/><G79/><N who="2" m="30249" /><F72/><W92/><G134/><N who="0" m="51243" /><D125/><U20/><E40/><V21/><F3/><W71/><G106/><T108/><D108/><N who="2" m="41546" /><F1/><W70/><G64/><T115/><D115/><U6/><E15/><V104/><F104/><W43/><REACH who="3" step="1"/><G14/><REACH who="3" step="2"/><T37/><D37/><U32/><E6/><V25/><F54/><W53/><G53/><T36/><D36/><U61/><E5/><V86/><F44/><AGARI ba="0,1" hai="4,7,23,27,31,43,44,49,68,70,71,88,92,98" machi="44" ten="40,5200,0" yaku="1,1,54,1,53,1" doraHai="12" doraHaiUra="41" who="3" fromWho="2" sc="302,0,234,0,232,-52,222,62" /><INIT seed="3,0,0,3,5,84" ten="302,234,180,284" oya="3" hai0="33,16,9,92,43,134,128,52,78,98,60,49,8" hai1="23,110,20,63,59,64,37,113,24,46,106,68,29" hai2="4,117,123,34,77,79,118,2,69,40,125,130,94" hai3="75,0,6,121,124,62,58,42,91,90,85,129,108" shuffle="mt19937ar,F002A1E6,36FD977C,EAD3D631,BEDA6754,5A8466EF,05095EEE,120792A1,47B31111"/><W122/><G75/><T95/><D33/><U101/><E113/><V1/><F69/><W86/><G42/><T54/><D128/><U39/><E110/><V81/><F34/><W102/><G102/><N who="0" m="60743" /><D134/><U67/><E67/><V100/><F130/><W10/><G129/><T17/><D78/><U13/><E46/><V11/><F1/><W44/><G44/><N who="0" m="25759" /><D95/><U30/><E68/><V18/><F123/><W119/><G119/><T12/><D60/><U36/><E101/><V89/><F100/><W74/><G74/><T45/><D45/><U26/><E13/><AGARI ba="0,0" hai="8,9,12,13,16,17,52,54" m="25759,60743" machi="13" ten="30,3900,0" yaku="8,1,54,2" doraHai="84" who="0" fromWho="1" sc="302,39,234,-39,180,0,284,0" owari="341,34,195,-15,180,-22,284,3" /></mjloggm>