<mjloggm ver="2.3"><GO type="225"/><UN n0="%E3%83%81%E3%83%A3%E3%82%AA%E3%83%AA" n1="%E6%B7%B1%E5%A4%9C%E3%81%AE%E5%AE%B4" n2="%E4%B8%80%E6%96%B9%E9%80%9A%E8%A1%8C" n3="%E6%A1%9C%E8%8A%B1%E9%96%83%E3%80%85" dan="17,16,16,16" rate="2093,2059,2059,2066" sx="M,M,M,M"/><TAIKYOKU oya="0"/><INIT seed="0,0,0,2,0,41" ten="250,250,250,250" oya="0" hai0="9,110,0,38,16,96,29,74,119,65,55,4,95" hai1="34,39,31,103,26,69,105,109,17,97,77,63,115" hai2="100,84,129,85,75,22,116,68,126,72,99,80,101" hai3="82,18,81,59,33,90,94,32,76,88,118,66,44" shuffle="mt19937ar,ED465670,CCDD652B,4BBC2A3C,5B8506EB,0BDD053C,E08FEB90,B6CE170C,2049EE29"/><T73/><D119/><U36/><E17/><V7/><F68/><W49/><G118/><T14/><D65/><N who="1" m="41151" /><E109/><V54/><F116/><W46/><G18/><T24/><D38/><N who="1" m="14379" /><E77/><V125/><F54/><W52/><G33/><T83/><D83/><N who="3" m="31753" /><G32/><T11/><D55/><U61/><E61/><V91/><F7/><W6/><G6/><T42/><D42/><U127/><E127/><V123/><F22/><W10/><G76/><T1/><D1/><U107/><E107/><V8/><F8/><W117/><G117/><T25/><D110/><U5/><E5/><V21/><F21/><W64/><G10/><T135/><D73/><U27/><E27/><V122/><F80/><W19/><G19/><T92/><D74/><U89/><E89/><N who="3" m="34410" /><G94/><T93/><D93/><U114/><AGARI ba="0,0" hai="26,31,34,97,103,105,114,115" m="14379,41151" machi="114" ten="30,2000,0" yaku="25,1,23,1" doraHai="41" who="1" fromWho="1" sc="250,-10,250,20,250,-5,250,-5" /><INIT seed="1,0,0,0,0,116" ten="240,270,245,245" oya="1" hai0="112,97,23,5,94,79,63,60,40,71,134,37,25" hai1="104,117,22,129,46,77,83,35,59,107,65,62,75" hai2="103,2,111,13,8,109,105,16,15,123,3,68,69" hai3="74,10,67,17,41,21,38,44,127,86,58,43,48" shuffle="mt19937ar,2644DFC4,27F4D682,EA7AC04A,83C6D741,53588D9A,834D5566,F3FFF589,29ACEE85"/><U34/><E117/><V98/><F13/><W27/><G74/><T89/><D112/><U80/><E129/><V20/><F20/><W39/><G127/><T4/><D79/><U33/><E83/><V101/><F101/><W126/><G126/><T18/><D134/><U26/><REACH who="1" step="1"/><E46/><REACH who="1" step="2"/><V24/><F111/><W73/><G44/><T28/><D71/><U91/><E91/><V51/><F109/><W93/><G58/><T52/><D89/><U115/><E115/><V82/><F69/><W78/><G78/><T55/><D37/><U76/><E76/><V125/><F82/><W96/><G39/><T54/><D63/><U45/><E45/><V132/><F68/><W29/><G38/><T92/><D60/><U102/><E102/><V85/><F103/><W31/><G48/><T81/><D81/><U122/><E122/><V14/><F51/><W30/><G93/><T99/><D94/><U121/><E121/><V32/><F125/><W66/><G43/><T88/><D40/><U110/><E110/><V84/><F105/><W42/><G41/><T124/><D124/><U128/><E128/><V131/><F123/><W49/><G42/><T61/><D61/><U19/><AGARI ba="0,1" hai="19,22,26,33,34,35,59,62,65,75,77,80,104,107" machi="19" ten="30,3000,0" yaku="1,1,0,1,53,0" doraHai="116" doraHaiUra="133" who="1" fromWho="1" sc="240,-10,260,40,245,-10,245,-10" /><INIT seed="1,1,0,4,2,48" ten="230,300,235,235" oya="1" hai0="50,14,73,74,117,126,134,33,133,12,59,76,39" hai1="10,63,49,56,108,44,9,29,57,130,109,100,131" hai2="99,66,36,78,86,53,121,87,47,102,82,96,27" hai3="31,127,116,114,15,11,115,69,2,119,7,4,45" shuffle="mt19937ar,F4DD4A88,FB8DED3C,06D83075,4DA9B3FF,C7CF9619,33DCB771,B713943C,F1500317"/><U93/><E29/><V77/><F121/><W52/><G69/><T101/><D117/><N who="3" m="45129" /><G127/><T124/><D33/><U92/><E49/><N who="2" m="28863" /><F36/><W23/><G7/><T110/><D101/><U24/><E24/><V95/><F66/><W51/><G31/><T68/><D68/><U89/><E100/><V35/><F35/><W122/><G122/><T80/><D39/><U70/><E44/><V43/><F43/><W20/><G2/><T84/><D110/><N who="1" m="42603" /><E70/><V75/><F75/><N who="0" m="28682" /><D50/><U62/><E93/><N who="2" m="58639" /><F27/><W13/><G13/><N who="0" m="5227" /><D59/><N who="1" m="22603" /><E89/><N who="2" m="55791" /><F87/><W58/><G45/><T1/><D1/><U6/><E92/><V132/><F132/><AGARI ba="1,0" hai="76,80,84,124,126,132,133,134" m="5227,28682" machi="132" ten="40,1300,0" yaku="20,1" doraHai="48" who="0" fromWho="2" sc="230,16,300,0,235,-16,235,0" /><INIT seed="2,0,0,5,0,106" ten="246,300,219,235" oya="2" hai0="2,120,77,108,118,85,73,52,78,45,36,31,46" hai1="56,94,125,119,37,83,57,81,80,29,117,21,61" hai2="3,11,129,65,60,30,12,102,126,9,134,84,124" hai3="91,101,67,6,7,0,110,5,42,26,122,55,127" shuffle="mt19937ar,C4B9B4ED,54B9F681,E2240589,20B48DD6,D12533AC,B5D3599D,D2E630AD,0CAE7357"/><V18/><F102/><W92/><G122/><T62/><D120/><U71/><E37/><V131/><F84/><W10/><G42/><T79/><D2/><U87/><E125/><N who="2" m="48235" /><F30/><W97/><G127/><T107/><D107/><U121/><E121/><V41/><F41/><W54/><G110/><T113/><D113/><U69/><E94/><V8/><F3/><W128/><G128/><N who="2" m="49225" /><F134/><W17/><G0/><T66/><D31/><U103/><E103/><V33/><F33/><W86/><G101/><T63/><D108/><U48/><E87/><V75/><F75/><W44/><G86/><T95/><D73/><U43/><E83/><V25/><F25/><W98/><G26/><T130/><D130/><U51/><E29/><V109/><F109/><W135/><G135/><T20/><D85/><U112/><E43/><V58/><AGARI ba="0,0" hai="8,9,11,12,18,58,60,65" m="49225,48235" machi="58" ten="30,3000,0" yaku="18,1,19,1" doraHai="106" who="2" fromWho="2" sc="246,-10,300,-10,219,30,235,-10" /><INIT seed="2,1,0,2,2,2" ten="236,290,249,225" oya="2" hai0="93,102,24,132,117,12,14,9,34,82,27,112,67" hai1="46,108,107,127,39,3,64,120,28,78,77,86,94" hai2="73,21,45,17,11,43,7,124,97,58,70,37,36" hai3="79,109,91,76,128,48,106,32,75,52,100,18,131" shuffle="mt19937ar,B146B365,66B04962,0916D5E3,1A27A568,6D37A668,CFD5D550,015E896B,85D9A873"/><V104/><F70/><W47/><G32/><T61/><D112/><U38/><E107/><V71/><F71/><W84/><G109/><T135/><D82/><U56/><E108/><V30/><F124/><W111/><G111/><T118/><D102/><U20/><E3/><V133/><F133/><N who="0" m="51274" /><D93/><U15/><E127/><V116/><F73/><W26/><G75/><T81/><D81/><U59/><E120/><V119/><F37/><W53/><G53/><T57/><D12/><U25/><E15/><V5/><F58/><W35/><G100/><T68/><D68/><U23/><E94/><V74/><F74/><W99/><G99/><T16/><D34/><U96/><E96/><V92/><F104/><W44/><G106/><T110/><D110/><U114/><E114/><V80/><F80/><N who="3" m="49543" /><G47/><T55/><D55/><U88/><E46/><V90/><F116/><AGARI ba="1,0" hai="9,14,16,24,27,57,61,67,116,117,118" m="51274" machi="116" ten="30,3900,0" yaku="12,1,20,1,54,1" doraHai="2" who="0" fromWho="2" sc="236,42,290,0,249,-42,225,0" /><INIT seed="3,0,0,2,0,51" ten="278,290,207,225" oya="3" hai0="63,46,24,11,35,114,1,33,112,75,8,60,74" hai1="49,122,93,111,134,3,128,104,31,15,90,76,45" hai2="10,116,21,115,32,69,6,26,125,109,47,36,100" hai3="79,12,96,54,107,123,4,42,39,113,87,55,94" shuffle="mt19937ar,F09F1F29,6C3B303B,A559414A,BA018A62,6CE10F5D,7B8A46BE,ACF3A9DF,468A80F2"/><W121/><G113/><N who="0" m="43627" /><D46/><U37/><E3/><V135/><F69/><W17/><G107/><T57/><D24/><U18/><E122/><V61/><F116/><W77/><G4/><N who="0" m="1039" /><D11/><U98/><E104/><V7/><F115/><W52/><G39/><T2/><D2/><U16/><E37/><V68/><F32/><N who="0" m="12362" /><D63/><U50/><E31/><V103/><F61/><W84/><G42/><T29/><D29/><U97/><E76/><N who="3" m="29258" /><G121/><T20/><D20/><U43/><E18/><V119/><F21/><N who="3" m="11431" /><G123/><T81/><D81/><U120/><E120/><V44/><F10/><W34/><G34/><T92/><D92/><U70/><E93/><V9/><F9/><W53/><G53/><AGARI ba="0,0" hai="53,57,60,74,75" m="12362,1039,43627" machi="53" ten="30,2000,0" yaku="11,1,52,1" doraHai="51" who="0" fromWho="3" sc="278,20,290,0,207,0,225,-20" /><INIT seed="4,0,0,2,2,4" ten="298,290,207,205" oya="0" hai0="115,104,65,108,103,72,92,10,44,73,48,130,14" hai1="112,98,53,18,54,55,36,30,39,82,126,87,68" hai2="135,117,95,50,31,69,83,13,41,21,101,91,84" hai3="33,116,78,128,81,49,35,110,67,129,99,28,58" shuffle="mt19937ar,3D492D51,A560E47D,82422C07,9FEA8C64,D32D34C1,A9E77A13,8C3DA717,2F184E66"/><T80/><D104/><U121/><E121/><V1/><F69/><W114/><G110/><T3/><D3/><U7/><E68/><V2/><F135/><W113/><G116/><T133/><D65/><U11/><E30/><V134/><F134/><W25/><G35/><T27/><D27/><U0/><E126/><V105/><F105/><W124/><G124/><T63/><D63/><U109/><E109/><V89/><F117/><W26/><G26/><T64/><D64/><U46/><E46/><N who="2" m="25935" /><F2/><W107/><G99/><N who="0" m="59879" /><D133/><U45/><E45/><V77/><F1/><W88/><G107/><T60/><D60/><U40/><E40/><V86/><F31/><W29/><G29/><T8/><D80/><U42/><E42/><V66/><F66/><W22/><G33/><T102/><D102/><U6/><E6/><V119/><F119/><W19/><G19/><N who="0" m="8647" /><D10/><U120/><E120/><V38/><F38/><W62/><G49/><T97/><D97/><U127/><E127/><V123/><F123/><W52/><G67/><T16/><D16/><U106/><E18/><N who="2" m="10447" /><F86/><N who="3" m="50255" /><G78/><T51/><D108/><U47/><E36/><V12/><F12/><W90/><G90/><T131/><D51/><U57/><E39/><V85/><F85/><W79/><G79/><T56/><D56/><U70/><E57/><V23/><F23/><W96/><G96/><AGARI ba="0,0" hai="77,83,84,89,91,95,96,101" m="10447,25935" machi="96" ten="30,1000,0" yaku="8,1" doraHai="4" who="2" fromWho="3" sc="298,0,290,0,207,10,205,-10" /><INIT seed="5,0,0,2,4,108" ten="298,290,217,195" oya="1" hai0="114,30,42,70,93,116,125,132,21,1,106,8,82" hai1="20,71,109,23,51,97,84,57,11,130,66,67,24" hai2="83,45,129,49,117,35,101,95,26,113,48,28,88" hai3="75,134,62,18,76,92,25,60,7,124,14,15,27" shuffle="mt19937ar,A0C1AF63,131F6C60,8570676F,9A598095,B543E491,812D2568,A6F5FA02,B41A6B75"/><U135/><E71/><V100/><F117/><W32/><G124/><T81/><D106/><U68/><E68/><V127/><F127/><W111/><G111/><T89/><D125/><U121/><E109/><V126/><F126/><W3/><G134/><T19/><D70/><U122/><E122/><V5/><F129/><W55/><G92/><T56/><D116/><U16/><E121/><V47/><F5/><W61/><G55/><T85/><D132/><U133/><E135/><V128/><F128/><W131/><G131/><T65/><D42/><U37/><E37/><V91/><F83/><W59/><G59/><T99/><D114/><U79/><E133/><V72/><F72/><W13/><G32/><T44/><D44/><U36/><E36/><V17/><F17/><W98/><G98/><T115/><D115/><U58/><E130/><V73/><F73/><W87/><G75/><T53/><D65/><N who="1" m="24587" /><E97/><V74/><F74/><W104/><G104/><T6/><D30/><N who="1" m="17671" /><E11/><V118/><F118/><W41/><G41/><T102/><D102/><U40/><E84/><V105/><F105/><W50/><G50/><N who="0" m="30775" /><D99/><U86/><E86/><V33/><F113/><W90/><G76/><T107/><D107/><U43/><E79/><V103/><F35/><W34/><G34/><T4/><D4/><U80/><E80/><V63/><F33/><W54/><G3/><T123/><D123/><U31/><E31/><V10/><F49/><W38/><G38/><T96/><D96/><U110/><E110/><V120/><F48/><W77/><G7/><T22/><D19/><U0/><E0/><RYUUKYOKU ba="0,0" sc="298,30,290,-10,217,-10,195,-10" hai0="1,6,8,21,22,81,82,85,89,93" owari="328,32,280,3,207,-14,185,-21" /></mjloggm>