<mjloggm ver="2.3"><GO type="225"/><UN n0="%E9%9B%AA%E5%9B%BD%E8%82%B2%E3%81%A1" n1="%E9%9B%81%E7%BA%8F" n2="%61%6E%62%79%33" n3="%E3%82%88%E3%81%A3%E3%81%A1" dan="17,16,16,16" rate="2139,2048,2089,2065" sx="M,M,M,M"/><TAIKYOKU oya="0"/><INIT seed="0,0,0,5,1,13" ten="250,250,250,250" oya="0" hai0="92,69,116,2,95,40,68,121,101,91,71,90,20" hai1="60,66,94,123,55,50,49,83,126,10,52,63,106" hai2="48,113,114,129,80,86,104,51,89,65,122,61,70" hai3="11,132,125,44,31,23,21,87,133,45,117,110,62" shuffle="mt19937ar,C05AB885,AA872D64,0B8EB128,59D8EED1,50FA242E,1E449F50,65FD2153,18D49CE1"/><T130/><D116/><U14/><E123/><V134/><F104/><W4/><G117/><T100/><D121/><U127/><E106/><V112/><F122/><W34/><G34/><T24/><D2/><U81/><E94/><V3/><F3/><W8/><G125/><N who="1" m="47626" /><E50/><V47/><F129/><W16/><G110/><T78/><D78/><U119/><E55/><V120/><F120/><W38/><G62/><N who="1" m="23594" /><E66/><V41/><F134/><N who="3" m="51819" /><G87/><T99/><D40/><U82/><E119/><V115/><N who="2" m="28672" /><DORA hai="77" /><V96/><REACH who="2" step="1"/><F96/><REACH who="2" step="2"/><W43/><G4/><T111/><D130/><U46/><E83/><V98/><F98/><W28/><G45/><T118/><D118/><U1/><E1/><V53/><F53/><W54/><G54/><T107/><D111/><U19/><AGARI ba="0,1" hai="10,14,19,46,49,52,81,82" m="23594,47626" machi="19" ten="30,8000,1" yaku="18,1,52,3,54,1" doraHai="13,77" who="1" fromWho="1" sc="250,-40,250,90,240,-20,250,-20" /><INIT seed="1,0,0,1,0,32" ten="210,340,220,230" oya="1" hai0="132,123,9,59,40,7,71,114,34,60,70,95,124" hai1="18,91,45,48,125,110,102,88,87,30,72,38,13" hai2="55,49,29,31,94,133,39,73,25,101,98,41,50" hai3="15,76,12,105,3,116,113,56,126,61,135,65,44" shuffle="mt19937ar,3043F071,6B45A3C3,19E35580,53CBCD02,40A5C039,3FE0C44A,0C45779B,7B0E91F8"/><U1/><E72/><V37/><F73/><W10/><G105/><T11/><D114/><U66/><E125/><V64/><F133/><W82/><G113/><T0/><D124/><U118/><E118/><V17/><F39/><W47/><G126/><T128/><D132/><U43/><E30/><V54/><F37/><W134/><G116/><T130/><D123/><U86/><E102/><V67/><F17/><W52/><G134/><T129/><D34/><U33/><E33/><V8/><F8/><W77/><G135/><T120/><D120/><U36/><E66/><N who="2" m="25131" /><F41/><W57/><G77/><T62/><D40/><U117/><E117/><V85/><F85/><W115/><G115/><T93/><D11/><U42/><E110/><V79/><F79/><W6/><G12/><T131/><N who="0" m="33280" /><DORA hai="108" /><T69/><REACH who="0" step="1"/><D59/><REACH who="0" step="2"/><U97/><E42/><V84/><F31/><W106/><G44/><T5/><D5/><U14/><E38/><V74/><F29/><W121/><G47/><T2/><D2/><U22/><E1/><V83/><F74/><W92/><G121/><T80/><D80/><N who="1" m="49223" /><E36/><V63/><F83/><W27/><G3/><T24/><D24/><U19/><E14/><V111/><F25/><W35/><G27/><T99/><D99/><U16/><E97/><V23/><F98/><W127/><G35/><T28/><D28/><U96/><E96/><V103/><F111/><W68/><G127/><T75/><D75/><U107/><E107/><V20/><F103/><W112/><G106/><T119/><D119/><U81/><AGARI ba="0,1" hai="13,16,18,19,22,43,45,48,81,87,91" m="49223" machi="81" ten="30,6000,0" yaku="8,1,54,2" doraHai="32,108" who="1" fromWho="1" sc="200,-20,340,70,220,-20,230,-20" /><INIT seed="1,1,0,4,3,13" ten="180,410,200,210" oya="1" hai0="56,75,8,81,105,101,1,92,118,124,57,76,40" hai1="71,0,36,104,78,107,37,116,121,99,126,38,60" hai2="49,20,22,67,120,30,128,7,111,45,51,58,86" hai3="109,82,44,29,125,5,96,48,130,16,27,103,129" shuffle="mt19937ar,28B6DEF4,D4C5A000,933BE951,EBBC34F3,F5BB8627,7BD1B56E,6B78F93A,FF884255"/><U102/><E121/><V131/><F120/><W35/><G5/><T9/><D118/><U61/><E116/><V94/><F111/><W114/><G82/><T72/><D124/><U65/><E126/><V31/><F7/><W112/><G125/><T50/><D75/><U83/><E61/><N who="2" m="38327" /><F49/><W12/><G109/><T21/><D105/><U23/><E23/><N who="2" m="8747" /><F94/><W54/><G103/><T80/><D80/><U74/><E107/><V53/><F86/><W46/><G96/><T41/><D1/><AGARI ba="1,0" hai="0,1,36,37,38,60,65,71,74,78,83,99,102,104" machi="1" ten="40,7700,0" yaku="33,3" doraHai="13" who="1" fromWho="0" sc="180,-80,410,80,200,0,210,0" /><INIT seed="1,2,0,5,3,71" ten="100,490,200,210" oya="1" hai0="9,45,117,22,16,111,43,109,118,120,134,84,0" hai1="26,132,62,108,29,33,72,95,37,121,125,103,129" hai2="48,14,106,38,40,19,128,70,44,83,101,63,88" hai3="74,73,98,25,115,69,18,20,39,59,7,50,15" shuffle="mt19937ar,A67F1A22,86504119,18414986,240D66AD,B717600F,DF76EDD2,4C5DEC77,9B987853"/><U126/><E121/><V113/><F106/><W46/><G69/><T90/><D90/><U6/><E72/><V55/><F101/><W112/><G98/><T3/><D84/><U32/><E32/><V100/><F100/><W81/><G59/><T52/><D120/><U133/><E6/><V17/><F128/><W57/><G57/><T77/><D77/><U47/><E108/><N who="0" m="41545" /><D134/><N who="1" m="51819" /><E62/><V119/><F119/><N who="0" m="45578" /><D9/><U114/><E95/><V105/><F105/><W92/><G92/><T107/><D107/><U31/><E103/><V80/><F113/><W41/><G74/><T34/><D34/><U65/><E114/><V85/><F83/><W1/><G25/><N who="0" m="14535" /><D52/><U4/><E31/><V5/><F5/><W93/><G93/><T58/><D58/><U97/><E97/><V24/><F24/><W49/><G112/><T96/><D96/><U75/><E75/><V42/><F17/><W12/><G115/><T116/><N who="0" m="45586" /><T76/><DORA hai="11" /><D76/><U56/><E4/><V123/><F123/><W27/><G50/><AGARI ba="2,0" hai="0,3,43,45,50" m="14535,45586,41545" machi="50" ten="40,2600,0" yaku="14,1,54,1" doraHai="71,11" who="0" fromWho="3" sc="100,32,490,0,200,0,210,-32" /><INIT seed="2,0,0,0,0,58" ten="132,490,200,178" oya="2" hai0="84,69,104,3,90,38,52,19,108,118,123,117,2" hai1="93,27,40,64,54,32,130,122,100,42,44,9,80" hai2="41,0,7,74,102,103,106,16,48,25,5,23,132" hai3="125,1,50,81,95,107,59,98,17,128,46,73,126" shuffle="mt19937ar,B7E0DC45,D70D0219,E98215ED,CD79ED48,C37843A4,8ECF359E,3179BD47,FB2C6B88"/><V65/><F74/><W114/><G107/><T15/><D123/><U129/><E64/><V119/><F119/><N who="0" m="45578" /><D38/><U92/><E122/><V18/><F132/><W112/><G1/><T57/><D104/><U4/><E80/><V94/><F106/><W97/><G17/><T33/><D33/><U76/><E76/><V113/><F113/><N who="3" m="43627" /><G59/><T91/><D69/><U39/><E42/><V12/><F0/><N who="0" m="42" /><D108/><U75/><E75/><V29/><F65/><W60/><G60/><N who="0" m="35879" /><D84/><U135/><E54/><V34/><F18/><W133/><G133/><T11/><AGARI ba="0,0" hai="11,15,19,90,91" m="35879,42,45578" machi="11" ten="30,4000,0" yaku="12,1,52,1,54,1" doraHai="58" who="0" fromWho="0" sc="132,40,490,-10,200,-20,178,-10" /><INIT seed="3,0,0,3,0,25" ten="172,480,180,168" oya="3" hai0="40,62,54,129,26,92,133,97,4,95,1,14,19" hai1="47,29,109,57,105,127,116,94,11,17,34,64,15" hai2="112,101,88,84,69,63,85,104,8,78,55,72,108" hai3="122,135,13,22,113,118,73,121,100,24,124,37,12" shuffle="mt19937ar,5B4D018D,A9636FD0,0503DC0D,85D4AA1F,7A0A360F,78B28AAA,1F2C2D08,AEAE1920"/><W79/><G37/><T74/><D74/><U6/><E105/><V99/><F112/><W83/><G100/><T28/><D129/><U110/><E116/><V125/><F108/><W21/><G113/><T44/><D133/><U106/><E106/><V35/><F125/><W102/><G118/><T39/><D4/><U68/><E68/><V86/><F35/><W96/><G135/><T134/><D1/><U50/><E127/><V33/><F33/><W60/><G124/><T81/><D81/><U120/><E120/><V52/><F8/><W107/><G21/><T20/><D134/><U43/><E94/><N who="2" m="54551" /><F69/><W41/><G41/><T126/><D126/><U2/><E64/><V65/><F65/><W115/><G115/><T3/><D3/><U131/><E57/><N who="2" m="35239" /><F55/><W23/><G60/><T70/><D70/><U48/><E48/><V76/><F76/><W51/><G51/><T77/><D77/><U10/><E131/><V89/><F89/><W93/><G107/><T111/><D111/><N who="1" m="42507" /><E34/><V58/><F58/><W67/><G67/><T71/><D71/><U9/><E9/><V87/><F87/><W130/><G130/><T132/><D132/><U91/><E91/><V18/><F18/><N who="3" m="12407" /><G22/><T16/><D19/><U5/><E15/><N who="3" m="5706" /><G122/><T46/><D39/><U61/><E61/><V31/><F31/><W98/><G121/><T49/><D62/><U42/><E29/><V45/><F45/><W36/><G36/><N who="0" m="21511" /><D97/><U90/><E42/><V53/><F53/><W119/><G119/><T114/><D114/><U66/><E66/><V117/><F117/><W56/><G98/><RYUUKYOKU ba="0,0" sc="172,10,480,-30,180,10,168,10" hai0="14,16,20,26,28,46,49,54,92,95" hai2="72,78,84,85,99,101,104" hai3="56,73,79,83,93,96,102" /><INIT seed="3,1,0,1,3,102" ten="182,450,190,178" oya="3" hai0="37,1,36,76,71,2,32,30,14,31,27,82,51" hai1="74,118,119,58,47,69,13,114,54,67,3,60,121" hai2="97,5,39,22,40,94,49,21,77,88,101,98,87" hai3="42,55,25,99,75,61,59,78,57,9,44,91,23" shuffle="mt19937ar,758D5C99,E7E27E2B,BDE70967,186E289E,EEE9EF02,45C6B583,AD30A0E9,16E77D63"/><W84/><G75/><T19/><D71/><U104/><E74/><V46/><F39/><W26/><G59/><T109/><D31/><U132/><E114/><V56/><F5/><W62/><G62/><T112/><D112/><U83/><E3/><V103/><F56/><W111/><G111/><T106/><D106/><U89/><E104/><V131/><F131/><W4/><G78/><T16/><D109/><U28/><E28/><V129/><F129/><W7/><G99/><N who="2" m="37897" /><F77/><W10/><G7/><T115/><D115/><U105/><E121/><V52/><F40/><W108/><G108/><T72/><D37/><U68/><E83/><V8/><F8/><N who="3" m="3179" /><G4/><T128/><D36/><U122/><E13/><V73/><F73/><W93/><G23/><AGARI ba="1,0" hai="21,22,23,46,49,52,87,88,94,101,103" m="37897" machi="23" ten="30,3900,0" yaku="8,1,54,2" doraHai="102" who="2" fromWho="3" sc="182,0,450,0,190,42,178,-42" owari="182,-17,450,45,232,-2,136,-26" /></mjloggm>