<mjloggm ver="2.3"><GO type="225"/><UN n0="%E9%95%B7%E5%B2%A1%E5%A4%A7%E6%98%8E%E7%A5%9E" n1="%E3%83%A0%E3%82%AF%E3%83%81%E3%83%A5%E3%83%B3" n2="%45%56%41%4E%53%49%55" n3="%E3%82%AF%E3%83%AB%E3%83%AB%E2%98%86" dan="16,16,16,16" rate="2054,2032,2079,2043" sx="F,M,M,F"/><TAIKYOKU oya="0"/><INIT seed="0,0,0,3,5,113" ten="250,250,250,250" oya="0" hai0="84,20,131,23,45,108,56,34,126,22,74,79,80" hai1="24,128,104,112,125,29,121,60,8,120,99,89,40" hai2="54,93,111,95,3,47,46,53,87,39,134,57,122" hai3="52,27,6,26,63,55,43,127,72,48,38,25,132" shuffle="mt19937ar,04165D2D,75ED69F7,B5D0E4E7,4352BC73,15DB7FBE,B1913F8F,4C5EEF86,37059136"/><T97/><D34/><U110/><E112/><V49/><F3/><W118/><G72/><T41/><D131/><U106/><E40/><V0/><F0/><W19/><G6/><T82/><D126/><U36/><E36/><V129/><F122/><W50/><G38/><T94/><D56/><U105/><E125/><V12/><F129/><W30/><G127/><T35/><D35/><U18/><E128/><V33/><F33/><W64/><G43/><T90/><D108/><U70/><E110/><V17/><F111/><W119/><G19/><T58/><D58/><U96/><E18/><V135/><F39/><W42/><G42/><T83/><REACH who="0" step="1"/><D74/><REACH who="0" step="2"/><U98/><E121/><V66/><F66/><W103/><G64/><T116/><D116/><U130/><E120/><V133/><F54/><W107/><G55/><T77/><D77/><U10/><E130/><V5/><F5/><W2/><G119/><T44/><D44/><N who="2" m="16938" /><F87/><W85/><G52/><T91/><D91/><U68/><E89/><V59/><F57/><W114/><G85/><T101/><D101/><U28/><E60/><V32/><F32/><W109/><G118/><T73/><D73/><U88/><E88/><V124/><F124/><W13/><G109/><T11/><D11/><AGARI ba="0,1" hai="11,12,17,49,53,59,93,95,133,134,135" m="16938" machi="11" ten="30,1000,0" yaku="20,1" doraHai="113" who="2" fromWho="0" sc="240,-10,250,0,250,20,250,0" /><INIT seed="1,0,0,4,4,102" ten="230,250,270,250" oya="1" hai0="3,18,54,92,51,128,98,116,113,15,4,86,44" hai1="43,69,34,127,77,104,63,133,0,9,66,101,36" hai2="65,121,78,95,38,6,114,41,21,84,12,8,126" hai3="81,96,90,117,111,80,135,62,23,91,107,109,72" shuffle="mt19937ar,FA596BE4,8D5DC7C0,1C83C9F3,E16AB832,392E4D24,8418D716,31BA918B,D07D6D22"/><U39/><E127/><V67/><F121/><W76/><G62/><T108/><D113/><U52/><E133/><V71/><F126/><W17/><G23/><T112/><D112/><U30/><E77/><V19/><F114/><W115/><G17/><T88/><D116/><U70/><E70/><V122/><F122/><W89/><G115/><T24/><D128/><U85/><E85/><V29/><F71/><W47/><G47/><T61/><D108/><N who="3" m="41545" /><G117/><T50/><D3/><U64/><E64/><V73/><F29/><W10/><G10/><T120/><D120/><U13/><E52/><V119/><F119/><W125/><G125/><T57/><D4/><N who="1" m="1159" /><E43/><V59/><F59/><W68/><G68/><T45/><D24/><N who="1" m="18759" /><E13/><V58/><F58/><W129/><G135/><T20/><D98/><AGARI ba="0,0" hai="36,39,63,66,69,98,101,104" m="18759,1159" machi="98" ten="30,11600,0" yaku="25,1,33,2,52,1" doraHai="102" who="1" fromWho="0" sc="230,-116,250,116,270,0,250,0" /><INIT seed="1,1,0,0,5,16" ten="114,366,270,250" oya="1" hai0="54,126,44,88,39,18,3,53,91,26,92,12,13" hai1="78,43,55,64,124,83,0,59,73,104,87,5,40" hai2="80,17,58,132,117,130,79,67,133,28,85,74,33" hai3="37,10,62,2,128,21,31,14,52,25,135,19,4" shuffle="mt19937ar,EC0C405F,4E6BEA96,8F478672,8D7BC580,5D70DE11,C9BF9B85,35CB66E2,06AB0EA4"/><U112/><E104/><V15/><F117/><W36/><G128/><T24/><D3/><U7/><E112/><V9/><F130/><W94/><G135/><N who="2" m="51785" /><F33/><N who="3" m="20719" /><G94/><T32/><D126/><U120/><E124/><V76/><F28/><W84/><G84/><T34/><D39/><U108/><E120/><V61/><F76/><W70/><G70/><T48/><D32/><U50/><E108/><V75/><AGARI ba="1,0" hai="9,15,17,58,61,67,74,75,79,80,85" m="51785" machi="75" ten="30,1100,0" yaku="20,1" doraHai="16" who="2" fromWho="2" sc="114,-4,366,-6,270,14,250,-4" /><INIT seed="2,0,0,1,0,69" ten="110,360,284,246" oya="2" hai0="71,4,40,61,0,107,41,30,132,76,2,120,20" hai1="75,67,130,51,77,124,35,98,58,115,114,134,50" hai2="127,129,100,6,11,52,89,16,105,15,82,44,46" hai3="92,28,101,8,32,109,39,49,22,96,18,38,9" shuffle="mt19937ar,6977436A,EDB0AE20,A713E102,CFCD38EA,16CB6D30,164DCE0F,D9EE07AF,E0C3B9DC"/><V59/><F105/><W24/><G109/><T7/><D107/><U95/><E35/><V102/><F127/><W87/><G49/><T31/><D120/><U29/><E124/><V73/><F129/><W122/><G122/><T62/><D132/><U121/><E29/><V53/><F6/><W119/><G119/><T94/><D71/><U84/><E75/><V135/><F135/><W116/><G116/><T123/><D123/><U117/><E134/><V86/><F73/><W1/><G87/><T65/><D76/><U36/><E36/><V128/><F128/><W79/><G79/><T118/><D118/><U45/><E117/><V27/><F27/><W125/><G125/><T93/><D20/><U108/><E108/><V60/><F46/><W55/><G55/><T80/><D80/><N who="1" m="47119" /><E115/><V90/><F89/><W104/><G104/><T78/><D78/><U48/><E121/><V63/><F63/><W70/><G70/><T126/><REACH who="0" step="1"/><D126/><REACH who="0" step="2"/><U14/><E130/><V113/><F113/><W103/><G103/><T56/><D56/><U68/><E114/><V88/><F90/><W34/><G34/><T81/><D81/><U133/><E68/><V72/><F72/><W64/><G32/><T3/><D3/><U10/><E133/><V23/><F23/><W43/><G1/><T19/><D19/><N who="1" m="8663" /><E58/><V54/><F44/><W42/><G18/><T5/><D5/><U91/><E45/><V111/><F111/><W13/><G101/><AGARI ba="0,1" hai="11,15,16,52,53,54,59,60,82,86,88,100,101,102" machi="101" ten="40,12000,1" yaku="8,1,54,3" doraHai="69" who="2" fromWho="3" sc="100,0,360,0,284,130,246,-120" /><INIT seed="2,1,0,3,1,128" ten="100,360,414,126" oya="2" hai0="7,58,29,117,68,92,95,88,101,118,77,14,30" hai1="116,1,102,74,61,63,19,130,10,52,41,32,78" hai2="125,13,115,83,6,65,18,134,22,67,98,106,25" hai3="75,122,53,73,107,5,108,66,54,59,62,89,97" shuffle="mt19937ar,CC3B5CDE,42FA4E67,901AD88A,E451726C,D74D304A,81F99025,76948087,55DCD6BC"/><V12/><F115/><W132/><G122/><T111/><D68/><U72/><E32/><V82/><F125/><W16/><G5/><T11/><D77/><U120/><E116/><N who="0" m="44649" /><D111/><U131/><E102/><V119/><F134/><W48/><G108/><T112/><D112/><U105/><E105/><V113/><F113/><W17/><G132/><T129/><D129/><N who="1" m="49163" /><E41/><V103/><F119/><W110/><G110/><T64/><D101/><U3/><E120/><V56/><F67/><W31/><G31/><T70/><D70/><U36/><E36/><V86/><F6/><W8/><G75/><N who="1" m="28714" /><E78/><V93/><F106/><W81/><G107/><T79/><D79/><U35/><E35/><V121/><F121/><W123/><G123/><T40/><D40/><U91/><E91/><N who="2" m="51671" /><F83/><W33/><G33/><T0/><D0/><N who="1" m="75" /><E52/><V39/><F39/><W60/><G73/><T87/><D95/><U37/><E37/><V76/><F76/><W127/><G54/><T42/><D42/><U69/><E69/><V20/><F20/><W126/><G62/><AGARI ba="1,0" hai="7,11,14,29,30,58,62,64,87,88,92" m="44649" machi="62" ten="30,2000,0" yaku="12,1,54,1" doraHai="128" who="0" fromWho="3" sc="100,23,360,0,414,0,126,-23" /><AGARI ba="1,0" hai="12,13,18,22,25,56,62,65,93,98,103" m="51671" machi="62" ten="30,1500,0" yaku="8,1" doraHai="128" who="2" fromWho="3" sc="123,0,360,0,414,15,103,-15" /><INIT seed="2,2,0,1,4,76" ten="123,360,429,88" oya="2" hai0="129,47,18,66,63,87,12,55,72,127,88,128,89" hai1="65,61,90,52,20,85,9,41,8,64,13,120,4" hai2="6,40,23,125,1,118,62,96,7,0,73,60,44" hai3="27,53,37,10,71,2,79,107,93,43,82,103,74" shuffle="mt19937ar,686E1EED,C4A4517E,6E789E85,382489E4,94AF54DA,F209C467,12577119,4B784CE5"/><V68/><F118/><W57/><G71/><T59/><D72/><U15/><E120/><V102/><F73/><W108/><G108/><T92/><D127/><U24/><E41/><V94/><F125/><W121/><G121/><T3/><D3/><U126/><E126/><V26/><F0/><W29/><G107/><T80/><D47/><U11/><E11/><V67/><F60/><W106/><G106/><T86/><REACH who="0" step="1"/><D66/><REACH who="0" step="2"/><U56/><E65/><V39/><F1/><W21/><G37/><T5/><D5/><U45/><E64/><V49/><F39/><W70/><G70/><T101/><D101/><U31/><E45/><V135/><F135/><W14/><G2/><T114/><D114/><U84/><E90/><V133/><F133/><W110/><G110/><T109/><D109/><U51/><E61/><V35/><F35/><W99/><G43/><T32/><D32/><U91/><E91/><V69/><F68/><W116/><G116/><T104/><D104/><U58/><E58/><V97/><F6/><AGARI ba="2,1" hai="4,6,8,9,13,15,20,24,31,51,52,56,84,85" machi="6" ten="30,7700,0" yaku="7,1,9,1,8,1,54,1" doraHai="76" who="1" fromWho="2" sc="113,0,360,93,429,-83,88,0" /><INIT seed="3,0,0,2,5,115" ten="113,453,346,88" oya="3" hai0="62,53,45,36,37,50,119,134,114,26,78,35,34" hai1="81,92,109,85,64,83,10,39,127,59,14,125,130" hai2="31,79,51,82,103,60,46,74,65,132,99,8,93" hai3="96,113,6,100,27,102,135,76,128,71,91,48,47" shuffle="mt19937ar,56784CAB,D4CAA6F0,CB3C47D4,926AAC5A,11D4F373,5E360422,BC9DF612,D96D69E8"/><W73/><G113/><T9/><D114/><U55/><E39/><V38/><F132/><W25/><G71/><T111/><D134/><U17/><E64/><V54/><F38/><W117/><G135/><T107/><D107/><U90/><E109/><V5/><F31/><W126/><G6/><T44/><D111/><U104/><E104/><V122/><F122/><W32/><G117/><T7/><D119/><U108/><E130/><V41/><F60/><W22/><G128/><T20/><D78/><U30/><E30/><V77/><F65/><W101/><G126/><N who="1" m="48138" /><E108/><V98/><F98/><W61/><G32/><T118/><D118/><U15/><E15/><V94/><F77/><W116/><G116/><T97/><D97/><U40/><E40/><V131/><F131/><W21/><G76/><T63/><D37/><U129/><E129/><V2/><F54/><W124/><G73/><T49/><D36/><U33/><E33/><V13/><F2/><W1/><G1/><T86/><D86/><U112/><E112/><V120/><F120/><W23/><G124/><T70/><D70/><U16/><E17/><V123/><F123/><W58/><G96/><T19/><D34/><U57/><E57/><V56/><F56/><W69/><G69/><T42/><D35/><U105/><E105/><V52/><F41/><N who="3" m="24687" /><G91/><T43/><D43/><U87/><E87/><V72/><F72/><W95/><G95/><T28/><D28/><U110/><E110/><V133/><F133/><W3/><G3/><AGARI ba="0,0" hai="3,7,9,19,20,26,42,44,45,49,50,53,62,63" machi="3" ten="30,1000,0" yaku="7,1" doraHai="115" who="0" fromWho="3" sc="113,10,453,0,346,0,88,-10" owari="123,-23,453,45,346,10,78,-32" /></mjloggm>