<mjloggm ver="2.3"><GO type="225"/><UN n0="%E9%95%B7%E6%9D%91%E3%83%93%E3%83%83%E3%82%B0" n1="%E5%85%AD%E5%88%86%E5%84%80" n2="%E6%9C%80%E9%80%9F%E3%82%AF%E3%83%B3%E2%99%AA" n3="%E3%81%B6%E3%81%A3%E3%81%A8%E3%81%B3%E4%BE%8D" dan="16,18,16,16" rate="2074,2172,2071,2068" sx="M,F,M,M"/><TAIKYOKU oya="0"/><INIT seed="0,0,0,4,0,131" ten="250,250,250,250" oya="0" hai0="82,23,72,119,102,36,79,75,130,66,3,122,21" hai1="78,80,26,73,108,10,123,16,92,68,46,127,22" hai2="65,85,50,37,115,128,35,53,91,124,77,0,58" hai3="42,74,15,17,120,45,103,14,9,6,43,111,109" shuffle="mt19937ar,6BFC65C0,0E5471DB,8305C511,3114B9BE,FF59F017,834CD473,3E7A7030,F71EB212"/><T70/><D119/><U76/><E123/><V28/><F115/><W112/><G74/><T27/><D122/><U110/><E68/><V55/><F0/><W106/><G120/><T54/><D36/><U100/><E127/><V96/><F37/><W99/><G112/><T116/><D116/><U34/><E34/><V101/><F77/><W135/><G135/><T67/><D3/><U29/><E78/><V2/><F2/><W13/><G43/><T38/><D38/><U105/><E105/><V62/><F128/><W1/><REACH who="3" step="1"/><G17/><REACH who="3" step="2"/><N who="0" m="12719" /><D75/><U56/><E73/><V84/><F124/><W89/><G89/><T133/><D133/><U117/><E16/><V33/><F28/><W39/><AGARI ba="0,1" hai="1,6,9,13,14,15,39,42,45,99,103,106,109,111" machi="39" ten="30,2000,0" yaku="1,1,0,1,53,0" doraHai="131" doraHaiUra="12" who="3" fromWho="3" sc="250,-10,250,-5,250,-5,240,30" /><INIT seed="1,0,0,2,4,91" ten="240,245,245,270" oya="1" hai0="29,58,33,30,14,109,103,9,20,130,35,64,32" hai1="84,101,92,110,102,45,22,49,94,111,96,67,75" hai2="34,113,57,119,128,135,38,63,42,27,83,16,79" hai3="12,47,11,59,134,126,108,40,120,24,62,104,97" shuffle="mt19937ar,56DB6CA9,B342B3FA,53AC210A,26E3C2CB,19431E9B,DF4BD5F8,6F77081D,1C89488B"/><U131/><E75/><V37/><F119/><W89/><G120/><T114/><D114/><U52/><E131/><V43/><F128/><W36/><G108/><N who="1" m="41514" /><E67/><V51/><F113/><W124/><G24/><T5/><D109/><U78/><E22/><V26/><F135/><W19/><G134/><T133/><D133/><U4/><E4/><V56/><F34/><W39/><G39/><T77/><D130/><U18/><E18/><V80/><F79/><W1/><G1/><T74/><D20/><U28/><E28/><V53/><F16/><W123/><G123/><T61/><REACH who="0" step="1"/><D103/><REACH who="0" step="2"/><N who="1" m="39435" /><E96/><V44/><F27/><W48/><G97/><T69/><D69/><U116/><E116/><V46/><REACH who="2" step="1"/><F26/><REACH who="2" step="2"/><W60/><G126/><T121/><D121/><U99/><E99/><V65/><AGARI ba="0,2" hai="37,38,42,43,44,46,51,53,56,57,63,65,80,83" machi="65" ten="20,8000,1" yaku="1,1,2,1,0,1,7,1,9,1,53,0" doraHai="91" doraHaiUra="21" who="2" fromWho="2" sc="230,-20,245,-40,235,100,270,-20" /><INIT seed="2,0,0,3,2,127" ten="210,205,335,250" oya="2" hai0="16,5,29,81,105,10,110,49,40,30,33,8,22" hai1="25,74,90,103,37,78,98,51,27,3,59,39,121" hai2="75,9,71,36,124,55,67,114,82,57,123,85,14" hai3="102,34,66,93,46,12,87,48,135,7,60,28,119" shuffle="mt19937ar,94F6EAF9,19BE6F0E,545C176A,74808F78,9216429D,F3DF7B87,E99AC3D2,26AEAA5C"/><V122/><F114/><W63/><G135/><T131/><D105/><U17/><E3/><V134/><F75/><W107/><G119/><T112/><D112/><U45/><E121/><V106/><F36/><W76/><G107/><T109/><D81/><U79/><E90/><V94/><F106/><W58/><G34/><T38/><D38/><U100/><E59/><V77/><F124/><W101/><G28/><N who="0" m="10859" /><D33/><U47/><E51/><V80/><F94/><W111/><G63/><T52/><D40/><U117/><E17/><V115/><F115/><W26/><G26/><N who="0" m="14663" /><D5/><U6/><E6/><V65/><F82/><N who="3" m="47559" /><G93/><T91/><D91/><U23/><E23/><V56/><F123/><W64/><G102/><T68/><D68/><U120/><E120/><V44/><F71/><W19/><G101/><T24/><D24/><U61/><E61/><V70/><F70/><W0/><G0/><T43/><D43/><U128/><E74/><V130/><F122/><W86/><G7/><T50/><D50/><U104/><E104/><V4/><F4/><W83/><G60/><T116/><D116/><U132/><E117/><V88/><F80/><W13/><G66/><T41/><D41/><U133/><E98/><V73/><F67/><W31/><G31/><T54/><D54/><U35/><E35/><V97/><F55/><W118/><G64/><T72/><D72/><U126/><E126/><V21/><F65/><W84/><G118/><T15/><D52/><U95/><E95/><V62/><F73/><W92/><G83/><T125/><D125/><U32/><E32/><V42/><F62/><RYUUKYOKU ba="0,0" sc="210,-10,205,30,335,-10,250,-10" hai1="25,27,37,39,45,47,78,79,100,103,128,132,133" /><INIT seed="3,1,0,1,0,11" ten="200,235,325,240" oya="3" hai0="20,125,54,90,23,30,98,4,103,73,42,85,101" hai1="64,131,94,27,83,32,70,7,46,17,66,117,39" hai2="48,134,29,68,10,22,106,52,82,129,78,13,44" hai3="109,75,31,102,43,118,92,130,33,56,58,132,99" shuffle="mt19937ar,82C3D1C2,85049478,289388EE,F309AB2F,CC46B8A3,88B50002,AA17F2A3,04B40383"/><W88/><G118/><T81/><D125/><U26/><E117/><V62/><F106/><W80/><G132/><T123/><D123/><U69/><E7/><V34/><F34/><W1/><G1/><T18/><D73/><U28/><E83/><V127/><F134/><W50/><G130/><T59/><D4/><U2/><E2/><V100/><F100/><W95/><G109/><T107/><D42/><U60/><E131/><V110/><F129/><W61/><G33/><T14/><D103/><U87/><E46/><V40/><F127/><W104/><G31/><T25/><D59/><U72/><E72/><V12/><F110/><W116/><G116/><T86/><D86/><U19/><E39/><V111/><F111/><W93/><G75/><T115/><REACH who="0" step="1"/><D54/><REACH who="0" step="2"/><U6/><E6/><V57/><F68/><W9/><G80/><T108/><D108/><U38/><E38/><V133/><F133/><W91/><G9/><T74/><D74/><U55/><E55/><V0/><F10/><W120/><G120/><T15/><D15/><U5/><E5/><V114/><F0/><W89/><REACH who="3" step="1"/><G61/><REACH who="3" step="2"/><T79/><D79/><U16/><E60/><V37/><F62/><W36/><G36/><T51/><D51/><U41/><E70/><V84/><F37/><W67/><G67/><T124/><D124/><U121/><E69/><V24/><F78/><W76/><G76/><T53/><D53/><U35/><E121/><V113/><F82/><W47/><AGARI ba="1,2" hai="43,47,50,56,58,88,89,91,92,93,95,99,102,104" machi="47" ten="40,12000,1" yaku="1,1,0,1,54,1,53,1" doraHai="11" doraHaiUra="97" who="3" fromWho="3" sc="190,-41,235,-41,325,-41,230,143" owari="149,-25,194,-16,284,3,373,38" /></mjloggm>