<mjloggm ver="2.3"><GO type="185"/><UN n0="%E5%83%8D%E3%81%8D%E3%81%9F%E3%81%8F%E3%81%AA%E3%81%84" n1="%E8%9C%9C%E6%9F%91%E3%81%AE%E7%9A%AE" n2="%EF%BC%BC%28%EF%BC%BE%6F%EF%BC%BE%29%EF%BC%8F%E2%98%85" n3="" dan="17,16,17,0" rate="2222,2101,2170,1500" sx="M,M,M,C"/><TAIKYOKU oya="0"/><INIT seed="0,0,0,4,2,74" ten="350,350,350,0" oya="0" hai0="93,60,111,96,37,53,105,116,1,114,118,130,50" hai1="125,48,70,128,104,3,106,51,41,121,54,63,90" hai2="129,45,91,134,47,82,80,65,108,119,40,94,81" hai3="" shuffle="mt19937ar,A1BBACF7,BC48FE2A,18D25049,8BA4E7EA,60D6E0EE,0612F2DB,657125ED,24EDD489"/><T112/><D37/><U61/><N who="1" m="31008" /><U87/><E3/><V58/><F119/><T97/><D1/><U88/><E125/><V84/><F134/><T102/><D130/><U83/><E128/><V39/><F129/><T62/><D111/><U67/><E61/><V115/><F108/><T99/><D99/><U71/><E71/><V46/><F115/><T75/><D75/><U33/><E33/><V101/><F101/><T0/><D0/><U77/><E41/><V89/><F65/><T133/><D133/><U32/><E32/><V122/><N who="2" m="31264" /><V35/><F35/><T135/><D135/><U73/><E90/><V127/><F127/><T100/><D60/><U56/><E48/><V95/><REACH who="2" step="1"/><F58/><REACH who="2" step="2"/><T34/><D34/><U43/><E43/><V59/><F59/><T110/><D110/><U120/><N who="1" m="30752" /><U131/><REACH who="1" step="1"/><E131/><REACH who="1" step="2"/><V117/><F117/><T44/><D118/><U49/><E49/><V85/><AGARI ba="0,2" hai="39,40,45,46,47,80,81,82,84,85,89,91,94,95" m="31264" machi="85" ten="30,9000,2" yaku="1,1,0,1,9,1,52,1,53,3" doraHai="74" doraHaiUra="79" who="2" fromWho="2" sc="350,-60,340,-30,340,110,0,0" /><INIT seed="1,0,0,2,4,68" ten="290,310,450,0" oya="1" hai0="67,70,126,76,93,75,35,37,118,125,103,41,73" hai1="78,71,80,84,134,83,123,54,85,101,130,40,110" hai2="42,0,121,100,79,114,43,62,90,122,135,120,72" hai3="" shuffle="mt19937ar,D700879A,26FDCC93,A255F494,09204866,2000E185,FCE56A1C,950C2DD2,5CEA72E2"/><U128/><N who="1" m="31520" /><U89/><E71/><V34/><N who="2" m="30752" /><V77/><N who="2" m="31008" /><V57/><N who="2" m="31264" /><V92/><F34/><T44/><D35/><U56/><E134/><V82/><F0/><T50/><D118/><U94/><E110/><V132/><F114/><T60/><D50/><U129/><E40/><V38/><F79/><T87/><D87/><U64/><E64/><V104/><F100/><T108/><D108/><U47/><E47/><V33/><F104/><T81/><REACH who="0" step="1"/><D73/><REACH who="0" step="2"/><U45/><E45/><V74/><F33/><T52/><D52/><U32/><E32/><V97/><F74/><T116/><D116/><U102/><REACH who="1" step="1"/><E80/><REACH who="1" step="2"/><V65/><F43/><T124/><D124/><U2/><E2/><V112/><F112/><T66/><D66/><U1/><E1/><V98/><F42/><T3/><D3/><U96/><E96/><AGARI ba="0,2" hai="37,41,44,60,67,70,75,76,81,93,96,103,125,126" machi="96" ten="40,2600,0" yaku="1,1,52,1,53,0" doraHai="68" doraHaiUra="119" who="0" fromWho="1" sc="280,46,300,-26,450,0,0,0" /><INIT seed="2,0,0,0,3,34" ten="326,274,450,0" oya="2" hai0="130,96,82,67,56,71,54,63,65,48,104,81,2" hai1="131,59,112,73,68,1,33,80,117,75,35,42,88" hai2="3,101,72,111,108,57,116,77,124,62,0,40,52" hai3="" shuffle="mt19937ar,C821757D,8344D1A7,C65FFA63,1014E81C,F9FA7B40,9A568B71,8B6A73E0,40F12DAD"/><V83/><F116/><T103/><D130/><U135/><E68/><V70/><F124/><T115/><D115/><U100/><E112/><V118/><F118/><T84/><D67/><U121/><N who="1" m="31008" /><U92/><E117/><V87/><F70/><T49/><D2/><U60/><E131/><V106/><F40/><T85/><D85/><U95/><E100/><V133/><F133/><T66/><D66/><U97/><E135/><V134/><F134/><T132/><D132/><U120/><N who="1" m="30752" /><U102/><E42/><V36/><F36/><T125/><D125/><U43/><E43/><V37/><F37/><T128/><D128/><U86/><E1/><V94/><F106/><T74/><D74/><U58/><E58/><V39/><F39/><T61/><REACH who="0" step="1"/><D81/><REACH who="0" step="2"/><U93/><E75/><V113/><F113/><T123/><N who="0" m="31520" /><T45/><D45/><U51/><E73/><V110/><F87/><T105/><D105/><U122/><N who="1" m="31264" /><U76/><E35/><V55/><F55/><T129/><D129/><U44/><E33/><V79/><F79/><AGARI ba="0,1" hai="48,49,54,56,61,63,65,71,79,82,84,96,103,104" m="31520" machi="79" ten="30,3900,0" yaku="1,1,7,1,52,1,53,0" doraHai="34" doraHaiUra="32" who="0" fromWho="2" sc="316,49,274,0,450,-39,0,0" /><INIT seed="4,0,0,2,5,122" ten="365,274,411,0" oya="0" hai0="127,117,45,1,74,134,42,68,107,114,91,125,116" hai1="118,87,105,101,70,67,100,0,124,95,103,131,48" hai2="75,44,65,106,115,84,133,102,119,78,69,52,88" hai3="" shuffle="mt19937ar,BFE47C9B,B932B3A7,E29F33CC,96AF07D3,AD7E52E6,9D062B53,76C41545,CFE6F53D"/><T97/><D1/><U126/><E0/><V72/><F115/><T108/><D114/><U96/><E118/><V121/><N who="2" m="31008" /><V120/><N who="2" m="30752" /><V76/><F119/><T77/><D68/><U49/><E131/><V123/><N who="2" m="31520" /><V63/><F133/><T111/><D134/><U92/><E70/><V132/><F132/><T86/><D74/><U66/><E87/><V60/><F72/><T113/><D113/><U46/><E105/><V3/><F3/><T40/><D117/><U135/><E135/><V90/><F90/><T2/><D2/><U62/><E62/><V59/><F75/><T128/><D128/><U33/><E33/><V98/><F44/><T47/><D116/><U57/><E57/><V83/><AGARI ba="0,0" hai="52,59,60,63,65,69,76,78,83,84,88,98,102,106" m="31520,30752,31008" machi="83" ten="20,9000,2" yaku="0,1,7,1,52,3,54,2" doraHai="122" who="2" fromWho="2" sc="365,-60,274,-30,411,90,0,0" /><INIT seed="5,0,0,0,0,0" ten="305,244,501,0" oya="1" hai0="92,46,63,122,81,87,60,110,67,97,47,119,121" hai1="108,96,58,40,35,54,124,89,64,57,100,32,103" hai2="118,66,135,90,33,116,78,120,68,65,112,59,99" hai3="" shuffle="mt19937ar,E887BDC2,7D6B64D0,445A8092,17C13D0F,4A150699,D757296E,0C18B310,F89C29A0"/><U61/><E124/><V74/><N who="2" m="30752" /><V126/><F68/><T52/><N who="0" m="31008" /><T98/><N who="0" m="31264" /><T73/><D110/><U42/><E108/><V37/><F33/><T111/><D111/><U49/><E100/><V56/><F37/><T107/><D119/><U1/><E1/><V109/><F109/><T115/><D115/><U82/><E42/><V86/><F74/><T45/><D73/><U50/><E40/><V48/><F126/><T128/><D128/><U94/><E50/><V79/><F99/><T125/><D107/><U105/><REACH who="1" step="1"/><E82/><REACH who="1" step="2"/><V123/><N who="2" m="31520" /><V43/><F43/><T51/><D125/><U132/><E132/><V2/><F2/><T93/><D63/><U71/><E71/><V131/><F48/><T106/><D106/><U70/><E70/><V38/><F38/><T101/><D93/><U41/><E41/><V76/><F135/><T72/><D92/><U114/><E114/><V102/><F112/><T36/><D51/><U85/><AGARI ba="0,1" hai="32,35,49,54,57,58,61,64,85,89,94,96,103,105" machi="85" ten="20,12000,2" yaku="1,1,0,1,7,1,52,2,53,1" doraHai="0" doraHaiUra="44" who="1" fromWho="1" sc="305,-60,234,130,501,-60,0,0" /><INIT seed="5,1,0,4,2,42" ten="245,364,441,0" oya="1" hai0="37,35,124,1,63,115,86,70,53,44,90,50,2" hai1="113,126,88,92,60,32,3,116,77,78,41,74,76" hai2="108,73,36,99,45,118,67,128,80,39,56,57,107" hai3="" shuffle="mt19937ar,4868E199,3704B431,7F6D03C0,11FCD99D,8A11ED50,7FDD8A05,137C696F,5B9F29A7"/><U54/><E32/><V127/><F108/><T105/><D35/><U114/><E116/><V109/><F109/><T72/><D72/><U49/><E3/><V96/><F118/><T106/><D124/><U75/><E126/><V100/><F127/><T83/><D115/><N who="1" m="44043" /><E60/><V121/><N who="2" m="31008" /><V122/><N who="2" m="31264" /><V89/><F128/><T59/><D2/><U130/><E41/><V52/><F67/><T84/><D1/><U103/><E103/><V81/><F100/><T43/><REACH who="0" step="1"/><D84/><REACH who="0" step="2"/><U48/><E130/><V68/><F73/><N who="1" m="27657" /><E54/><V93/><F52/><T117/><D117/><U94/><E94/><V123/><N who="2" m="31520" /><V0/><F0/><T46/><D46/><U85/><AGARI ba="1,1" hai="48,49,76,77,78,85,88,92" m="27657,44043" machi="85" ten="40,2600,0" yaku="15,1,54,1" doraHai="42" who="1" fromWho="1" sc="235,-14,364,38,441,-14,0,0" /><INIT seed="5,2,0,0,0,90" ten="221,402,427,0" oya="1" hai0="44,52,117,108,118,113,124,120,78,72,50,36,33" hai1="99,101,86,135,127,61,81,60,42,35,125,38,41" hai2="109,111,96,84,122,66,53,112,133,97,55,57,119" hai3="" shuffle="mt19937ar,FAF51ED3,0B17D47F,978A2BAB,9AC61261,515C5D02,42E477E4,55EA7ACC,B99CEDFF"/><U64/><E35/><V132/><N who="2" m="31264" /><V70/><F119/><N who="0" m="45578" /><D33/><U46/><E42/><V67/><F70/><T82/><N who="0" m="30752" /><T56/><D108/><U93/><E135/><V87/><F57/><T32/><D32/><U63/><REACH who="1" step="1"/><E64/><REACH who="1" step="2"/><V62/><F112/><T129/><D113/><U115/><E115/><V88/><F133/><T54/><D129/><U83/><E83/><V45/><F132/><T43/><D124/><U104/><E104/><V130/><F130/><T91/><D54/><U94/><E94/><V65/><F65/><T3/><D3/><U100/><E100/><V71/><F53/><T49/><D91/><AGARI ba="2,1" hai="38,41,46,60,61,63,81,86,91,93,99,101,125,127" machi="91" ten="40,7700,0" yaku="1,1,52,1,53,1" doraHai="90" doraHaiUra="37" who="1" fromWho="0" sc="221,-81,392,91,427,0,0,0" /><INIT seed="5,3,0,0,5,86" ten="140,483,427,0" oya="1" hai0="52,126,91,110,132,65,88,33,105,75,78,35,60" hai1="128,122,135,107,43,56,54,95,93,70,101,97,39" hai2="37,96,100,72,44,87,34,40,98,124,90,89,57" hai3="" shuffle="mt19937ar,FE780871,AEC3C251,B5B1A1C6,061E7C32,39141630,7B76FC75,B439AD40,5B229EF3"/><U127/><N who="1" m="31264" /><U59/><E70/><V32/><F72/><T114/><D110/><U2/><E2/><V99/><F124/><T123/><N who="0" m="31520" /><T82/><D126/><U106/><E127/><V108/><F108/><T120/><N who="0" m="30752" /><T45/><D105/><U48/><E128/><V77/><F100/><T64/><D132/><U131/><E131/><V3/><F3/><T49/><D114/><U119/><E119/><V1/><F1/><T76/><D76/><U69/><E69/><V125/><F125/><T67/><REACH who="0" step="1"/><D60/><REACH who="0" step="2"/><U55/><E135/><V74/><F77/><T50/><D50/><U51/><E107/><V0/><F0/><T104/><D104/><U103/><E103/><V111/><F111/><T92/><D92/><U36/><E36/><V53/><F74/><T102/><D102/><U81/><E81/><V116/><F116/><T133/><D133/><U73/><E73/><V94/><REACH who="2" step="1"/><F90/><AGARI ba="3,1" hai="33,35,45,49,52,64,65,67,75,78,82,88,90,91" m="30752,31520" machi="90" ten="40,16000,3" yaku="1,1,52,5,54,2,53,0" doraHai="86" doraHaiUra="113" who="0" fromWho="2" sc="130,176,483,0,427,-166,0,0" /><INIT seed="6,0,0,1,1,75" ten="306,483,261,0" oya="2" hai0="50,63,80,123,128,37,67,99,87,115,68,96,112" hai1="117,132,133,94,65,98,134,57,131,54,35,72,100" hai2="85,48,59,76,135,113,56,101,118,116,88,91,32" hai3="" shuffle="mt19937ar,A6588368,A7A62B05,0F2EC3F9,5D36E637,D3F31F06,D3F6A6A8,B8FD1C95,5AD96043"/><V2/><F2/><T42/><N who="0" m="31520" /><T45/><D128/><U70/><E35/><V53/><F32/><T49/><D96/><U34/><E34/><V39/><F39/><T64/><D99/><U129/><E117/><V84/><F135/><T122/><N who="0" m="31264" /><T38/><D38/><U69/><E72/><V107/><F113/><N who="0" m="43594" /><D64/><U106/><E106/><V36/><F36/><T102/><D102/><U127/><E127/><V105/><F48/><T61/><D61/><U55/><E55/><V3/><F53/><T73/><D73/><U77/><E65/><V95/><F3/><T125/><D125/><U1/><E1/><V74/><F74/><T89/><AGARI ba="0,0" hai="37,42,45,49,50,63,67,68,80,87,89" m="43594,31264,31520" machi="89" ten="30,5900,0" yaku="15,1,11,1,52,2" doraHai="75" who="0" fromWho="0" sc="306,59,483,-20,261,-39,0,0" owari="365,-3,463,41,222,-38,0,0" /></mjloggm>