<mjloggm ver="2.3"><GO type="185"/><UN n0="%E4%B8%89%E7%94%B0%E6%9D%91%E8%8C%9C" n1="%E3%81%A8%E3%81%84%E3%81%A4%E3%81%BE%E3%81%99%E3%81%9F%E3%81%81%E2%99%AA" n2="%53%54%4F%53%48%49%59%41" n3="" dan="16,16,17,0" rate="2118,2137,2166,1500" sx="F,M,M,C"/><TAIKYOKU oya="0"/><INIT seed="0,0,0,2,5,76" ten="350,350,350,0" oya="0" hai0="86,62,82,54,92,88,47,48,40,133,81,127,45" hai1="135,61,68,37,60,49,32,130,124,38,63,89,128" hai2="96,118,41,117,36,102,103,106,83,75,84,66,99" hai3="" shuffle="mt19937ar,0CA57916,A215EF2E,5D36B819,4751EA58,E30B9D4D,89DC60F9,41D47A51,E3507791"/><T1/><D1/><U2/><E2/><V131/><F41/><T59/><D133/><U3/><E3/><V57/><F36/><N who="1" m="13929" /><E32/><V110/><F66/><T80/><D127/><U35/><E35/><V111/><F57/><T105/><D105/><U55/><E89/><V113/><F113/><T94/><D47/><U119/><E119/><N who="2" m="45579" /><F131/><N who="1" m="50217" /><E135/><V126/><F126/><T67/><REACH who="0" step="1"/><D94/><REACH who="0" step="2"/><U74/><E124/><V52/><F111/><T109/><D109/><U33/><E33/><V70/><F110/><T51/><D51/><U91/><E74/><V104/><F75/><T53/><AGARI ba="0,1" hai="40,45,48,53,54,59,62,67,80,81,82,86,88,92" machi="53" ten="30,12000,2" yaku="1,1,0,1,8,1,52,3,54,1,53,0" doraHai="76" doraHaiUra="112" who="0" fromWho="0" sc="340,130,350,-60,350,-60,0,0" /><INIT seed="0,1,0,1,0,89" ten="470,290,290,0" oya="0" hai0="102,106,119,37,134,114,35,105,2,45,97,118,104" hai1="58,133,77,0,127,92,34,72,59,115,44,122,66" hai2="71,87,107,123,95,108,32,109,52,39,70,46,129" hai3="" shuffle="mt19937ar,DC934D48,8EF564C2,526874F4,95FF833B,D5B929BE,8A1ABACA,5469011A,EBA58262"/><T60/><D2/><U50/><N who="1" m="31264" /><U100/><E34/><V33/><N who="2" m="31520" /><V86/><F107/><T79/><D35/><U47/><E0/><V101/><F32/><T80/><D114/><U57/><E115/><V116/><F33/><T82/><D134/><U67/><E133/><V73/><F73/><T1/><D1/><U65/><E127/><V76/><F116/><T96/><D60/><U84/><E72/><V111/><F129/><T81/><D37/><U90/><E77/><V61/><F39/><T64/><D64/><U63/><E100/><V121/><N who="2" m="31008" /><V120/><N who="2" m="30752" /><V38/><F38/><T132/><D45/><U110/><E110/><V53/><F46/><T94/><D132/><U49/><E44/><V91/><F101/><T36/><D36/><U88/><E63/><V48/><F48/><T125/><D125/><U112/><E112/><V131/><F131/><T113/><D113/><U69/><E69/><N who="2" m="26123" /><F61/><T98/><D79/><U99/><REACH who="1" step="1"/><E47/><REACH who="1" step="2"/><V93/><F76/><T85/><D102/><U124/><E124/><V68/><F68/><T51/><D51/><U42/><E42/><V56/><F56/><T40/><D40/><U41/><E41/><V74/><F74/><T126/><D126/><RYUUKYOKU ba="1,1" sc="470,0,280,0,290,0,0,0" hai0="80,81,82,85,94,96,97,98,104,105,106,118,119" hai1="49,50,57,58,59,65,66,67,84,88,90,92,99" hai2="52,53,86,87,91,93,95,108,109,111" /><INIT seed="0,2,1,3,5,45" ten="470,280,290,0" oya="0" hai0="51,85,119,130,70,43,32,75,73,116,86,94,131" hai1="133,54,42,88,39,98,126,35,59,118,125,40,64" hai2="124,113,103,62,56,106,90,78,115,2,66,58,114" hai3="" shuffle="mt19937ar,8AC4B277,87EF690E,94A6FFDB,45C0176D,5172C726,F966D0B1,0350FFBC,F09A20BE"/><T67/><D32/><U129/><E35/><V33/><F2/><T132/><D70/><U99/><E118/><N who="0" m="45097" /><D67/><U71/><E133/><V100/><F33/><T108/><D132/><U109/><E109/><V122/><N who="2" m="31264" /><V127/><F78/><T104/><D104/><U93/><E129/><N who="0" m="49161" /><D108/><U84/><E64/><V102/><F106/><T120/><N who="0" m="30752" /><T77/><D94/><U69/><E69/><V63/><F90/><T60/><D60/><N who="2" m="23082" /><F66/><T81/><D86/><U95/><E71/><V134/><F134/><T87/><D85/><U110/><E84/><V48/><F48/><T46/><AGARI ba="2,1" hai="43,46,51,73,75,77,81,87" m="30752,49161,45097" machi="46" ten="40,5200,0" yaku="19,1,52,2" doraHai="45" who="0" fromWho="0" sc="470,66,280,-28,290,-28,0,0" /><INIT seed="0,3,0,2,0,88" ten="536,252,262,0" oya="0" hai0="74,94,117,95,103,112,36,59,99,90,51,125,67" hai1="124,96,44,33,81,40,127,115,73,43,113,50,109" hai2="120,121,45,71,53,82,123,108,84,1,35,49,122" hai3="" shuffle="mt19937ar,92B41EB6,F4400011,F77A4D8A,1B2750E4,14AB9D7C,7BAAEE49,D5D44623,F67C4E65"/><T69/><D117/><U107/><E33/><V130/><N who="2" m="30752" /><V55/><N who="2" m="31008" /><V119/><N who="2" m="31264" /><V65/><N who="2" m="31520" /><V104/><F35/><T114/><D36/><U93/><E107/><V77/><F1/><T64/><D74/><U61/><E109/><V48/><F119/><T132/><D132/><U32/><E32/><V106/><F108/><T135/><D135/><U129/><E129/><V89/><F130/><T79/><D79/><U97/><E97/><V63/><F77/><T38/><D38/><U56/><E81/><V70/><F70/><T133/><D133/><U66/><E73/><V2/><REACH who="2" step="1"/><F2/><REACH who="2" step="2"/><T134/><D69/><U98/><E115/><V37/><F37/><T128/><D134/><U42/><E113/><V111/><F111/><T78/><D128/><U86/><E127/><V41/><F41/><N who="1" m="15977" /><E124/><V46/><AGARI ba="3,1" hai="45,46,48,49,53,55,63,65,71,82,84,89,104,106" m="31520,31264,31008,30752" machi="46" ten="20,12000,3" yaku="1,1,0,1,7,1,9,1,52,4,53,1" doraHai="88" doraHaiUra="85" who="2" fromWho="2" sc="536,-83,252,-43,252,136,0,0" /><INIT seed="1,0,0,4,4,90" ten="453,209,388,0" oya="1" hai0="127,109,104,36,96,38,129,79,62,106,51,131,2" hai1="55,69,64,75,110,60,43,100,114,65,128,57,124" hai2="45,111,123,47,81,87,105,63,116,115,107,82,80" hai3="" shuffle="mt19937ar,E9B57D3F,C9BBDA89,4389500C,B9105E5E,2E735207,6B7173C7,4060DB84,B29CF9C4"/><U72/><E114/><V85/><N who="2" m="31520" /><V93/><F116/><T56/><D2/><U86/><E128/><N who="0" m="49225" /><D109/><U76/><E110/><V108/><F115/><T94/><D79/><U46/><E124/><V33/><F33/><T84/><D84/><N who="2" m="32330" /><F63/><T70/><D70/><U91/><E100/><V42/><F42/><T92/><D51/><U48/><E76/><V74/><F74/><T49/><D49/><U61/><REACH who="1" step="1"/><E43/><REACH who="1" step="2"/><V41/><F41/><T89/><D127/><U50/><E50/><V102/><F111/><T88/><D36/><U132/><E132/><V133/><F108/><T73/><D38/><U32/><E32/><V103/><F133/><T44/><D44/><U59/><E59/><V130/><F47/><T58/><D56/><U40/><E40/><V39/><F45/><T122/><N who="0" m="31264" /><T68/><D68/><U119/><E119/><V34/><F39/><T54/><D73/><U77/><E77/><V95/><F34/><T3/><D58/><U98/><E98/><V135/><F135/><T71/><D96/><U83/><AGARI ba="0,1" hai="46,48,55,57,60,61,64,65,69,72,75,83,86,91" machi="83" ten="20,2600,0" yaku="1,1,0,1,7,1,53,0" doraHai="90" doraHaiUra="113" who="1" fromWho="1" sc="453,-13,199,36,388,-13,0,0" /><INIT seed="1,1,0,2,5,80" ten="440,235,375,0" oya="1" hai0="91,109,130,67,102,114,135,61,104,107,121,115,85" hai1="129,117,106,116,62,1,118,99,96,84,100,70,57" hai2="53,76,124,88,81,105,132,101,126,82,46,133,83" hai3="" shuffle="mt19937ar,9BCFD93D,609F9D54,9F847E69,774CC841,62A1E498,D495564D,D0A45145,ACA6CF15"/><U74/><E74/><V97/><F53/><T77/><N who="0" m="31008" /><T44/><D77/><U68/><E1/><V39/><F46/><T55/><D135/><N who="2" m="51786" /><F39/><T0/><D0/><U35/><E35/><V94/><F76/><T2/><D2/><U110/><E129/><V123/><N who="2" m="31520" /><V43/><F43/><T69/><D130/><U59/><E110/><V51/><F51/><T95/><D109/><U63/><E84/><AGARI ba="1,0" hai="81,82,83,84,88,94,97,101,105,124,126" m="31520,51786" machi="84" ten="30,12000,2" yaku="20,1,34,2,52,2,54,1" doraHai="80" who="2" fromWho="1" sc="440,0,235,-122,375,122,0,0" /><INIT seed="2,0,0,0,3,0" ten="440,113,497,0" oya="2" hai0="70,34,52,48,128,103,59,62,43,63,98,110,131" hai1="121,37,36,54,45,108,66,123,133,77,39,69,72" hai2="101,91,81,83,67,82,127,55,56,41,90,132,32" hai3="" shuffle="mt19937ar,3CFEC0C5,43C9644B,47364BFB,BF4D0005,A32C7498,7D1DA9BB,D6357F05,7C6C4683"/><V1/><F1/><T46/><D110/><U116/><E77/><V35/><F67/><T3/><D3/><U134/><N who="1" m="31008" /><U111/><N who="1" m="31520" /><U58/><E72/><V126/><F41/><T106/><D70/><U78/><E78/><V51/><F101/><T105/><D105/><U2/><E2/><V96/><F132/><N who="1" m="50793" /><E116/><V61/><F61/><T68/><D68/><U114/><E114/><V71/><F71/><T89/><D34/><N who="2" m="12842" /><F96/><T76/><D76/><U117/><E117/><V109/><F109/><N who="1" m="42057" /><E69/><V102/><F102/><T44/><D63/><U113/><E113/><V80/><N who="2" m="20480" /><DORA hai="74" /><V129/><F129/><T73/><D73/><U38/><E66/><V87/><F87/><T122/><N who="0" m="31264" /><T120/><N who="0" m="30752" /><T57/><D62/><U65/><E65/><V50/><F50/><T92/><D43/><U40/><E36/><V64/><F64/><T97/><D131/><U135/><N who="1" m="50801" /><U95/><DORA hai="49" /><E95/><V33/><N who="2" m="12850" /><V130/><DORA hai="60" /><F130/><T118/><D128/><U93/><E93/><V42/><F42/><T85/><D118/><U107/><E107/><V47/><F47/><T86/><D44/><U94/><E94/><V112/><F112/><T115/><D115/><U124/><E40/><RYUUKYOKU ba="0,0" sc="440,10,113,-20,497,10,0,0" hai0="46,48,52,57,59,85,86,89,92,97,98,103,106" hai2="51,55,56,90,91,126,127" /><INIT seed="2,1,0,3,5,79" ten="450,93,507,0" oya="2" hai0="87,1,63,32,41,49,80,76,101,81,59,60,84" hai1="78,48,108,106,61,54,34,125,70,118,68,130,38" hai2="109,112,82,37,90,64,110,133,126,71,128,58,117" hai3="" shuffle="mt19937ar,DA29CBB7,07693877,72987857,52B5520F,B8AFA39E,B17C26A4,806EFF7D,798CED53"/><V36/><F117/><T114/><D1/><U46/><E34/><V77/><F112/><T56/><D32/><U135/><E106/><V93/><F71/><T35/><D35/><U73/><E118/><V127/><F133/><T124/><D114/><U43/><E135/><V123/><N who="2" m="31520" /><V39/><F128/><T121/><N who="0" m="31008" /><T88/><D101/><U2/><E2/><V83/><F64/><T116/><D116/><U129/><E125/><N who="2" m="47627" /><F58/><N who="0" m="22058" /><D124/><U134/><E134/><V57/><F57/><T40/><D49/><U55/><E78/><V65/><F65/><T42/><AGARI ba="1,0" hai="40,41,42,60,63,76,80,81,84,87,88" m="22058,31008" machi="42" ten="30,6000,1" yaku="8,1,52,3,54,1" doraHai="79" who="0" fromWho="0" sc="450,62,93,-21,507,-41,0,0" /><INIT seed="4,0,0,4,5,99" ten="512,72,466,0" oya="0" hai0="134,2,0,112,62,82,100,59,91,32,42,37,86" hai1="116,89,52,92,124,115,94,56,129,41,39,69,58" hai2="135,38,84,88,45,93,49,66,55,109,68,40,122" hai3="" shuffle="mt19937ar,B810E973,4305561C,5B3FC61D,582D204F,4FCCF655,59F104FA,6FFC5375,7C6FD640"/><T44/><D32/><U96/><E69/><V117/><N who="2" m="31264" /><V110/><F117/><T64/><D112/><U70/><E70/><V43/><F135/><T63/><D134/><U114/><E116/><V119/><F119/><T53/><REACH who="0" step="1"/><D100/><REACH who="0" step="2"/><U46/><E129/><V85/><F110/><T36/><D36/><U74/><E124/><V103/><F109/><T131/><D131/><U79/><E94/><V90/><F103/><T98/><D98/><U3/><E3/><V72/><F72/><T51/><D51/><U65/><E74/><V35/><F35/><T47/><D47/><U73/><E73/><V120/><N who="2" m="30752" /><V54/><F38/><T127/><D127/><U76/><E115/><V80/><REACH who="2" step="1"/><F43/><REACH who="2" step="2"/><T97/><D97/><U61/><E114/><V78/><F78/><T83/><D83/><U71/><E79/><V108/><F108/><T57/><AGARI ba="0,2" hai="0,2,37,42,44,53,57,59,62,63,64,82,86,91" machi="57" ten="20,5200,0" yaku="1,1,0,1,7,1,53,1" doraHai="99" doraHaiUra="87" who="0" fromWho="0" sc="502,72,72,-26,456,-26,0,0" /><INIT seed="4,1,0,3,5,116" ten="574,46,430,0" oya="0" hai0="119,52,48,65,81,134,79,67,89,92,60,33,117" hai1="40,73,69,45,57,108,53,126,93,91,88,127,103" hai2="32,70,76,80,83,63,130,113,107,128,2,85,131" hai3="" shuffle="mt19937ar,39DFCD95,BE366420,ACD5DF8D,CA04E2A9,73945FA6,AD5C2B69,D1CB28C6,69992476"/><T38/><D33/><U104/><E69/><V98/><F2/><T135/><D38/><U50/><E73/><V96/><F32/><T94/><D117/><U111/><E104/><V122/><N who="2" m="31264" /><V100/><F70/><T97/><D94/><U123/><N who="1" m="31520" /><U86/><E103/><V43/><F63/><T62/><D62/><U39/><REACH who="1" step="1"/><E91/><REACH who="1" step="2"/><V132/><F132/><T41/><D119/><U58/><E58/><V90/><F43/><T1/><D41/><U125/><AGARI ba="1,1" hai="39,40,45,50,53,57,86,88,93,108,111,125,126,127" m="31520" machi="125" ten="30,9000,2" yaku="1,1,0,1,18,1,52,2,54,1,53,0" doraHai="116" doraHaiUra="74" who="1" fromWho="1" sc="574,-61,36,102,430,-31,0,0" /><INIT seed="5,0,0,1,3,36" ten="513,138,399,0" oya="1" hai0="95,96,65,50,85,35,46,104,83,102,103,43,131" hai1="70,97,114,132,0,94,34,47,118,42,87,119,101" hai2="76,49,44,105,135,112,74,66,115,39,41,53,106" hai3="" shuffle="mt19937ar,B9BFABAC,D6C9BA05,DD03F470,0C9C3064,0CA6F205,A7EF3DD4,CAB0F9C7,8152B489"/><U79/><E70/><V84/><F74/><T57/><D35/><U98/><E34/><V72/><F72/><T111/><D131/><U56/><E0/><V78/><F66/><T128/><D128/><U89/><E132/><V73/><F73/><T108/><D103/><U71/><E71/><V80/><F78/><T59/><D104/><U107/><E114/><N who="2" m="43563" /><F135/><T91/><REACH who="0" step="1"/><D65/><REACH who="0" step="2"/><U123/><N who="1" m="31520" /><U120/><N who="1" m="30752" /><U99/><E56/><AGARI ba="0,1" hai="39,41,44,49,53,56,76,80,84,105,106" m="43563" machi="56" ten="30,3900,0" yaku="15,1,11,1,52,1" doraHai="36" who="2" fromWho="1" sc="503,0,138,-39,399,49,0,0" /><AGARI ba="0,0" hai="43,46,50,56,57,59,83,85,91,95,96,102,108,111" machi="56" ten="40,8000,1" yaku="1,1,52,1,53,3" doraHai="36" doraHaiUra="52" who="0" fromWho="1" sc="503,80,99,-80,448,0,0,0" /><INIT seed="6,0,0,4,2,106" ten="583,19,448,0" oya="2" hai0="102,1,124,114,50,62,98,55,123,67,38,79,48" hai1="132,112,54,44,40,128,32,113,121,42,72,33,110" hai2="37,133,56,2,96,111,120,57,66,43,83,95,109" hai3="" shuffle="mt19937ar,022DA13B,A038829D,89314ACC,484AFBD7,986FC9B4,7D61FEDE,07FC81FB,391842E7"/><V69/><N who="2" m="30752" /><V53/><F2/><T126/><N who="0" m="31520" /><T82/><D114/><U49/><N who="1" m="31008" /><U84/><E84/><V0/><F0/><T58/><D38/><U117/><E33/><V65/><F133/><T94/><D1/><U104/><E54/><V80/><F57/><T134/><D134/><U59/><E59/><V122/><N who="2" m="31264" /><V76/><F69/><T130/><D130/><U86/><E86/><V78/><F66/><T45/><REACH who="0" step="1"/><D48/><REACH who="0" step="2"/><U103/><E49/><V70/><F65/><T77/><D77/><N who="2" m="29802" /><F70/><T97/><D97/><U92/><E132/><V125/><F125/><T127/><D127/><U61/><E32/><V105/><F37/><T35/><D35/><U119/><E113/><V135/><F135/><T51/><D51/><U34/><E112/><V131/><F131/><T101/><D101/><U99/><E128/><V93/><F43/><T75/><AGARI ba="0,1" hai="45,50,55,58,62,67,75,79,82,94,98,102,124,126" m="31520" machi="75" ten="30,5900,0" yaku="1,1,0,1,52,2,53,0" doraHai="106" doraHaiUra="115" who="0" fromWho="0" sc="573,69,19,-20,448,-39,0,0" owari="642,59,-1,-60,409,1,0,0" /></mjloggm>