<mjloggm ver="2.3"><GO type="185"/><UN n0="%E5%83%95%E3%80%81%E3%81%8A%E3%81%8A%E3%81%8F%E3%81%BD%E3%82%93" n1="%E6%84%9F%E8%AC%9D%E3%81%A7%E3%81%99" n2="%E4%B8%89%E7%94%B0%E6%9D%91%E8%8C%9C" n3="" dan="17,17,17,0" rate="2129,2177,2208,1500" sx="F,M,F,C"/><TAIKYOKU oya="0"/><INIT seed="0,0,0,1,0,91" ten="350,350,350,0" oya="0" hai0="39,135,89,77,40,32,111,80,108,86,74,124,115" hai1="83,55,70,99,54,120,107,130,0,97,95,121,56" hai2="126,62,59,134,52,101,3,69,122,81,113,34,118" hai3="" shuffle="mt19937ar,865A78EC,68BC8F4F,0547DF7F,729B4197,5B5D6DB4,80FEA88C,34F685CC,D826FE23"/><T127/><D32/><U60/><N who="1" m="30752" /><U53/><N who="1" m="31008" /><U105/><E0/><V100/><N who="2" m="31264" /><V2/><F34/><T85/><D115/><U106/><E130/><V88/><F113/><T110/><D135/><U96/><E70/><V76/><F134/><T123/><N who="0" m="31520" /><T36/><D74/><U92/><REACH who="1" step="1"/><E83/><REACH who="1" step="2"/><V102/><F2/><T65/><D65/><AGARI ba="0,1" hai="53,54,55,56,60,65,92,95,96,97,99,105,106,107" m="31008,30752" machi="65" ten="50,16000,3" yaku="1,1,2,1,29,2,52,4,53,0" doraHai="91" doraHaiUra="47" who="1" fromWho="0" sc="350,-160,340,170,350,0,0,0" /><INIT seed="1,0,0,5,4,34" ten="190,510,350,0" oya="1" hai0="56,75,32,123,41,87,78,103,82,83,70,108,48" hai1="125,76,46,100,54,101,124,69,127,64,89,42,112" hai2="73,130,59,61,114,102,45,95,98,51,106,135,133" hai3="" shuffle="mt19937ar,38A69007,2175A8EF,BD5EB6BF,4B632A43,0969ADB1,7CB2CC45,B9610E1A,6895CA25"/><U126/><E112/><V71/><F71/><T35/><N who="0" m="31520" /><T43/><D70/><U99/><E76/><V63/><F73/><T93/><D108/><U40/><E69/><V91/><F114/><T80/><D35/><U122/><N who="1" m="31264" /><U109/><E64/><V67/><F130/><T97/><D32/><U121/><N who="1" m="31008" /><U0/><E0/><V107/><F63/><T129/><D129/><U49/><E109/><V66/><F66/><T105/><D82/><U50/><N who="1" m="31744" /><DORA hai="134" /><U74/><E74/><V3/><F3/><T104/><D43/><N who="1" m="16427" /><E50/><V38/><F135/><T58/><D41/><U60/><E60/><V2/><F61/><T79/><REACH who="0" step="1"/><D48/><REACH who="0" step="2"/><U77/><E77/><V96/><F51/><T94/><D94/><AGARI ba="0,1" hai="46,49,54,89,94,99,100,101" m="16427,31744,31008,31264" machi="94" ten="60,18000,2" yaku="18,1,52,6" doraHai="34,134" who="1" fromWho="0" sc="180,-180,510,190,350,0,0,0" /><INIT seed="1,1,0,5,1,129" ten="0,700,350,0" oya="1" hai0="79,48,53,45,92,105,84,133,41,89,88,32,1" hai1="100,34,126,46,91,0,69,120,74,107,64,94,71" hai2="37,38,51,55,113,103,85,57,2,112,39,47,93" hai3="" shuffle="mt19937ar,4FB3943D,B2B3B510,25028492,63AC0132,8C1860AC,D65BEDC0,909C0A2B,86BC4950"/><U60/><N who="1" m="30752" /><U87/><E0/><V132/><F2/><T58/><D1/><U67/><E34/><V81/><F132/><T66/><D32/><U101/><E74/><V65/><F103/><T75/><D105/><U72/><E72/><V104/><F93/><T82/><D133/><U42/><E107/><V123/><N who="2" m="31520" /><V97/><F97/><T40/><D66/><U118/><E118/><V52/><F104/><T77/><D89/><U61/><E126/><V70/><F70/><T56/><D40/><U102/><REACH who="1" step="1"/><E100/><REACH who="1" step="2"/><V111/><F112/><T119/><D119/><U110/><E110/><V54/><F111/><T117/><D117/><U134/><E134/><V43/><F113/><T96/><D75/><U135/><E135/><V3/><F3/><T83/><D77/><U98/><E98/><V106/><F106/><T73/><D73/><U35/><E35/><V127/><F127/><T99/><D99/><U78/><E78/><V114/><F114/><T108/><D108/><U109/><E109/><V86/><F86/><T33/><D33/><U125/><E125/><V128/><F85/><T44/><D83/><U95/><E95/><V80/><F81/><T122/><N who="0" m="31264" /><T59/><D41/><U62/><E62/><RYUUKYOKU ba="1,1" sc="0,10,690,10,350,-20,0,0" hai0="44,45,48,53,56,58,59,79,82,84,88,92,96" hai1="42,46,60,61,64,67,69,71,87,91,94,101,102" /><INIT seed="1,2,1,2,3,73" ten="10,700,330,0" oya="1" hai0="67,112,135,44,108,92,126,96,85,116,100,66,2" hai1="106,113,118,36,103,40,55,114,33,39,129,63,60" hai2="134,86,49,65,46,124,102,104,38,133,88,3,87" hai3="" shuffle="mt19937ar,3DF8C4A7,A51AEBB7,CBFD0CAB,8BFB3915,4AADC00A,84953121,6AC6733F,1FD0D934"/><U72/><E33/><V56/><F38/><T45/><D2/><U98/><E118/><V127/><F3/><T97/><D116/><U42/><E129/><V77/><F102/><T51/><D112/><U59/><E72/><V62/><F77/><T58/><D108/><U119/><E119/><V41/><F104/><T91/><D135/><N who="2" m="51722" /><F87/><T132/><D132/><U105/><E103/><V95/><AGARI ba="2,1" hai="41,46,49,56,62,65,86,88,95,124,127" m="51722" machi="95" ten="30,1500,0" yaku="20,1,54,1" doraHai="73" who="2" fromWho="2" sc="10,-7,700,-12,330,29,0,0" /><INIT seed="2,0,0,0,1,112" ten="3,688,359,0" oya="2" hai0="40,126,99,39,69,86,32,3,88,51,111,62,91" hai1="0,114,68,42,107,121,48,83,125,61,133,97,84" hai2="90,79,73,123,130,120,85,45,102,116,34,117,44" hai3="" shuffle="mt19937ar,A344A56F,22C24169,09341A3C,9B51B5F8,EA74CF98,204BA7C0,51805C12,7F83226B"/><V89/><N who="2" m="30752" /><V118/><N who="2" m="31520" /><V78/><F34/><T56/><D3/><U82/><E84/><V75/><F85/><T41/><D32/><U37/><E48/><V55/><F55/><T106/><D111/><U50/><E50/><V128/><F102/><T103/><D69/><U108/><E83/><V58/><F58/><T64/><D126/><U74/><E82/><V70/><F116/><T105/><D39/><U77/><E97/><V98/><F98/><T135/><D106/><U132/><E77/><V122/><N who="2" m="31264" /><V129/><F129/><T76/><D135/><U59/><E61/><V49/><F49/><T35/><D35/><U71/><E42/><V54/><F54/><T96/><D96/><U119/><E59/><V46/><F46/><T38/><D38/><U72/><E71/><AGARI ba="0,0" hai="44,45,70,71,73,75,78,79,89,90,117,118,128,130" m="31264,31520,30752" machi="71" ten="25,18000,2" yaku="22,2,52,5" doraHai="112" who="2" fromWho="1" sc="3,0,688,-180,359,180,0,0" /><INIT seed="2,1,0,3,3,61" ten="3,508,539,0" oya="2" hai0="63,62,60,70,125,38,122,83,74,123,69,67,54" hai1="101,94,80,90,118,44,78,76,41,32,102,109,58" hai2="45,73,71,34,130,84,116,135,126,3,115,120,2" hai3="" shuffle="mt19937ar,CFE19D08,F192ABB7,3B12BBEB,AD2022F6,7B6F897C,B1840FA4,075352C5,52C2D0AB"/><V42/><RYUUKYOKU type="yao9" ba="1,0" sc="3,0,508,0,539,0,0,0" hai2="2,3,34,42,45,71,73,84,115,116,120,126,130,135" /><INIT seed="2,2,0,5,5,41" ten="3,508,539,0" oya="2" hai0="37,44,40,115,80,47,128,66,59,91,78,64,120" hai1="101,67,99,49,86,98,36,84,121,79,114,119,125" hai2="0,58,38,74,97,34,77,39,109,132,61,94,70" hai3="" shuffle="mt19937ar,BDDB8560,18903682,1F998240,F9E650B4,0AF00C59,25183288,F867881D,B7F0DDC0"/><V107/><F34/><T56/><N who="0" m="30752" /><T42/><D128/><U33/><N who="1" m="31008" /><U112/><E33/><V46/><F0/><T110/><D110/><U32/><E32/><V131/><F109/><T57/><D115/><U95/><E36/><V113/><F131/><T105/><D91/><U3/><E3/><V51/><F113/><N who="1" m="43625" /><E49/><V124/><F132/><T118/><D105/><U65/><E67/><N who="0" m="25641" /><D80/><U103/><E65/><V54/><F107/><T76/><D78/><U123/><N who="1" m="31520" /><U72/><E119/><V62/><F124/><T73/><D76/><U43/><E43/><N who="0" m="16425" /><D73/><U134/><E134/><V117/><F117/><T71/><D118/><U45/><E45/><N who="0" m="17481" /><D37/><U100/><E125/><V96/><F74/><T89/><D89/><U102/><E99/><V60/><F77/><T85/><D85/><U63/><E86/><V68/><F97/><T104/><D104/><U88/><E72/><V106/><F106/><T35/><D35/><U55/><E79/><V127/><F38/><T135/><D135/><U75/><E75/><V82/><F39/><T52/><D52/><U129/><E98/><V126/><F96/><T69/><AGARI ba="2,0" hai="56,57,59,69,71" m="17481,16425,25641,30752" machi="69" ten="40,18000,4" yaku="28,2,35,5,52,4" doraHai="41" who="0" fromWho="0" sc="3,184,508,-62,539,-122,0,0" /><INIT seed="4,0,0,3,4,110" ten="187,446,417,0" oya="0" hai0="74,2,37,71,75,66,3,120,69,40,98,81,112" hai1="50,125,55,95,82,48,73,93,94,88,87,80,45" hai2="123,51,63,58,52,67,83,117,0,1,32,116,102" hai3="" shuffle="mt19937ar,1289A41E,74D47E6F,48660F7A,7C5644FF,CBA0FA26,9629D994,3DD7BDC2,AA5098E2"/><T90/><N who="0" m="30752" /><T38/><D81/><U106/><E106/><V54/><N who="2" m="31520" /><V78/><F32/><T34/><D90/><U104/><E104/><V77/><F54/><T107/><D40/><U129/><E129/><V42/><F42/><T70/><D66/><U62/><E125/><V118/><F102/><T124/><D124/><U64/><E73/><N who="0" m="27657" /><D98/><U105/><E105/><V113/><F113/><T41/><D41/><U46/><E82/><V101/><F101/><T43/><D43/><U85/><E87/><V114/><F114/><T126/><D126/><U133/><E80/><V76/><REACH who="2" step="1"/><F83/><REACH who="2" step="2"/><T135/><D112/><U119/><E119/><V49/><F49/><T72/><D107/><U91/><E48/><V103/><F103/><T57/><D72/><U35/><E50/><V89/><F89/><T108/><D108/><U86/><E88/><V128/><F128/><T109/><D109/><U121/><E91/><V96/><F96/><T92/><D92/><U115/><E94/><V111/><F111/><T68/><N who="0" m="17920" /><DORA hai="134" /><T132/><D34/><U100/><E35/><V44/><AGARI ba="0,1" hai="0,1,44,51,52,58,63,67,76,77,78,116,117,118" m="31520" machi="44" ten="40,6000,1" yaku="1,1,0,1,12,1,52,1,54,1,53,0" doraHai="110,134" doraHaiUra="130,39" who="2" fromWho="2" sc="187,-40,446,-20,407,70,0,0" /><INIT seed="5,0,0,0,3,110" ten="147,426,477,0" oya="1" hai0="47,34,112,85,41,83,33,3,107,58,132,77,73" hai1="101,120,94,2,46,62,81,61,87,48,92,130,67" hai2="36,114,59,71,118,96,99,106,115,75,93,32,37" hai3="" shuffle="mt19937ar,D456BE58,9B0650E9,3B8C96C4,6ECD1B10,AC20ECAD,A29B2BF0,20A2179B,DAFC4177"/><U131/><N who="1" m="30752" /><U56/><E2/><V97/><F32/><T108/><D3/><U109/><E109/><V79/><F106/><T98/><D108/><U102/><E92/><V70/><F118/><T68/><D132/><U100/><E94/><V124/><F93/><T64/><D68/><N who="2" m="26154" /><F59/><T1/><D1/><U66/><E62/><V127/><F79/><T104/><D104/><U122/><N who="1" m="31264" /><U65/><E131/><V135/><F75/><T126/><D58/><U88/><E130/><V38/><F135/><T35/><D64/><U111/><E111/><V45/><F45/><T40/><D85/><U72/><E72/><V123/><N who="2" m="31520" /><V52/><F52/><AGARI ba="0,0" hai="46,48,52,56,61,65,66,67,81,87,88,100,101,102" m="31264,30752" machi="52" ten="40,12000,1" yaku="8,1,52,2,54,2" doraHai="110" who="1" fromWho="2" sc="147,0,426,120,477,-120,0,0" /><INIT seed="5,1,0,1,4,78" ten="147,546,357,0" oya="1" hai0="121,69,65,126,84,67,127,107,89,66,62,130,99" hai1="113,61,104,92,72,3,129,60,108,75,122,134,131" hai2="37,111,57,100,128,0,81,91,106,94,114,88,116" hai3="" shuffle="mt19937ar,84ABB1BE,7D065E56,AE032AAC,9A37E541,7A500026,F9957086,7792EB79,B0B0269D"/><U70/><RYUUKYOKU type="yao9" ba="1,0" sc="147,0,546,0,357,0,0,0" hai1="3,60,61,70,72,75,92,104,108,113,122,129,131,134" /><INIT seed="5,2,0,0,2,125" ten="147,546,357,0" oya="1" hai0="69,111,109,39,117,108,85,84,49,57,94,1,81" hai1="114,60,41,43,75,53,48,115,134,50,46,98,119" hai2="78,64,72,66,37,76,63,67,45,106,116,110,58" hai3="" shuffle="mt19937ar,30CBBFE9,63E79B71,59AE1CC0,75F55612,B724B211,F5C9B487,C605B924,A7642FA8"/><U96/><E75/><V80/><F116/><T32/><D1/><U112/><E119/><V89/><F110/><T40/><D32/><U47/><E134/><V0/><F106/><T35/><D35/><U113/><E113/><V104/><F104/><T52/><D117/><U62/><REACH who="1" step="1"/><E53/><REACH who="1" step="2"/><V123/><F0/><T93/><D69/><U2/><E2/><V102/><F72/><T70/><D70/><U74/><E74/><V107/><F123/><T79/><D40/><U38/><E38/><V122/><F37/><T91/><REACH who="0" step="1"/><D39/><REACH who="0" step="2"/><U90/><E90/><V118/><N who="2" m="31264" /><V59/><F89/><T129/><D129/><U135/><E135/><V83/><F118/><T133/><D133/><U88/><E88/><V73/><F102/><T34/><D34/><U124/><E124/><V65/><F73/><T86/><D86/><U61/><AGARI ba="2,2" hai="41,43,46,47,48,50,60,61,62,96,98,112,114,115" machi="61" ten="40,8000,1" yaku="1,1,0,1,9,1,15,1,53,0" doraHai="125" doraHaiUra="3" who="1" fromWho="1" sc="137,-42,536,104,357,-42,0,0" /><INIT seed="5,3,0,5,0,77" ten="95,640,315,0" oya="1" hai0="120,119,1,88,107,86,113,103,117,104,54,66,135" hai1="52,124,127,96,33,102,92,94,68,134,65,101,74" hai2="115,106,100,98,108,69,47,121,61,97,116,87,0" hai3="" shuffle="mt19937ar,C5891669,617A85C1,89717D5A,06FCA989,238EC160,B08F48CB,B0B943B9,999BE0DC"/><U57/><E33/><V132/><N who="2" m="31008" /><V95/><F115/><T71/><N who="0" m="30752" /><T85/><D1/><U34/><E34/><V128/><F108/><T130/><D71/><U38/><E38/><V93/><F116/><N who="0" m="44618" /><D54/><U133/><E74/><V2/><F69/><T48/><D66/><U111/><E111/><V118/><F118/><T49/><D48/><U64/><E68/><V3/><F61/><T41/><D49/><U114/><E114/><V72/><F47/><T43/><D41/><U84/><E84/><N who="0" m="32361" /><D43/><U73/><E73/><V131/><F72/><T63/><D63/><U32/><E32/><V51/><F51/><T45/><D45/><U126/><E126/><V44/><F44/><T62/><D62/><U40/><E40/><V79/><F0/><T58/><D58/><U46/><E46/><V37/><F37/><T109/><D109/><U55/><E57/><V53/><F2/><T36/><D36/><U125/><E125/><V35/><F3/><T67/><D67/><U50/><E50/><V91/><F35/><T75/><D113/><U112/><E112/><V39/><F39/><T90/><D75/><U83/><E127/><V122/><F122/><T81/><D135/><U89/><E124/><V70/><F132/><RYUUKYOKU ba="3,0" sc="95,0,640,0,315,0,0,0" /><INIT seed="6,4,0,2,1,51" ten="95,640,315,0" oya="2" hai0="102,112,33,129,88,57,120,79,105,3,60,110,54" hai1="52,67,41,116,127,76,53,86,37,75,55,126,92" hai2="44,32,113,130,103,109,107,48,101,68,69,78,87" hai3="" shuffle="mt19937ar,0065C6B8,FDD87404,355C1E97,FA074A00,E85B9D99,6E071501,A8A779CC,37C44241"/><V2/><F2/><T47/><D79/><U77/><E116/><V85/><F109/><T119/><D47/><U95/><E67/><V128/><F113/><T98/><D102/><U83/><E75/><V35/><F48/><T43/><D54/><U80/><E83/><V94/><F44/><T45/><D88/><U74/><E77/><V65/><F107/><T121/><D57/><U0/><E0/><V131/><F78/><T71/><D60/><U89/><E95/><V93/><F128/><T100/><D98/><U118/><E118/><V42/><F65/><T90/><D100/><U111/><E111/><V115/><F115/><T97/><D90/><U132/><E132/><V108/><F108/><T64/><D97/><U73/><E73/><V81/><F81/><T1/><D43/><AGARI ba="4,0" hai="32,35,42,43,68,69,85,87,93,94,101,103,130,131" machi="43" ten="25,2400,0" yaku="22,2" doraHai="51" who="2" fromWho="0" sc="95,-32,640,0,315,32,0,0" /><INIT seed="6,5,0,4,0,65" ten="63,640,347,0" oya="2" hai0="93,46,2,84,58,103,69,120,118,115,130,1,121" hai1="88,100,39,53,37,125,111,134,132,50,66,59,87" hai2="73,0,56,63,113,110,109,92,126,78,127,54,122" hai3="" shuffle="mt19937ar,79827BE4,1E835E40,B33CEBE4,9670424A,2DE3B64B,53BDE44B,5EC03159,36248874"/><V96/><N who="2" m="31264" /><V41/><F0/><T97/><D46/><U123/><N who="1" m="31520" /><U112/><E111/><N who="2" m="42507" /><F41/><T106/><D58/><U104/><E112/><V38/><F38/><T85/><N who="0" m="30752" /><T105/><N who="0" m="31008" /><T45/><D45/><U114/><E114/><V124/><F73/><T102/><D115/><U79/><E79/><V116/><F78/><T98/><D93/><U83/><E125/><V67/><F113/><T71/><REACH who="0" step="1"/><D130/><REACH who="0" step="2"/><U32/><E66/><V74/><F67/><T95/><D95/><U129/><E32/><V77/><F92/><T76/><D76/><U80/><E129/><V82/><F77/><T119/><AGARI ba="5,1" hai="1,2,69,71,84,85,97,98,102,103,105,106,118,119" m="31008,30752" machi="119" ten="25,12000,3" yaku="1,1,0,1,22,2,52,4,53,0" doraHai="65" doraHaiUra="89" who="0" fromWho="0" sc="53,140,640,-45,347,-85,0,0" owari="193,-41,595,55,262,-14,0,0" /></mjloggm>