<mjloggm ver="2.3"><GO type="225"/><UN n0="%E3%83%80%E3%83%A0%E3%83%9E%E3%83%8B%E3%82%A2" n1="%E5%85%AD%E5%88%86%E5%84%80" n2="%E2%93%85%E5%B0%8F%E5%80%89%E5%AD%9D" n3="%E7%90%86%E6%83%B3%E9%9B%80%E5%A3%AB" dan="16,18,16,16" rate="2106,2161,2097,2019" sx="M,F,M,M"/><TAIKYOKU oya="0"/><INIT seed="0,0,0,2,5,63" ten="250,250,250,250" oya="0" hai0="5,65,108,60,30,123,14,121,55,135,115,6,8" hai1="93,71,111,41,82,57,45,17,50,38,7,114,70" hai2="39,94,51,54,19,104,118,25,102,46,3,110,23" hai3="88,10,128,40,15,125,80,29,117,76,48,36,33" shuffle="mt19937ar,790E240F,C1A46BBD,2004C2B6,3EBDE354,21FEBD7F,8AF66121,01AD5658,06CAD981"/><T32/><D115/><U132/><E114/><V13/><F3/><W11/><G117/><T43/><D135/><U42/><E132/><V62/><F118/><W89/><G36/><T0/><D43/><U58/><E7/><V116/><F116/><W73/><G125/><T2/><D55/><N who="1" m="30159" /><E93/><V100/><F104/><W92/><G128/><T69/><D108/><U122/><E82/><V126/><F110/><W77/><G33/><T18/><D6/><U27/><E17/><V119/><F119/><W120/><G29/><T24/><REACH who="0" step="1"/><D0/><REACH who="0" step="2"/><U1/><E1/><V72/><F54/><W4/><G40/><T87/><D87/><U22/><E42/><V95/><F126/><W78/><G120/><T64/><D64/><U12/><E41/><V98/><F39/><W61/><G4/><T79/><D79/><U101/><E38/><V91/><F72/><W124/><G77/><T16/><D16/><U83/><E111/><V31/><F19/><W127/><G76/><T66/><D66/><U105/><E122/><V44/><F31/><W85/><G78/><T49/><D49/><U134/><E134/><V56/><F51/><W53/><G48/><T103/><D103/><U96/><E101/><V35/><F102/><W130/><G73/><T47/><D47/><U52/><E52/><V99/><F46/><W113/><G53/><T131/><D131/><U84/><E84/><V112/><F44/><W133/><G85/><T74/><D74/><U59/><E96/><V97/><F112/><W26/><G113/><T34/><D34/><U81/><E81/><V20/><F98/><RYUUKYOKU ba="0,1" sc="240,30,250,-10,250,-10,250,-10" hai0="2,5,8,14,18,24,30,32,60,65,69,121,123" /><INIT seed="0,1,1,0,0,32" ten="270,240,240,240" oya="0" hai0="132,5,104,124,110,57,25,108,92,119,40,31,20" hai1="13,16,44,117,24,93,49,35,126,42,26,129,3" hai2="103,71,109,113,105,99,90,19,0,36,60,120,53" hai3="130,116,72,14,37,80,43,96,33,112,131,9,18" shuffle="mt19937ar,68D56F47,04F6B991,16ABA6CB,598D66E3,6CC93420,C1611DB7,68464CEB,A39B6D69"/><T65/><D104/><U122/><E117/><V114/><F120/><W81/><G116/><T4/><D119/><U6/><E122/><V22/><F36/><W83/><G112/><T50/><D132/><U95/><E129/><N who="3" m="49162" /><G33/><T125/><D92/><U87/><E126/><N who="0" m="48745" /><D65/><U64/><E64/><V85/><F109/><N who="0" m="42090" /><D57/><U128/><E128/><V82/><F71/><W66/><G66/><T77/><D77/><U100/><E93/><V51/><F113/><W23/><G96/><T8/><D8/><U63/><E95/><V62/><F114/><W39/><G9/><T134/><D134/><U98/><E98/><V27/><REACH who="2" step="1"/><F0/><REACH who="2" step="2"/><W123/><G123/><T12/><D12/><U41/><E13/><V61/><F61/><W76/><G37/><T68/><D68/><U106/><E63/><V91/><F91/><W52/><G39/><T59/><D59/><AGARI ba="1,2" hai="19,22,27,51,53,59,60,62,82,85,90,99,103,105" machi="59" ten="30,2000,0" yaku="1,1,7,1,53,0" doraHai="32" doraHaiUra="69" who="2" fromWho="0" sc="270,-23,240,0,230,43,240,0" /><INIT seed="1,0,0,3,2,107" ten="247,240,273,240" oya="1" hai0="135,46,52,112,84,129,8,106,123,113,49,16,24" hai1="132,80,116,53,89,124,98,0,119,32,86,48,22" hai2="5,43,111,56,87,70,19,37,102,14,63,28,65" hai3="64,31,110,133,45,26,15,2,62,77,13,60,74" shuffle="mt19937ar,D6EDC66B,6BCADE34,3C3B299E,5FE428B9,42D97957,E10FBA92,E8660EC7,254542A6"/><U12/><E32/><V54/><F111/><W1/><G60/><T82/><D106/><U42/><E0/><V23/><F102/><W41/><G110/><T103/><D103/><U11/><E124/><V68/><F5/><W121/><G121/><T88/><D123/><U6/><E132/><V36/><F28/><W72/><G13/><N who="0" m="7207" /><D135/><U71/><E71/><V69/><F43/><W40/><G15/><T115/><D24/><U120/><E120/><V18/><F65/><W95/><G95/><T7/><D7/><U114/><E114/><V34/><F34/><N who="3" m="20855" /><G41/><T33/><D33/><U10/><E42/><V59/><F59/><W109/><G133/><T78/><D78/><U47/><E11/><V27/><REACH who="2" step="1"/><F87/><REACH who="2" step="2"/><W127/><G109/><T96/><D96/><U117/><E98/><V126/><F126/><W61/><G127/><T128/><AGARI ba="0,1" hai="46,49,52,82,84,88,112,113,115,128,129" m="7207" machi="128" ten="40,8000,1" yaku="25,1,54,3" doraHai="107" who="0" fromWho="0" sc="247,90,240,-40,263,-20,240,-20" /><INIT seed="2,0,0,1,5,86" ten="337,200,243,220" oya="2" hai0="113,46,127,59,35,82,116,121,112,120,93,17,115" hai1="107,16,66,3,123,134,34,2,62,38,87,117,132" hai2="49,26,95,39,69,41,85,79,20,119,48,98,135" hai3="108,128,18,101,65,72,81,24,11,5,40,6,130" shuffle="mt19937ar,86DB0564,AA1E350C,F09ACB1A,98A4EBBC,977E0E67,EEE4CDCC,76BDEC5D,1B9420AF"/><V133/><F69/><W31/><G108/><T77/><D35/><U15/><E117/><V114/><F119/><W125/><G125/><T126/><D116/><U44/><E34/><V13/><F114/><W131/><G40/><T91/><D17/><U88/><E107/><V105/><F105/><W12/><G101/><T28/><D28/><U106/><E106/><V55/><F13/><W61/><G81/><T0/><D59/><N who="1" m="37215" /><E44/><N who="2" m="23615" /><F55/><W111/><G111/><T73/><D46/><U9/><E38/><V83/><F20/><N who="3" m="15751" /><G72/><T78/><D77/><U64/><E64/><V47/><F26/><W102/><G102/><T58/><D58/><AGARI ba="0,0" hai="5,6,11,12,18,58,61,65,128,130,131" m="15751" machi="58" ten="30,1000,0" yaku="19,1" doraHai="86" who="3" fromWho="0" sc="337,-10,200,0,243,0,220,10" /><INIT seed="3,0,0,5,1,11" ten="327,200,243,230" oya="3" hai0="74,43,33,17,44,113,131,82,45,126,69,12,26" hai1="89,16,135,29,73,115,10,3,31,66,8,102,125" hai2="111,94,0,83,24,67,103,64,88,86,1,97,63" hai3="104,100,54,75,56,19,21,49,20,39,95,38,85" shuffle="mt19937ar,E2C40946,54B0BC85,015E0AB3,D2F98076,A0E20FBF,6C0BA647,8A539F48,B49992D2"/><W5/><G75/><T128/><D69/><U15/><E115/><V55/><F111/><W110/><G104/><T129/><D113/><U121/><E73/><V35/><F55/><W68/><G68/><T32/><D126/><U51/><E121/><V130/><F130/><W124/><G124/><T2/><D2/><U80/><E125/><V127/><F127/><W91/><G110/><T78/><D26/><U84/><E66/><V14/><F67/><W76/><G100/><T90/><D90/><U96/><E135/><V28/><REACH who="2" step="1"/><F14/><REACH who="2" step="2"/><N who="3" m="9335" /><G76/><T77/><D78/><U118/><E118/><V108/><F108/><W59/><G5/><T41/><D43/><U81/><E81/><V107/><F107/><W114/><G114/><T116/><D116/><U57/><E3/><V13/><F13/><W92/><G39/><T6/><D6/><U109/><E109/><V36/><F36/><W61/><G38/><T50/><D45/><U101/><E10/><AGARI ba="0,1" hai="10,12,17,32,33,41,44,50,74,77,82,128,129,131" machi="10" ten="40,2600,0" yaku="19,1,52,1" doraHai="11" who="0" fromWho="1" sc="327,36,200,-26,233,0,230,0" owari="363,37,174,-23,233,-2,230,-12" /></mjloggm>