<mjloggm ver="2.3"><GO type="225"/><UN n0="%E6%9C%9D%E6%AF%94%E5%A5%88%E8%8B%B1%E7%90%86%E5%AD%90" n1="%E2%98%85%E3%83%A6%E3%83%94%E3%83%86%E3%83%AB%E2%98%85" n2="%E3%83%80%E3%83%A0%E3%83%9E%E3%83%8B%E3%82%A2" n3="%52%65%64%4D%61%67%69%63" dan="16,17,16,16" rate="2072,2081,2129,2022" sx="F,M,M,M"/><TAIKYOKU oya="0"/><INIT seed="0,0,0,3,1,33" ten="250,250,250,250" oya="0" hai0="30,39,74,83,34,130,110,132,102,62,106,107,45" hai1="113,8,31,16,105,84,120,55,60,101,22,7,80" hai2="95,96,41,5,20,77,63,87,25,61,66,47,50" hai3="109,68,18,44,13,70,90,104,114,11,28,6,12" shuffle="mt19937ar,2A1B4D10,234D4CBD,6C18C721,AD4FC176,93BEA13D,CDC72233,9202CBEA,40C6BA1E"/><T38/><D132/><U108/><E120/><V29/><F5/><W118/><G114/><T91/><D130/><U112/><E108/><V79/><F87/><W3/><G118/><T75/><D91/><U52/><E31/><V0/><F63/><W116/><G116/><T15/><D15/><U129/><E129/><V73/><F73/><N who="0" m="27658" /><D83/><U17/><E101/><V10/><F10/><W21/><G109/><T56/><D56/><U99/><E99/><V86/><F86/><W57/><G104/><N who="0" m="39979" /><D102/><U24/><E105/><V42/><F42/><W115/><G115/><N who="1" m="44106" /><E17/><V85/><F85/><W81/><G28/><T2/><D62/><U97/><E97/><V9/><F9/><W100/><G100/><T125/><D110/><U59/><E55/><V89/><REACH who="2" step="1"/><F0/><REACH who="2" step="2"/><W111/><G3/><T54/><D2/><N who="1" m="119" /><E84/><V43/><F43/><W49/><G111/><T48/><D125/><U78/><E80/><V119/><F119/><W92/><G81/><T37/><D37/><U128/><E128/><V69/><AGARI ba="0,1" hai="20,25,29,41,47,50,61,66,69,77,79,89,95,96" machi="69" ten="20,5200,0" yaku="1,1,0,1,7,1,53,1" doraHai="33" doraHaiUra="93" who="2" fromWho="2" sc="250,-26,250,-13,240,62,250,-13" /><INIT seed="1,0,0,3,1,113" ten="224,237,302,237" oya="1" hai0="66,16,50,99,18,104,14,83,53,78,134,41,121" hai1="48,93,109,45,31,80,91,10,52,32,130,76,35" hai2="3,20,110,116,44,72,4,63,135,36,105,9,38" hai3="2,28,126,29,0,74,37,85,120,6,43,57,89" shuffle="mt19937ar,6386C27D,76653F09,1E36761F,AD9D2427,4D45646E,10253D14,92ACE807,3DE6C4E2"/><U55/><E130/><V128/><F20/><W94/><G74/><T64/><D41/><U8/><E109/><V33/><F44/><W51/><G120/><T17/><D134/><U71/><E71/><V117/><F63/><W97/><G126/><T69/><D121/><U106/><E106/><V60/><F60/><W112/><G112/><T42/><D42/><U13/><E55/><V119/><F135/><W87/><G37/><N who="2" m="14441" /><F110/><W115/><G115/><T25/><D25/><U24/><E32/><V92/><F92/><W56/><G2/><T65/><D69/><U122/><E122/><V5/><F5/><W12/><G0/><T101/><D14/><U129/><E129/><V81/><F128/><W90/><G97/><T124/><D124/><U133/><E133/><V15/><F15/><W96/><G96/><T131/><D131/><U54/><E54/><V95/><F95/><N who="3" m="54703" /><G43/><T46/><REACH who="0" step="1"/><D65/><REACH who="0" step="2"/><U114/><E114/><V70/><F70/><W98/><G12/><T127/><D127/><U1/><E1/><V125/><F125/><W39/><G39/><T86/><AGARI ba="0,1" hai="16,17,18,46,50,53,64,66,78,83,86,99,101,104" machi="86" ten="30,7900,0" yaku="1,1,0,1,54,1,53,1" doraHai="113" doraHaiUra="79" who="0" fromWho="0" sc="214,89,237,-39,302,-20,237,-20" /><INIT seed="2,0,0,0,0,134" ten="303,198,282,217" oya="2" hai0="38,56,131,54,20,18,94,114,99,39,21,77,57" hai1="11,98,48,119,51,28,116,0,41,120,113,81,34" hai2="80,86,125,124,78,13,69,66,122,123,106,50,43" hai3="44,10,6,109,100,63,17,37,110,61,23,127,67" shuffle="mt19937ar,B8F747B9,1D32E1B2,41D6BDF3,6A4381F6,D5C39FA2,F8EE8AC6,FFA61C24,A97EE645"/><V92/><F66/><W104/><G127/><N who="2" m="48713" /><F69/><W55/><G100/><T45/><D77/><U49/><E113/><V3/><F3/><W65/><G104/><T79/><D79/><U88/><E120/><N who="2" m="46123" /><F106/><W70/><G70/><T42/><D114/><U52/><E41/><V102/><F13/><N who="3" m="5335" /><G67/><T84/><D42/><U82/><E11/><V14/><F14/><N who="3" m="9655" /><G65/><T1/><D1/><U117/><E0/><V135/><F135/><W96/><G96/><T22/><D99/><U128/><E128/><V76/><F43/><W133/><G133/><T15/><D131/><U93/><REACH who="1" step="1"/><E52/><REACH who="1" step="2"/><V40/><F40/><W126/><G126/><T46/><D54/><U5/><E5/><V27/><F50/><W118/><G55/><T72/><D39/><U75/><E75/><V24/><F76/><W101/><G37/><T107/><D38/><U121/><E121/><V97/><AGARI ba="0,1" hai="24,27,78,80,86,92,97,102" m="46123,48713" machi="97" ten="40,12000,1" yaku="18,1,52,3" doraHai="134" who="2" fromWho="2" sc="303,-40,188,-40,282,130,217,-40" /><INIT seed="2,1,0,1,1,106" ten="263,148,412,177" oya="2" hai0="30,67,14,116,54,63,102,40,9,89,127,6,3" hai1="32,37,98,51,75,129,121,7,29,18,25,115,125" hai2="113,22,66,122,12,103,8,23,61,5,108,101,17" hai3="47,50,65,99,83,132,90,105,123,72,48,110,133" shuffle="mt19937ar,016938A2,E1CF5678,DCCD67B7,F4B93999,E4B24905,4567FEC5,E555D302,652602CE"/><V82/><F113/><W2/><G2/><T94/><D127/><U80/><E125/><V74/><F122/><W92/><G123/><T104/><D116/><U45/><E121/><V64/><F64/><W76/><G65/><T62/><D40/><U124/><E115/><V31/><F31/><W88/><G110/><T85/><D3/><U0/><E124/><V26/><F23/><W84/><G105/><T52/><D30/><U27/><E129/><V70/><REACH who="2" step="1"/><F108/><REACH who="2" step="2"/><W24/><G24/><T28/><D28/><U87/><E27/><V20/><F20/><W69/><G69/><T118/><D118/><U39/><E25/><V95/><F95/><W134/><G47/><T10/><D10/><U44/><E29/><V96/><F96/><W120/><G120/><T19/><D104/><U4/><E98/><V86/><F86/><W100/><G100/><T93/><D102/><U112/><E87/><V79/><AGARI ba="1,1" hai="5,8,12,17,22,26,61,66,70,74,79,82,101,103" machi="79" ten="30,11700,0" yaku="1,1,0,1,52,1,53,1" doraHai="106" doraHaiUra="107" who="2" fromWho="2" sc="263,-40,148,-40,402,130,177,-40" /><INIT seed="2,2,0,4,1,22" ten="223,108,532,137" oya="2" hai0="67,24,9,52,19,84,66,41,20,104,53,74,17" hai1="37,62,121,83,55,110,68,69,93,61,56,51,16" hai2="54,129,58,102,108,72,114,134,73,31,122,80,118" hai3="119,48,101,77,40,85,132,124,87,113,23,105,7" shuffle="mt19937ar,92A321CF,3C0FB1DA,C0C3BFB2,F56F0162,8D957B9F,043F60FF,AB1077A5,C22E93DC"/><V15/><F102/><W131/><G113/><T94/><D74/><U86/><E110/><V3/><F3/><W32/><G32/><T29/><D104/><U44/><E121/><V26/><F122/><W97/><G119/><T25/><D41/><U109/><E109/><V57/><F108/><W107/><G124/><T120/><D120/><U60/><E93/><V14/><F118/><W100/><G131/><T116/><D116/><U46/><E16/><N who="0" m="6217" /><D9/><U126/><E86/><V112/><F73/><W49/><G132/><T82/><D25/><U10/><E10/><V30/><F72/><W1/><G23/><T106/><D94/><U6/><E83/><V0/><F80/><W88/><G7/><T36/><D36/><U18/><E6/><V79/><F0/><W89/><G1/><T99/><D99/><U43/><E18/><V42/><F42/><W130/><G40/><T11/><D11/><U59/><E126/><V8/><F8/><W91/><G130/><T96/><D96/><U71/><AGARI ba="2,0" hai="37,43,44,46,51,55,56,59,60,61,62,68,69,71" machi="71" ten="40,12000,2" yaku="0,1,35,6" doraHai="22" who="1" fromWho="1" sc="223,-32,108,126,532,-62,137,-32" /><INIT seed="3,0,0,3,3,14" ten="191,234,470,105" oya="3" hai0="44,60,30,78,71,96,122,101,92,74,45,34,69" hai1="21,32,93,134,62,57,124,46,64,41,11,121,81" hai2="51,83,28,130,53,38,115,9,66,118,56,1,86" hai3="55,108,114,109,29,16,68,77,133,13,90,40,91" shuffle="mt19937ar,B676CFD2,83FD03CC,48DB4131,76D85A34,6DA20DF3,D3BD2425,658A62CE,D637E240"/><W18/><G114/><T67/><D122/><U15/><E121/><V104/><F38/><W105/><G105/><T35/><D71/><U128/><E32/><V54/><F104/><W3/><G68/><T39/><D39/><U107/><E124/><V70/><F28/><W47/><G3/><T116/><D116/><U61/><E107/><V8/><F1/><W127/><G127/><T95/><D95/><U5/><E128/><V76/><F130/><W75/><G133/><T12/><D12/><U132/><E93/><V129/><F129/><W6/><G55/><T31/><D31/><U48/><E62/><V49/><F118/><W102/><G102/><T106/><D92/><U79/><REACH who="1" step="1"/><E21/><REACH who="1" step="2"/><V4/><F115/><W37/><G29/><T42/><D35/><U20/><E20/><V112/><F112/><W84/><G75/><AGARI ba="0,1" hai="5,11,15,41,46,48,57,61,64,75,79,81,132,134" machi="75" ten="40,1300,0" yaku="1,1,53,0" doraHai="14" doraHaiUra="89" who="1" fromWho="3" sc="191,0,224,23,470,0,105,-13" owari="191,-16,247,0,470,47,92,-31" /></mjloggm>