<mjloggm ver="2.3"><GO type="185"/><UN n0="%E5%83%8D%E3%81%8D%E3%81%9F%E3%81%8F%E3%81%AA%E3%81%84" n1="%E5%8D%81%E5%85%AD%E5%A4%9C%E2%80%A0%E5%92%B2%E5%A4%9C" n2="%E3%81%B5%E3%81%8F%EF%BC%A3%EF%BD%88%EF%BD%81%EF%BD%8E%E2%99%AA" n3="" dan="17,16,16,0" rate="2221,2171,2195,1500" sx="M,F,F,C"/><TAIKYOKU oya="0"/><INIT seed="0,0,0,2,3,49" ten="350,350,350,0" oya="0" hai0="48,72,117,128,130,68,86,119,91,110,52,59,79" hai1="66,60,74,43,62,109,98,104,90,132,73,129,51" hai2="106,123,0,88,67,38,32,89,75,118,3,92,63" hai3="" shuffle="mt19937ar,3ECF84F5,089E8A5F,B179EEFD,4F8395DE,134DC8E4,EB80E9CE,4595FF00,09481DC9"/><T122/><N who="0" m="31264" /><T37/><D37/><U95/><E109/><V33/><N who="2" m="31520" /><V35/><F106/><T113/><D68/><U69/><E132/><V82/><F38/><T47/><D110/><U135/><E135/><V133/><F133/><T55/><D113/><U44/><E129/><N who="0" m="49769" /><D79/><U53/><REACH who="1" step="1"/><E104/><REACH who="1" step="2"/><V85/><F118/><T1/><D1/><U40/><E40/><V97/><REACH who="2" step="1"/><F75/><REACH who="2" step="2"/><T114/><D72/><U65/><E65/><V80/><F80/><T96/><D114/><U107/><E107/><V50/><F50/><T94/><D117/><U127/><E127/><V115/><F115/><T64/><D119/><U61/><E61/><V121/><N who="2" m="31008" /><V83/><F83/><T126/><D126/><U101/><E101/><V77/><F77/><T131/><D131/><U2/><E2/><V108/><F108/><T78/><D78/><U36/><E36/><V134/><F134/><T116/><D116/><U41/><E41/><V100/><F100/><T71/><D48/><U93/><E93/><V102/><F102/><T34/><D94/><U84/><E84/><V81/><F81/><T70/><D86/><U45/><E45/><V54/><F54/><T112/><D55/><U111/><E111/><V120/><F120/><RYUUKYOKU ba="0,2" sc="350,-20,340,10,340,10,0,0" hai1="43,44,51,53,60,62,66,69,73,74,90,95,98" hai2="0,3,32,33,35,63,67,82,85,88,89,92,97" /><INIT seed="1,1,2,5,5,119" ten="330,350,350,0" oya="1" hai0="86,66,1,110,116,75,46,34,98,43,54,38,91" hai1="124,61,3,135,125,40,114,133,122,65,52,0,49" hai2="96,55,112,92,73,95,44,78,126,89,115,129,106" hai3="" shuffle="mt19937ar,2FFCF6FC,C6297D08,3B26EA90,FAB00D1C,97C4866F,FFC9A2C5,B1C5C9AC,D3AF0CD1"/><U97/><N who="1" m="31264" /><U77/><E77/><V69/><F69/><T36/><D116/><U76/><E40/><V127/><F129/><T93/><D1/><N who="1" m="587" /><E76/><V47/><F106/><T123/><N who="0" m="31520" /><T68/><D75/><U105/><E105/><V35/><F78/><T80/><D34/><U51/><E97/><V70/><F70/><T67/><D36/><U88/><E88/><V60/><F73/><T33/><D33/><U102/><E102/><V107/><F107/><T118/><D118/><U94/><E94/><V83/><F83/><T63/><D67/><U109/><E109/><V104/><F104/><T50/><D110/><U2/><E2/><V59/><F95/><T64/><D64/><U71/><E114/><N who="2" m="43563" /><F35/><T113/><D113/><U57/><E51/><V58/><F58/><T48/><REACH who="0" step="1"/><D54/><REACH who="0" step="2"/><U131/><E131/><V42/><F42/><T111/><D111/><U117/><E117/><V120/><N who="2" m="30752" /><V103/><F103/><AGARI ba="1,3" hai="38,43,46,48,50,63,66,68,80,86,91,93,98,103" m="31520" machi="103" ten="30,7700,0" yaku="1,1,7,1,52,2,53,0" doraHai="119" doraHaiUra="32" who="0" fromWho="2" sc="320,109,350,0,350,-79,0,0" /><INIT seed="2,0,0,1,0,74" ten="429,350,271,0" oya="2" hai0="77,114,38,132,128,64,55,68,2,67,121,130,129" hai1="52,44,96,111,39,0,70,122,97,76,104,93,73" hai2="37,71,66,105,115,34,69,47,45,33,56,83,61" hai3="" shuffle="mt19937ar,2AB37B50,A72342F2,0023B603,998A8EF0,88F2F454,DCD1B61F,5056DF0C,131FCB72"/><V85/><F115/><T59/><N who="0" m="31008" /><T32/><D32/><U63/><N who="1" m="31264" /><U117/><E0/><V112/><F112/><T120/><N who="0" m="30752" /><T133/><D2/><U42/><E111/><V40/><F105/><T103/><D114/><U35/><E35/><V94/><F47/><T57/><D103/><U123/><N who="1" m="31520" /><U41/><E117/><V131/><F131/><T135/><D77/><U91/><E42/><V3/><F3/><T79/><D79/><U101/><E70/><V92/><F33/><T58/><D38/><U100/><E100/><V49/><F34/><T51/><D68/><U126/><E126/><V82/><F82/><T109/><D109/><U60/><REACH who="1" step="1"/><E52/><REACH who="1" step="2"/><V99/><F71/><T86/><D64/><U127/><E127/><V62/><F99/><T102/><D102/><U125/><E125/><V75/><F75/><T50/><D55/><U81/><AGARI ba="0,1" hai="39,41,44,60,63,73,76,81,91,93,96,97,101,104" m="31520,31264" machi="81" ten="30,9000,2" yaku="1,1,0,1,52,3,53,1" doraHai="74" doraHaiUra="84" who="1" fromWho="1" sc="429,-30,340,100,271,-60,0,0" /><INIT seed="4,0,0,1,1,38" ten="399,440,211,0" oya="0" hai0="47,106,39,122,124,130,64,63,94,104,69,49,92" hai1="50,88,68,90,81,67,116,119,65,123,120,110,52" hai2="108,56,82,95,113,51,54,105,96,2,43,109,87" hai3="" shuffle="mt19937ar,2F433DF3,8D730FAF,3E39EB91,FC39A809,E5A1DB81,17C307AE,B54DA496,ACE9A83A"/><T44/><N who="0" m="31264" /><T58/><D124/><U40/><N who="1" m="30752" /><U83/><N who="1" m="31520" /><U126/><E40/><V32/><F105/><T107/><D130/><U99/><E126/><V35/><F2/><T66/><D64/><U134/><E134/><V70/><F70/><T89/><D39/><U60/><E110/><V125/><F125/><T59/><D94/><U128/><E128/><V34/><F113/><T57/><REACH who="0" step="1"/><D49/><REACH who="0" step="2"/><U114/><E114/><V62/><F109/><T100/><D100/><U45/><E67/><V121/><N who="2" m="31008" /><V98/><F108/><T48/><D48/><U78/><E119/><V79/><REACH who="2" step="1"/><F95/><REACH who="2" step="2"/><T103/><D103/><U115/><E115/><V1/><F1/><T93/><D93/><U80/><E116/><V36/><F36/><T75/><D75/><U37/><E37/><V61/><F61/><T46/><D46/><AGARI ba="0,2" hai="32,34,35,43,46,51,54,56,62,79,82,87,96,98" m="31008" machi="46" ten="40,8000,1" yaku="1,1,52,2,53,1" doraHai="38" doraHaiUra="53" who="2" fromWho="0" sc="389,-80,440,0,201,100,0,0" /><INIT seed="5,0,0,3,3,128" ten="309,440,301,0" oya="1" hai0="103,53,122,73,63,129,0,104,100,70,91,57,114" hai1="39,33,88,123,87,72,135,74,83,47,43,95,117" hai2="76,108,42,77,118,69,80,50,116,119,107,133,81" hai3="" shuffle="mt19937ar,1FE56881,2D80D247,9A6483F2,444370D1,2FC7DC83,D3CE3115,3BA870C3,0E6DC28E"/><U97/><N who="1" m="31520" /><U67/><E33/><V64/><F108/><T79/><N who="0" m="31264" /><T126/><D129/><U84/><E117/><V102/><F64/><T56/><D0/><U71/><E135/><V113/><F69/><T78/><D70/><U89/><REACH who="1" step="1"/><E97/><REACH who="1" step="2"/><V48/><F133/><T92/><D126/><U98/><E98/><V61/><F119/><T3/><D3/><U51/><E51/><V75/><F61/><AGARI ba="0,1" hai="39,43,47,61,67,71,72,74,83,84,87,88,89,95" m="31520" machi="61" ten="40,7700,0" yaku="1,1,52,1,54,1,53,0" doraHai="128" doraHaiUra="101" who="1" fromWho="2" sc="309,0,430,87,301,-77,0,0" /><INIT seed="5,1,0,4,2,109" ten="309,517,224,0" oya="1" hai0="53,33,69,113,127,83,49,94,79,34,112,63,105" hai1="84,111,46,77,90,43,92,99,123,74,78,56,82" hai2="108,57,64,66,40,104,114,120,115,60,124,67,48" hai3="" shuffle="mt19937ar,BE0A5B36,05E67114,939C98FE,485D93D0,B068B75F,8BFBE844,DE0AC37B,05FED89C"/><U51/><N who="1" m="31520" /><U65/><E111/><V72/><N who="2" m="30752" /><V42/><F108/><T71/><D105/><U50/><E74/><V58/><F72/><T47/><D127/><U0/><E0/><V130/><F104/><T102/><D102/><U36/><REACH who="1" step="1"/><E78/><REACH who="1" step="2"/><V55/><F124/><T86/><D79/><U68/><E68/><V73/><F73/><T129/><D69/><U100/><E100/><V1/><F1/><T107/><D71/><U39/><E39/><V88/><F88/><T80/><D33/><U95/><E95/><V128/><F128/><T52/><D94/><U41/><E41/><N who="2" m="15979" /><F130/><T101/><D129/><U59/><E59/><V132/><F132/><T97/><D101/><U54/><E54/><AGARI ba="1,1" hai="48,54,55,57,58,60,64,66,67,114,115" m="15979,30752" machi="54" ten="40,8000,1" yaku="34,2,52,3" doraHai="109" who="2" fromWho="1" sc="309,0,507,-82,224,92,0,0" /><INIT seed="6,0,0,3,5,45" ten="309,425,316,0" oya="2" hai0="87,97,107,72,131,3,48,112,90,42,60,102,51" hai1="33,47,70,126,40,132,99,64,116,119,62,100,122" hai2="109,56,35,105,36,101,79,89,43,124,75,1,83" hai3="" shuffle="mt19937ar,5E92623A,51B423F8,97B5904B,79761D20,538B5B46,9A3FF864,FFF581D4,290F6054"/><V118/><F35/><T69/><D3/><U103/><N who="1" m="31264" /><U81/><E33/><V117/><F1/><T127/><D72/><U130/><E130/><V106/><F43/><T134/><D131/><U128/><E128/><V55/><F36/><T77/><D77/><U68/><E68/><V34/><F34/><T57/><D69/><U115/><E115/><V50/><F109/><T114/><D134/><U65/><E65/><V91/><F124/><T121/><N who="0" m="31008" /><T63/><D63/><U78/><E132/><V111/><F111/><T82/><D127/><U58/><E70/><V92/><F91/><T38/><D38/><U0/><E0/><V32/><F32/><T67/><D42/><U84/><E126/><V104/><REACH who="2" step="1"/><F101/><REACH who="2" step="2"/><T41/><REACH who="0" step="1"/><D41/><REACH who="0" step="2"/><U94/><REACH who="1" step="1"/><E103/><REACH who="1" step="2"/><V59/><F59/><T88/><D88/><U37/><AGARI ba="0,3" hai="37,40,47,58,62,64,78,81,84,94,99,100,116,119" m="31264" machi="37" ten="30,6000,1" yaku="1,1,2,1,0,1,52,1,53,1" doraHai="45" doraHaiUra="93" who="1" fromWho="1" sc="299,-20,415,90,306,-40,0,0" owari="279,-12,505,45,266,-33,0,0" /></mjloggm>