<mjloggm ver="2.3"><GO type="225"/><UN n0="%E7%90%86%E6%83%B3%E9%9B%80%E5%A3%AB" n1="%E7%AB%9C%E9%A9%A4%E9%BA%9F%E6%8C%AF" n2="%E3%83%80%E3%83%A0%E3%83%9E%E3%83%8B%E3%82%A2" n3="%E2%98%85%E3%83%A6%E3%83%94%E3%83%86%E3%83%AB%E2%98%85" dan="16,17,16,17" rate="2036,2019,2149,2085" sx="M,M,M,M"/><TAIKYOKU oya="0"/><INIT seed="0,0,0,2,5,11" ten="250,250,250,250" oya="0" hai0="10,18,40,71,57,69,115,23,103,24,41,68,83" hai1="67,26,135,56,108,112,58,36,94,77,2,31,104" hai2="42,96,54,49,27,1,84,75,114,130,65,76,119" hai3="80,4,93,81,131,37,15,111,134,16,133,117,110" shuffle="mt19937ar,D01FE918,DE219E04,69A011E6,739E40D2,690C6361,9A99BC03,7A203C6D,66FD7BC2"/><T86/><D115/><U74/><E104/><V121/><F1/><W63/><G37/><T88/><D103/><U12/><E2/><V52/><F75/><W62/><G117/><T30/><D57/><U25/><E36/><V35/><F114/><W79/><G4/><T13/><AGARI ba="0,0" hai="10,13,18,23,24,30,40,41,68,69,71,83,86,88" machi="13" ten="40,7800,0" yaku="0,1,52,1,54,1" doraHai="11" who="0" fromWho="0" sc="250,78,250,-26,250,-26,250,-26" /><INIT seed="0,1,0,4,5,6" ten="328,224,224,224" oya="0" hai0="131,2,112,22,73,89,12,90,82,119,77,114,70" hai1="13,67,15,21,98,47,128,66,85,49,28,37,133" hai2="79,64,10,3,83,50,17,58,122,59,62,102,26" hai3="126,51,81,123,9,88,103,39,127,52,53,46,80" shuffle="mt19937ar,B741D10B,646CA6C1,C9199919,BB403DFB,5FB6C70C,8C76222A,5E603F30,6E79EFF3"/><T118/><D2/><U121/><E37/><V101/><F122/><W30/><G39/><T56/><D70/><U116/><E116/><V108/><F108/><W78/><G123/><T124/><D118/><U120/><E128/><V57/><F26/><W11/><G103/><T23/><D119/><U14/><E133/><V54/><F59/><W84/><G30/><T76/><D56/><U31/><E121/><V40/><F40/><W61/><G53/><T125/><D82/><U110/><E110/><V115/><F115/><W87/><G61/><T86/><D86/><U93/><E85/><N who="2" m="48383" /><F3/><W63/><REACH who="3" step="1"/><G63/><REACH who="3" step="2"/><T104/><D114/><U134/><E120/><V92/><F102/><W95/><G95/><T69/><D112/><U25/><E28/><V74/><F101/><W48/><G48/><T105/><D105/><U19/><E134/><V94/><F92/><W106/><G106/><T107/><D104/><U16/><E67/><V72/><F94/><W130/><G130/><T24/><D131/><U5/><E66/><V135/><F135/><W1/><G1/><T32/><D107/><U34/><E93/><V20/><F64/><W129/><G129/><T0/><D0/><U33/><E98/><V8/><F62/><W91/><G91/><T117/><D90/><U44/><E49/><V109/><F109/><W41/><G41/><T36/><D89/><U35/><E31/><V45/><F50/><W96/><G96/><T113/><D36/><U29/><E29/><V132/><F54/><W97/><G97/><T7/><D117/><U100/><E100/><V38/><F132/><RYUUKYOKU ba="1,1" sc="328,-10,224,-10,224,-10,214,30" hai3="9,11,46,51,52,78,80,81,84,87,88,126,127" /><INIT seed="1,2,1,1,3,121" ten="318,214,214,244" oya="1" hai0="44,23,92,103,51,63,79,111,88,108,107,99,90" hai1="33,83,104,45,28,18,123,8,129,106,127,19,47" hai2="82,91,67,76,35,119,70,36,122,41,3,20,16" hai3="2,69,34,9,43,1,13,86,87,27,115,31,128" shuffle="mt19937ar,8A6F9B80,75524DB5,126E9640,ADD76FF4,4AC9B002,F8AF60BA,192DE744,F81D3B4C"/><U32/><E123/><V38/><F35/><W25/><G69/><T110/><D79/><U59/><E59/><V95/><F3/><W132/><G115/><T61/><D23/><U6/><E83/><V54/><F122/><W112/><G112/><T72/><D72/><U89/><E89/><N who="0" m="34409" /><D107/><U12/><E127/><V134/><F119/><W125/><G125/><T29/><D29/><U100/><E129/><V15/><F41/><AGARI ba="2,1" hai="41,44,51,61,63,92,99,103,108,110,111" m="34409" machi="41" ten="30,8000,1" yaku="14,1,52,3,54,1" doraHai="121" who="0" fromWho="2" sc="318,96,214,0,214,-86,244,0" /><INIT seed="2,0,0,4,2,29" ten="414,214,128,244" oya="2" hai0="19,117,20,13,107,25,15,81,9,126,16,33,51" hai1="28,52,23,124,48,119,35,36,43,53,38,91,98" hai2="108,123,21,30,79,99,82,1,80,89,60,47,100" hai3="76,120,133,10,116,77,39,84,11,45,59,65,55" shuffle="mt19937ar,9F3F033F,F6281A6F,49CCEBC0,9EFB8C3F,BC516425,0A9E3813,51C24CE9,55CF1AF8"/><V14/><F1/><W6/><G116/><T86/><D107/><U24/><E119/><V101/><F123/><W50/><G120/><T131/><D117/><U22/><E124/><V67/><F108/><W63/><G133/><T58/><D126/><U127/><E127/><V17/><F30/><W12/><G39/><T104/><D104/><U5/><E5/><V34/><F34/><W128/><G128/><T4/><D131/><U88/><E43/><V118/><F118/><W74/><G74/><T61/><D51/><U112/><E112/><V42/><F79/><W73/><G73/><T27/><D4/><U8/><E8/><V83/><F89/><W75/><G75/><T68/><D33/><U0/><E0/><V49/><REACH who="2" step="1"/><F99/><REACH who="2" step="2"/><W103/><G103/><T92/><D68/><AGARI ba="0,1" hai="14,17,21,42,47,49,60,67,68,80,82,83,100,101" machi="68" ten="40,3900,0" yaku="1,1,2,1,53,0" doraHai="29" doraHaiUra="132" who="2" fromWho="0" sc="414,-39,214,0,118,49,244,0" /><INIT seed="2,1,0,0,1,7" ten="375,214,167,244" oya="2" hai0="13,72,130,37,134,68,15,31,112,21,70,56,81" hai1="43,18,74,27,35,19,86,48,33,98,101,45,91" hai2="76,29,57,38,6,125,118,132,99,9,77,94,122" hai3="16,121,26,60,131,71,73,0,89,120,95,62,80" shuffle="mt19937ar,12BBD271,161EDB10,017A4D99,6D3174FD,2BC2FB72,377DFCBB,415265A6,993BD6D0"/><V83/><F38/><W114/><G0/><T30/><D112/><U51/><E74/><V75/><F122/><W79/><G114/><T63/><D37/><U100/><E51/><V82/><F118/><W34/><G131/><T108/><D70/><U93/><E100/><V133/><F29/><W126/><G126/><T5/><D68/><U117/><E117/><V53/><F125/><W58/><G71/><T65/><D15/><U115/><E115/><V4/><F4/><W102/><G102/><T20/><D20/><U54/><E43/><V8/><F82/><W84/><G60/><T127/><D127/><U50/><E50/><N who="2" m="30903" /><F77/><W119/><G119/><T128/><D108/><U47/><E47/><V32/><F32/><W129/><G129/><N who="0" m="49771" /><D134/><N who="2" m="51818" /><F6/><W103/><G103/><AGARI ba="1,0" hai="8,9,75,76,83,94,99,103" m="51818,30903" machi="103" ten="30,5800,0" yaku="20,1,52,2" doraHai="7" who="2" fromWho="3" sc="375,0,214,0,167,61,244,-61" /><INIT seed="2,2,0,1,1,35" ten="375,214,228,183" oya="2" hai0="66,133,88,53,120,77,84,22,74,72,70,4,107" hai1="132,10,105,27,39,65,96,69,13,19,75,12,45" hai2="114,43,126,38,129,85,80,3,124,64,134,121,135" hai3="32,91,98,103,44,83,68,7,0,81,82,63,62" shuffle="mt19937ar,30FDC561,B9323BF3,4FA07B3F,A4EDC093,DB6E45E0,165D4483,BAF48E8B,78FCB3F1"/><V37/><F64/><W8/><G32/><T55/><D120/><U76/><E132/><N who="2" m="50731" /><F121/><W6/><G91/><T87/><D107/><U57/><E69/><V51/><F114/><W118/><G118/><T50/><D133/><U11/><E27/><V21/><F21/><W36/><G68/><T110/><D110/><U41/><E75/><V59/><F3/><W113/><G113/><T17/><D55/><U127/><E76/><N who="2" m="46215" /><F59/><W29/><G29/><T108/><D108/><U130/><E65/><V48/><F129/><W14/><G36/><N who="2" m="13929" /><F43/><W123/><G123/><T47/><D22/><U49/><E57/><V104/><F104/><W117/><G44/><T67/><D47/><U30/><E39/><V31/><F31/><W28/><G28/><T78/><D66/><U56/><E30/><V52/><F52/><W111/><G111/><T18/><D53/><U112/><E56/><V90/><F90/><W9/><REACH who="3" step="1"/><G117/><REACH who="3" step="2"/><T26/><D88/><U122/><E112/><V131/><F131/><W33/><G33/><T2/><D70/><U73/><E130/><V61/><F61/><W116/><G116/><T71/><D71/><U101/><E122/><V60/><F60/><W100/><G100/><T102/><D102/><U79/><E101/><V95/><F95/><AGARI ba="2,1" hai="0,6,7,8,9,14,62,63,81,82,83,95,98,103" machi="95" ten="40,2600,0" yaku="1,1,52,1,53,0" doraHai="35" doraHaiUra="86" who="3" fromWho="2" sc="375,0,214,0,228,-32,173,42" /><INIT seed="3,0,0,0,3,35" ten="375,214,196,215" oya="3" hai0="33,132,71,83,76,85,0,10,67,16,41,96,95" hai1="111,54,2,97,39,61,124,80,9,51,72,134,100" hai2="31,109,17,4,93,104,43,19,25,21,14,113,82" hai3="50,57,65,37,62,73,74,59,102,44,94,8,89" shuffle="mt19937ar,9B0A43B9,483E8698,E5BE0CCA,069A67E7,160C9319,5B8897F3,D6C330EC,AD7A1C82"/><W79/><G37/><T69/><D33/><U98/><E39/><V38/><F104/><W23/><G102/><T58/><D41/><U110/><E61/><V87/><F93/><W68/><G23/><T12/><D0/><U92/><E134/><V29/><F113/><W112/><G112/><T106/><D106/><U103/><E124/><V114/><F114/><W6/><G79/><T5/><D132/><U36/><E36/><V116/><F116/><W125/><G125/><T77/><D77/><N who="1" m="44071" /><E2/><V40/><F38/><W84/><G73/><T108/><D108/><N who="1" m="41515" /><E9/><N who="2" m="4391" /><F109/><W28/><G28/><N who="2" m="10825" /><F19/><W11/><G11/><T126/><D58/><N who="1" m="33119" /><E97/><V1/><F1/><W121/><G121/><T70/><D95/><U27/><E27/><V122/><F122/><W22/><G74/><T53/><D76/><U128/><E128/><V91/><F40/><W78/><G78/><T130/><D53/><U99/><E99/><V56/><F43/><W32/><G32/><T30/><D71/><U127/><E127/><V60/><F60/><W120/><G120/><T123/><D70/><U18/><E18/><V118/><F118/><W55/><G22/><T26/><D10/><U101/><AGARI ba="0,0" hai="92,98,100,101,103" m="33119,41515,44071" machi="101" ten="30,1100,0" yaku="14,1" doraHai="35" who="1" fromWho="1" sc="375,-3,214,11,196,-3,215,-5" owari="372,37,225,-2,193,-21,210,-14" /></mjloggm>