<mjloggm ver="2.3"><GO type="225"/><UN n0="%E3%83%80%E3%83%A0%E3%83%9E%E3%83%8B%E3%82%A2" n1="%E3%81%B6%E3%81%A3%E3%81%A8%E3%81%B3%E4%BE%8D" n2="%E6%B7%B1%E5%A4%9C%E3%81%AE%E5%AE%B4" n3="%72%6F%6E%6E%6E%6E%6E" dan="16,16,16,16" rate="2135,2078,2051,2081" sx="M,M,M,M"/><TAIKYOKU oya="0"/><INIT seed="0,0,0,3,1,134" ten="250,250,250,250" oya="0" hai0="6,100,133,116,117,63,82,79,36,5,97,65,128" hai1="96,110,26,91,115,58,80,75,77,121,17,56,112" hai2="43,51,10,106,95,81,59,18,105,94,34,42,0" hai3="29,126,83,61,30,38,23,85,21,49,22,24,118" shuffle="mt19937ar,5A2AC0B7,2A38EDFA,04EAA63E,E4D12D54,76696F33,15A972B7,9152C4A7,53421C06"/><T114/><D36/><U45/><E121/><V31/><F34/><W11/><G38/><T15/><D114/><N who="1" m="43563" /><E110/><V93/><F31/><W132/><G118/><T70/><D133/><U119/><E119/><V68/><F68/><W2/><G132/><T123/><D123/><U62/><E45/><V89/><F0/><W107/><G107/><T64/><D64/><U102/><E91/><V90/><F106/><W131/><G131/><T25/><D128/><U99/><E99/><V14/><F105/><W20/><G61/><T41/><D41/><N who="2" m="15370" /><F81/><W87/><G30/><T37/><D37/><U109/><E109/><V8/><F8/><W16/><G49/><T124/><D117/><U33/><E62/><V108/><F108/><W74/><G74/><T111/><D116/><U27/><E33/><V52/><AGARI ba="0,0" hai="10,14,18,51,52,59,89,90,93,94,95" m="15370" machi="52" ten="30,2000,0" yaku="8,1,54,1" doraHai="134" who="2" fromWho="2" sc="250,-10,250,-5,250,20,250,-5" /><INIT seed="1,0,0,5,1,79" ten="240,245,270,245" oya="1" hai0="63,128,65,131,121,2,50,116,96,35,28,41,59" hai1="129,56,21,43,48,64,54,120,55,51,69,15,84" hai2="106,37,86,38,4,29,111,0,110,126,70,68,95" hai3="127,74,78,12,3,134,71,66,107,57,6,40,32" shuffle="mt19937ar,7F4CAD29,8CA07653,B2E81CA4,8C14DC91,3087777D,C058695A,2DE558BA,0455CF48"/><U67/><E15/><V5/><F106/><W102/><G57/><T85/><D2/><U25/><E120/><V62/><F29/><W97/><G12/><T114/><D114/><U92/><E129/><V90/><F126/><W108/><G127/><T23/><D35/><U88/><E43/><V60/><F0/><W100/><G100/><T27/><D116/><U14/><E69/><V52/><F86/><W109/><G40/><T45/><D121/><U101/><E101/><V103/><F103/><W22/><G22/><T18/><D18/><N who="1" m="10455" /><E92/><V1/><F1/><W31/><G134/><T99/><REACH who="0" step="1"/><D85/><REACH who="0" step="2"/><U75/><E75/><V34/><F34/><W39/><G3/><T89/><D89/><U26/><E67/><V73/><F90/><W113/><G113/><T105/><D105/><U82/><E64/><V58/><F73/><W81/><G6/><T87/><D87/><U13/><E13/><V76/><F4/><W122/><G122/><T112/><D112/><U10/><E10/><V93/><F5/><W125/><G125/><T104/><D104/><U7/><E7/><V46/><F95/><W19/><G19/><T91/><D91/><U42/><E42/><V47/><F93/><W119/><G119/><T80/><D80/><U11/><E11/><V83/><F83/><W72/><G72/><T33/><D33/><U36/><E36/><V24/><F37/><W130/><G39/><T123/><D123/><U132/><E132/><V117/><F38/><W17/><G17/><T115/><D115/><U49/><E55/><V8/><F117/><W61/><G130/><AGARI ba="0,1" hai="23,27,28,41,45,50,59,63,65,96,99,128,130,131" machi="130" ten="40,8000,1" yaku="1,1,6,1,19,1,53,1" doraHai="79" doraHaiUra="53" who="0" fromWho="3" sc="230,90,245,0,270,0,245,-80" /><INIT seed="2,0,0,4,3,104" ten="320,245,270,165" oya="2" hai0="50,31,21,30,29,70,92,9,11,95,107,130,76" hai1="89,46,83,48,69,114,85,65,17,125,3,23,61" hai2="116,7,62,105,100,93,73,53,84,55,90,34,35" hai3="98,67,133,13,102,99,112,78,110,127,15,124,16" shuffle="mt19937ar,80225BB2,63C235DA,8EA6D98D,20FA4A03,9407710C,725358B1,84F9A6FB,5AE16E89"/><V101/><F116/><W115/><G67/><T32/><D107/><U96/><E3/><V120/><F120/><W68/><G68/><T109/><D70/><U64/><E64/><V6/><F105/><W132/><G78/><T111/><D32/><U56/><E125/><N who="3" m="48202" /><G110/><N who="0" m="41995" /><D50/><U5/><E5/><V42/><F42/><W123/><G123/><T28/><D130/><U60/><E114/><N who="3" m="43562" /><G102/><T108/><D76/><U20/><E69/><V0/><F101/><W94/><G94/><N who="0" m="35883" /><D108/><U26/><E60/><V38/><F100/><W43/><G43/><T2/><D2/><U4/><E61/><V10/><F62/><W86/><G86/><T12/><D31/><U72/><E65/><V58/><F84/><W134/><G15/><T118/><D118/><U91/><E85/><V119/><F0/><W39/><G39/><T121/><D121/><U41/><E41/><V36/><F38/><W97/><G97/><T126/><D126/><U19/><E96/><V75/><F36/><W135/><G135/><T128/><D128/><U77/><E77/><V82/><F119/><W81/><G81/><T106/><D106/><U87/><E87/><V22/><F93/><W88/><G88/><T18/><AGARI ba="0,0" hai="9,11,12,18,21,28,29,30" m="35883,41995" machi="18" ten="40,1500,0" yaku="14,1" doraHai="104" who="0" fromWho="0" sc="320,15,245,-4,270,-7,165,-4" /><INIT seed="3,0,0,2,3,17" ten="335,241,263,161" oya="3" hai0="26,35,0,119,42,113,85,68,128,78,124,110,63" hai1="18,118,59,86,101,80,87,69,51,3,83,62,92" hai2="89,41,66,127,79,58,107,43,36,116,98,121,53" hai3="8,71,132,15,111,20,29,16,64,67,24,4,133" shuffle="mt19937ar,BDEB4C01,1008928C,0FB71747,C780DD51,425E80D0,10EF3052,A4E9B822,46C62893"/><W129/><G129/><T37/><RYUUKYOKU type="yao9" ba="0,0" sc="335,0,241,0,263,0,161,0" hai0="0,26,35,37,42,63,68,78,85,110,113,119,124,128" /><INIT seed="3,1,0,2,5,132" ten="335,241,263,161" oya="3" hai0="71,42,73,21,131,24,122,43,12,7,76,67,27" hai1="39,123,115,119,29,56,13,103,87,69,75,108,52" hai2="1,134,3,6,72,124,92,22,95,16,53,78,50" hai3="0,54,64,88,4,113,120,26,9,36,61,2,62" shuffle="mt19937ar,63895322,86F91379,321952B7,555FD8B1,967BC653,AC2A4438,73F450B4,B0DDA67E"/><W46/><G113/><T17/><D71/><U93/><E69/><V114/><F114/><W74/><G120/><T63/><D76/><U107/><E39/><V51/><F134/><W89/><G74/><T48/><D73/><U101/><E115/><V111/><F111/><W41/><G2/><T11/><D122/><U110/><E75/><V127/><F50/><W133/><G133/><T121/><D121/><U81/><E107/><V118/><F118/><W28/><G54/><T30/><D131/><U102/><E123/><V19/><F72/><W125/><G125/><N who="2" m="48201" /><F78/><W97/><G97/><T85/><D85/><U40/><E40/><V23/><F6/><W33/><REACH who="3" step="1"/><G62/><REACH who="3" step="2"/><T66/><D63/><N who="1" m="36231" /><E108/><V70/><F1/><W135/><G135/><T91/><D43/><U60/><E60/><V5/><F3/><W58/><AGARI ba="1,1" hai="0,4,9,26,28,33,36,41,46,58,61,64,88,89" machi="58" ten="20,7800,0" yaku="1,1,0,1,7,1,54,1,53,0" doraHai="132" doraHaiUra="128" who="3" fromWho="3" sc="335,-27,241,-27,263,-27,151,91" /><INIT seed="3,2,0,2,5,131" ten="308,214,236,242" oya="3" hai0="112,24,34,81,102,95,3,72,32,43,29,110,58" hai1="107,132,93,40,92,51,5,17,31,70,45,135,116" hai2="19,11,30,23,14,98,127,77,39,114,68,84,128" hai3="25,89,134,76,74,57,71,47,104,119,55,88,101" shuffle="mt19937ar,1B1BD3EF,9D288FFA,B918D498,7B8E72F5,AE369945,FFDBD74B,1866DFA7,396D7E58"/><W13/><G119/><T15/><D3/><U133/><E116/><V78/><F39/><W49/><G71/><T87/><D72/><U103/><E70/><V106/><F68/><W65/><G104/><T20/><D112/><U54/><E17/><V124/><F128/><W6/><G101/><T21/><D110/><U129/><E129/><V42/><F114/><W109/><G109/><T125/><D125/><N who="2" m="48202" /><F42/><W67/><G25/><T113/><D113/><U50/><E31/><V60/><F60/><W26/><G26/><T33/><D43/><U66/><E66/><V105/><F84/><W79/><G67/><T126/><D126/><U90/><E5/><N who="2" m="3439" /><F30/><W0/><G0/><T100/><D58/><N who="1" m="33119" /><E90/><V7/><F7/><W82/><G79/><N who="2" m="30217" /><F98/><AGARI ba="2,0" hai="40,45,50,92,93,98,103,107,132,133,135" m="33119" machi="98" ten="30,7700,0" yaku="20,1,52,3" doraHai="131" who="1" fromWho="2" sc="308,0,214,83,236,-83,242,0" owari="308,31,297,5,153,-25,242,-11" /></mjloggm>