<mjloggm ver="2.3"><GO type="225"/><UN n0="%E5%85%AD%E5%88%86%E5%84%80%E3%82%B2%E3%83%B3%E3%83%89%E3%82%A6" n1="%E2%98%85%E3%83%A6%E3%83%94%E3%83%86%E3%83%AB%E2%98%85" n2="%E5%B1%B1%E5%B9%B8%E5%95%86%E5%BA%97" n3="%E3%82%AF%E3%83%AB%E3%83%AB%E2%98%86" dan="16,17,17,16" rate="2125,2097,2128,2090" sx="F,M,M,F"/><TAIKYOKU oya="0"/><INIT seed="0,0,0,3,1,46" ten="250,250,250,250" oya="0" hai0="132,10,8,27,62,47,91,81,94,65,6,101,123" hai1="36,70,73,121,32,124,116,37,51,4,71,105,66" hai2="58,109,13,54,67,24,16,127,61,44,113,5,96" hai3="72,20,79,30,135,119,102,80,76,52,83,117,111" shuffle="mt19937ar,11037030,F2E8407A,C9924E2E,85ADC39A,8332D4ED,C7A3C7F2,A5271964,6BE42A4C"/><T120/><D132/><U31/><E121/><V134/><F113/><W42/><G135/><T18/><D101/><U74/><E116/><V43/><F134/><W48/><G111/><T103/><D103/><U115/><E115/><V25/><F109/><W63/><G102/><T100/><D100/><U12/><E105/><V49/><F96/><W77/><G42/><T108/><D108/><U99/><E99/><V78/><F5/><W93/><G93/><T87/><D94/><U22/><E32/><V15/><F15/><W114/><G114/><T23/><D47/><U17/><E124/><V45/><F78/><W92/><G92/><T38/><D38/><U57/><E31/><V88/><F88/><W107/><G107/><T68/><REACH who="0" step="1"/><D10/><REACH who="0" step="2"/><U34/><E36/><V50/><F127/><W97/><G119/><T90/><D90/><U33/><E37/><V41/><F43/><W53/><G117/><T129/><D129/><U106/><E106/><V130/><F130/><W75/><G75/><T11/><D11/><AGARI ba="0,1" hai="11,13,16,24,25,41,44,45,49,50,54,58,61,67" machi="11" ten="30,8000,1" yaku="7,1,8,1,52,2,54,1" doraHai="46" who="2" fromWho="0" sc="240,-80,250,0,250,90,250,0" /><INIT seed="1,0,0,4,4,61" ten="160,250,340,250" oya="1" hai0="12,71,91,76,52,67,13,72,103,3,62,113,21" hai1="78,41,24,38,92,79,31,42,34,15,125,127,45" hai2="29,40,49,14,132,111,53,102,20,118,5,94,116" hai3="0,11,65,51,95,19,55,26,90,98,112,87,121" shuffle="mt19937ar,0E29B89F,10D915DC,6FB8575A,BEA84378,6B6157CA,8DEBB31C,F03CDA19,C04ECCB2"/><U122/><E122/><V50/><F132/><W84/><G121/><T130/><D113/><U43/><E92/><V124/><F124/><N who="1" m="47689" /><E15/><V81/><F111/><W100/><G112/><T6/><D130/><U101/><E101/><V134/><F81/><W85/><G0/><T69/><D103/><U8/><E8/><V93/><F134/><W86/><G65/><T135/><D135/><U37/><E45/><N who="2" m="25767" /><F102/><W77/><G77/><AGARI ba="0,0" hai="24,31,34,37,38,41,42,43,77,78,79" m="47689" machi="77" ten="30,1500,0" yaku="18,1" doraHai="61" who="1" fromWho="3" sc="160,0,250,15,340,0,250,-15" /><INIT seed="1,1,0,0,0,115" ten="160,265,340,235" oya="1" hai0="3,32,81,60,71,58,128,111,5,44,13,2,129" hai1="62,50,54,91,134,84,18,109,107,70,106,63,126" hai2="85,125,6,92,95,33,51,103,135,64,30,39,127" hai3="7,121,42,132,112,27,49,79,48,133,123,9,31" shuffle="mt19937ar,CD1E8D31,2883BB5C,7A9C3E1F,0F586E2E,97366668,EB003A43,D08944F2,D4A18471"/><U104/><E126/><N who="2" m="48139" /><F39/><W105/><G105/><T86/><D32/><U124/><E124/><V102/><F64/><W40/><G112/><T26/><D71/><U98/><E134/><N who="3" m="51818" /><G79/><T47/><D26/><U67/><E109/><V22/><F33/><N who="3" m="20735" /><G42/><T83/><D111/><U131/><E131/><N who="0" m="50249" /><D13/><U37/><E37/><V1/><F135/><W87/><G87/><T69/><D69/><U45/><E63/><V12/><F1/><N who="0" m="10" /><D5/><U10/><E10/><N who="2" m="4183" /><F51/><N who="3" m="19531" /><G40/><T118/><D86/><U73/><E73/><V66/><F85/><W61/><G61/><T0/><N who="0" m="18" /><AGARI ba="1,0" hai="0,7,9,121,123" m="19531,20735,51818" machi="0" ten="30,2000,0" yaku="3,1,20,1" doraHai="115" who="3" fromWho="0" sc="160,-23,265,0,340,0,235,23" /><INIT seed="2,0,0,1,2,119" ten="137,265,340,258" oya="2" hai0="14,31,123,130,55,44,85,50,11,0,128,16,125" hai1="79,22,107,60,13,129,33,133,117,48,114,8,101" hai2="28,103,97,36,95,80,47,100,112,40,120,63,116" hai3="90,51,70,53,74,27,21,72,84,122,3,92,131" shuffle="mt19937ar,66012DD5,1F528BC0,C631CC34,9BF2B1FE,E82874A6,53D2AF75,5A8844D2,265940FE"/><V89/><F120/><W62/><G3/><T105/><D105/><U78/><E33/><V54/><F116/><W67/><G131/><N who="0" m="50219" /><D125/><U23/><E129/><V94/><F112/><W58/><REACH who="3" step="1"/><G122/><REACH who="3" step="2"/><T82/><D123/><U38/><E117/><V115/><F115/><W35/><G35/><T52/><D0/><U56/><E114/><V41/><F103/><W5/><G5/><T102/><D102/><U2/><E2/><V132/><F100/><W30/><AGARI ba="0,1" hai="21,27,30,51,53,58,62,67,70,72,74,84,90,92" machi="30" ten="20,2700,0" yaku="1,1,0,1,7,1,53,0" doraHai="119" doraHaiUra="110" who="3" fromWho="3" sc="137,-7,265,-7,340,-13,248,37" /><INIT seed="3,0,0,1,5,49" ten="130,258,327,285" oya="3" hai0="71,50,61,41,31,60,36,5,135,124,87,53,101" hai1="120,29,78,132,66,67,6,73,43,106,79,77,62" hai2="107,126,108,45,119,64,98,9,25,130,111,16,110" hai3="52,17,133,121,99,56,114,68,39,7,128,123,59" shuffle="mt19937ar,936A9593,AA3E13BE,85A17F64,2B992E30,8F2DD5B0,83F18AEC,39C594CD,3BDB04D3"/><W118/><G114/><T10/><D124/><U82/><E106/><V42/><F126/><W125/><G118/><T93/><D135/><U0/><E132/><V28/><F119/><W116/><G116/><T70/><D31/><U129/><E120/><V102/><F130/><W19/><G133/><T97/><D36/><U8/><E129/><V34/><F64/><W40/><G68/><T51/><D41/><U103/><E103/><V105/><F105/><W14/><G128/><T76/><D71/><U63/><E29/><V84/><F84/><W30/><G125/><T54/><D70/><U4/><E43/><V27/><F27/><W11/><G30/><T55/><D76/><U69/><E6/><V13/><F42/><W1/><G99/><T48/><REACH who="0" step="1"/><D87/><REACH who="0" step="2"/><U2/><E77/><V72/><F111/><W85/><G85/><T20/><D20/><U81/><E81/><V3/><F110/><W18/><G40/><T47/><D47/><U88/><E78/><V134/><F45/><W15/><G39/><T23/><D23/><U24/><E79/><V89/><F134/><W21/><G21/><T38/><D38/><U32/><E82/><V112/><F108/><W86/><G86/><T90/><D90/><U131/><E88/><V83/><F89/><W115/><G123/><T92/><D92/><U35/><E131/><V122/><F83/><W91/><G91/><T44/><D44/><U22/><E22/><V113/><F122/><W95/><G95/><T109/><D109/><U100/><E69/><V57/><F112/><W75/><G115/><T46/><D46/><RYUUKYOKU ba="0,1" sc="120,30,258,-10,327,-10,285,-10" hai0="5,10,48,50,51,53,54,55,60,61,93,97,101" owari="150,-25,248,-10,327,32,275,3" /></mjloggm>