<mjloggm ver="2.3"><GO type="225"/><UN n0="%E3%83%9A%E3%83%AD%E3%81%A1%E3%82%83%E3%82%93" n1="%23%37%34%E5%A4%A7%E6%B2%BB%E9%83%8E" n2="%E3%82%AF%E3%83%AB%E3%83%AB%E2%98%86" n3="%E3%83%AA%E3%83%AA%E3%82%A2%E3%83%BC%E3%83%8C" dan="16,16,16,17" rate="2050,2049,2040,2130" sx="M,M,F,F"/><TAIKYOKU oya="0"/><INIT seed="0,0,0,3,3,88" ten="250,250,250,250" oya="0" hai0="22,18,129,81,109,115,82,123,132,89,120,127,23" hai1="135,87,128,119,133,70,25,118,24,32,40,2,44" hai2="101,110,3,12,58,56,64,93,76,103,124,112,96" hai3="6,1,60,11,43,35,0,100,131,57,16,92,30" shuffle="mt19937ar,83D75E89,0CE15602,9BE218CF,1418D991,9527FC21,366FD26D,CA2BC791,0AE56F09"/><T53/><D115/><U49/><E2/><V73/><F3/><W37/><G131/><T126/><D129/><U52/><E128/><V116/><F112/><W27/><G1/><T29/><D29/><U7/><E7/><V38/><F38/><W77/><G77/><T42/><D42/><U10/><E10/><V78/><F110/><W85/><G43/><T106/><D106/><U90/><E70/><V51/><F124/><N who="0" m="47658" /><D109/><U46/><E32/><V111/><F111/><W130/><G37/><T9/><D132/><N who="1" m="50763" /><E24/><V95/><F73/><W71/><G71/><T13/><D53/><U113/><E25/><V98/><F116/><N who="1" m="44585" /><E113/><V114/><F114/><W61/><G130/><T62/><D62/><U102/><E102/><V63/><F12/><W59/><G60/><T122/><D89/><U21/><E21/><AGARI ba="0,0" hai="9,13,18,21,22,23,81,82,120,122,123" m="47658" machi="21" ten="40,2000,0" yaku="18,1" doraHai="88" who="0" fromWho="1" sc="250,20,250,-20,250,0,250,0" /><INIT seed="0,1,0,4,1,43" ten="270,230,250,250" oya="0" hai0="54,39,38,11,76,97,59,79,45,22,61,90,26" hai1="108,125,117,128,33,48,6,98,50,30,101,126,29" hai2="2,44,62,105,77,78,5,53,32,65,115,10,129" hai3="121,83,68,75,106,85,47,70,110,35,89,57,17" shuffle="mt19937ar,8D9837EB,FE51EC90,CA8133AB,F4865169,5BADCD0D,4647D9BE,730B2188,4C9E5546"/><T113/><D113/><U1/><E117/><V104/><F115/><W42/><G106/><T82/><D11/><N who="1" m="2511" /><E128/><V131/><F32/><W8/><G35/><T63/><D63/><U34/><E108/><V28/><F28/><N who="1" m="10857" /><E50/><V19/><F19/><W67/><G110/><T55/><D39/><U14/><E48/><N who="2" m="28807" /><F104/><W12/><G75/><T72/><D38/><U20/><E98/><V74/><F74/><W99/><G121/><T60/><D60/><U132/><E101/><V0/><F0/><W27/><G27/><T103/><D103/><U73/><E73/><V81/><F81/><W3/><G3/><T88/><D76/><U135/><E33/><V94/><F94/><W4/><G99/><T91/><D97/><U23/><E34/><V56/><F105/><W124/><G68/><T51/><D90/><U69/><E69/><V134/><F78/><W87/><G70/><T71/><D71/><U123/><E123/><V18/><F77/><W107/><G107/><T9/><D9/><U46/><E46/><V92/><F92/><W64/><G8/><T86/><D72/><U118/><E118/><V102/><F102/><W40/><G89/><T13/><D13/><U133/><E14/><V120/><F120/><W80/><G12/><T116/><D116/><U24/><E24/><V95/><F131/><W25/><G87/><T122/><D122/><U93/><E93/><V109/><F62/><N who="3" m="37967" /><G85/><T112/><D112/><U119/><E119/><V16/><F129/><W7/><G83/><T66/><D66/><U96/><E96/><V41/><F65/><W100/><G67/><RYUUKYOKU ba="1,0" sc="270,15,230,15,250,-15,250,-15" hai0="22,26,45,51,54,55,59,61,79,82,86,88,91" hai1="20,23,125,126,132,133,135" /><INIT seed="0,2,0,0,4,21" ten="285,245,235,235" oya="0" hai0="20,95,1,82,86,78,71,77,88,79,67,2,40" hai1="89,17,23,123,54,47,46,5,108,0,56,41,76" hai2="9,110,112,116,35,33,105,18,124,106,10,45,85" hai3="114,42,113,134,122,98,90,129,74,28,72,117,100" shuffle="mt19937ar,6E1F0B92,4C15015D,C281A975,8DE18AFA,27842DFF,046BDDE9,7DBFC913,D1B38FA9"/><T119/><D119/><U121/><E108/><V16/><F112/><W60/><G117/><T92/><D40/><U29/><E29/><V120/><F116/><W84/><G134/><T80/><D71/><U52/><E76/><V68/><F68/><W130/><G42/><T25/><D67/><U63/><E89/><V66/><F66/><W44/><G44/><T36/><D36/><U26/><E47/><V83/><F45/><W50/><G50/><T43/><D43/><U62/><E0/><V126/><F110/><W97/><G60/><T107/><D107/><U99/><E99/><N who="3" m="37898" /><G28/><N who="0" m="17447" /><D1/><U128/><E5/><V24/><F85/><W59/><G59/><T91/><D2/><U27/><E128/><N who="3" m="49258" /><G100/><T81/><D86/><U32/><E32/><V51/><F51/><W103/><G103/><T53/><D53/><U22/><E63/><V96/><F96/><W69/><G69/><T111/><D111/><U19/><E54/><V104/><F104/><W61/><G61/><T6/><D6/><U118/><E118/><V93/><F93/><AGARI ba="2,0" hai="77,78,79,80,81,82,88,91,92,93,95" m="17447" machi="93" ten="30,5800,0" yaku="8,1,52,1,54,1" doraHai="21" who="0" fromWho="2" sc="285,64,245,0,235,-64,235,0" /><INIT seed="0,3,0,0,2,115" ten="349,245,171,235" oya="0" hai0="126,104,86,108,97,85,28,6,80,96,58,46,22" hai1="125,57,70,92,63,50,73,67,52,77,2,99,106" hai2="62,47,33,12,1,91,114,90,111,53,7,55,135" hai3="88,81,134,23,13,27,49,120,128,89,93,35,105" shuffle="mt19937ar,D266A457,C2420B5E,8C1D97C9,3579B7E6,4C38298B,9EBB05E6,151FF155,F1CF4BAA"/><T132/><D132/><U129/><E2/><V94/><F114/><W19/><G105/><T29/><D126/><U71/><E125/><V101/><F1/><W107/><G107/><T124/><D124/><U56/><E106/><V34/><F135/><W84/><G134/><T37/><D6/><U127/><E127/><V116/><F101/><W112/><G112/><T74/><D74/><U121/><E121/><V44/><F7/><W24/><G120/><T43/><D108/><U15/><E129/><V14/><F62/><W118/><G128/><T54/><D86/><U38/><E38/><V8/><F94/><W123/><G123/><T31/><D22/><U72/><E15/><V98/><F98/><W65/><G65/><T78/><REACH who="0" step="1"/><D104/><REACH who="0" step="2"/><U122/><E122/><V76/><F111/><W69/><G23/><T39/><D39/><U117/><E117/><V109/><F109/><W110/><G84/><T21/><D21/><U16/><E73/><V20/><F20/><W100/><G118/><T4/><D4/><U26/><E72/><V83/><F116/><W30/><G110/><T0/><D0/><U9/><E77/><V45/><F76/><W87/><G35/><T79/><D79/><U102/><E26/><V25/><F25/><W119/><G27/><T64/><D64/><U40/><E9/><V82/><F8/><W10/><G24/><T17/><D17/><U113/><E16/><V95/><F45/><W41/><G19/><T48/><AGARI ba="3,1" hai="28,29,31,37,43,46,48,54,58,78,80,85,96,97" machi="48" ten="30,6000,0" yaku="1,1,0,1,53,1" doraHai="115" doraHaiUra="51" who="0" fromWho="0" sc="339,79,245,-23,171,-23,235,-23" /><INIT seed="0,4,0,3,1,109" ten="418,222,148,212" oya="0" hai0="10,56,38,93,44,91,23,50,104,30,2,8,67" hai1="36,55,48,82,24,94,25,11,76,19,45,89,122" hai2="114,84,72,43,6,74,69,9,40,86,12,62,17" hai3="75,61,37,95,29,115,129,31,123,65,100,124,111" shuffle="mt19937ar,62D052D5,E19B250E,DA86C976,9ACE6C92,710BC5B5,96509DA2,E051CAD3,39B4ADCF"/><T97/><D104/><U127/><E122/><V66/><F74/><W18/><G37/><T121/><D38/><U26/><E36/><V39/><F72/><W68/><G75/><T110/><D110/><U57/><E127/><V63/><F114/><W13/><G111/><T15/><D2/><U78/><E82/><V119/><F119/><W58/><G115/><T96/><D96/><U126/><E126/><V77/><F39/><W135/><G124/><T88/><D91/><U87/><E45/><V90/><F62/><W92/><G123/><T70/><D70/><U132/><E132/><V34/><F34/><W16/><G135/><T71/><D71/><U112/><E112/><V128/><F128/><W22/><G129/><T98/><D98/><U42/><E42/><V35/><F35/><W32/><G32/><T59/><D121/><U33/><E33/><V27/><F77/><W79/><G79/><T120/><D120/><U54/><REACH who="1" step="1"/><E55/><REACH who="1" step="2"/><V4/><F43/><W81/><G81/><T47/><D67/><U102/><E102/><V83/><F40/><W7/><G100/><T0/><D44/><U80/><E80/><V99/><F83/><W105/><G65/><T106/><D47/><U5/><E5/><V3/><F6/><W53/><G7/><T46/><D46/><U113/><E113/><V118/><F4/><W134/><G53/><T125/><D125/><U64/><E64/><V103/><F66/><W1/><G134/><T107/><D107/><U85/><E85/><V20/><F86/><W101/><G105/><T14/><D106/><U131/><E131/><RYUUKYOKU ba="4,1" sc="418,-10,212,30,148,-10,212,-10" hai1="11,19,24,25,26,48,54,57,76,78,87,89,94" /><INIT seed="1,5,1,1,0,80" ten="408,242,138,202" oya="1" hai0="5,107,89,11,92,48,123,121,39,72,128,60,4" hai1="12,99,95,115,52,49,40,24,34,117,66,119,58" hai2="13,111,63,129,29,1,90,76,135,35,28,20,54" hai3="2,61,37,57,84,9,133,16,44,79,118,101,127" shuffle="mt19937ar,A16B5361,AA6B81AF,5AB95278,20A6D093,21DEF7F6,37F62547,B970FB8A,08CC4296"/><U96/><E115/><V74/><F1/><W65/><G133/><T112/><D107/><U68/><E40/><V97/><F135/><W67/><G127/><T82/><D39/><U18/><E99/><V132/><F132/><W73/><G73/><T131/><D112/><U103/><E34/><V43/><F35/><W104/><G118/><T56/><D48/><U14/><E24/><V33/><F33/><W45/><G37/><T47/><D47/><U108/><E108/><V42/><F111/><W10/><G67/><N who="0" m="39303" /><D82/><U70/><E12/><V94/><F76/><W87/><G79/><T3/><D4/><U106/><E106/><V77/><F77/><W32/><G32/><T93/><D72/><U69/><REACH who="1" step="1"/><E66/><REACH who="1" step="2"/><V124/><F13/><W122/><G104/><T30/><D123/><U51/><E51/><V59/><F43/><W110/><G110/><T25/><D121/><U75/><E75/><V98/><F42/><W36/><G65/><T85/><D25/><U130/><E130/><N who="0" m="49705" /><D30/><U120/><E120/><V38/><F74/><W19/><G122/><T22/><D93/><U31/><E31/><V0/><F29/><W88/><G36/><T8/><D8/><AGARI ba="5,2" hai="8,14,18,49,52,58,68,69,70,95,96,103,117,119" machi="8" ten="40,3900,0" yaku="1,1,54,1,53,0" doraHai="80" doraHaiUra="17" who="1" fromWho="0" sc="408,-54,232,74,138,0,202,0" /><INIT seed="1,6,0,0,5,35" ten="354,306,138,202" oya="1" hai0="45,107,6,68,85,118,84,124,26,94,109,60,77" hai1="46,47,3,66,21,55,131,18,56,57,4,110,87" hai2="19,108,11,53,111,112,16,42,48,58,37,125,51" hai3="133,67,61,41,64,31,82,8,105,20,10,0,38" shuffle="mt19937ar,C596A525,BE807BD0,1EEC03AD,2A611918,D7B8E0ED,31CEBE6D,7CE473FB,F089E6E0"/><U86/><E131/><V114/><F37/><W50/><G105/><T52/><D118/><U13/><E110/><N who="2" m="42027" /><F125/><W14/><G133/><T119/><D124/><U89/><E66/><V22/><F11/><W71/><G38/><T44/><D119/><U121/><E121/><V102/><F102/><W9/><G67/><T115/><D109/><U28/><E28/><V99/><F99/><W69/><G82/><T72/><D107/><U129/><E129/><V120/><F120/><W130/><G130/><T33/><D115/><N who="2" m="44074" /><F22/><W101/><G101/><T23/><D33/><U1/><E87/><V90/><F90/><W104/><G104/><T135/><D84/><U12/><E12/><V93/><F93/><W63/><G14/><T7/><D85/><U27/><E27/><V117/><F117/><W95/><G95/><T43/><D23/><U132/><E132/><V29/><F29/><W62/><G20/><T113/><D26/><U65/><E4/><V34/><F34/><W24/><G24/><T106/><D7/><U73/><E73/><V5/><F5/><N who="3" m="1063" /><G31/><T78/><D72/><U116/><E116/><V123/><F123/><W74/><G74/><T92/><D6/><U91/><E91/><V97/><F97/><W96/><G96/><T81/><D94/><U80/><E89/><V127/><F127/><W75/><G75/><T17/><D92/><U36/><E80/><V122/><F122/><W100/><G100/><T79/><D113/><U98/><E36/><V128/><F128/><W103/><G103/><T88/><D135/><U76/><E98/><V70/><F70/><RYUUKYOKU ba="6,0" sc="354,-10,306,-10,138,30,202,-10" hai2="16,19,42,48,51,53,58" /><INIT seed="2,7,0,5,3,47" ten="344,296,168,192" oya="2" hai0="78,90,74,31,70,52,67,26,99,14,55,0,33" hai1="111,113,50,32,112,71,22,46,15,106,79,6,108" hai2="44,130,36,116,91,7,131,97,12,35,127,53,120" hai3="129,49,48,62,17,102,103,61,128,45,87,118,38" shuffle="mt19937ar,68378487,9E5D9620,D9497CCA,553E0876,449D620C,0B5CD0D2,3C8CF7D4,B2569E30"/><V86/><F116/><W28/><G28/><T133/><D0/><U25/><E106/><V114/><F114/><N who="1" m="44137" /><E79/><V10/><F35/><W121/><G121/><T96/><D14/><U16/><E71/><V107/><F120/><W104/><G118/><T95/><D133/><U73/><E73/><V9/><F127/><W117/><G117/><T101/><D78/><U98/><E98/><V85/><F10/><W109/><G87/><T66/><D74/><U100/><E100/><N who="3" m="38442" /><G104/><N who="0" m="63527" /><D67/><U68/><E68/><V122/><F122/><W5/><G5/><T54/><D54/><U34/><E6/><V94/><F107/><W24/><G38/><T43/><D43/><N who="1" m="24927" /><E15/><V119/><F119/><W84/><G84/><T51/><D51/><N who="3" m="19529" /><G45/><T89/><D89/><U65/><E65/><V80/><F53/><W40/><G40/><T42/><D42/><U19/><E19/><V72/><F44/><W135/><G135/><T81/><D81/><U21/><E21/><V92/><F36/><W93/><G93/><T58/><D58/><U11/><E11/><V134/><F134/><W132/><G132/><T64/><D64/><U4/><E4/><V8/><F94/><W3/><G3/><T37/><D37/><U69/><E69/><V110/><F9/><W20/><G109/><AGARI ba="7,0" hai="16,22,25,32,34,108,109,111" m="24927,44137" machi="109" ten="30,3900,0" yaku="14,1,52,1,54,1" doraHai="47" who="1" fromWho="3" sc="344,0,296,60,168,0,192,-60" /><INIT seed="3,0,0,2,1,11" ten="344,356,168,132" oya="3" hai0="70,48,121,13,66,34,35,47,91,31,51,92,85" hai1="30,24,126,119,111,130,32,14,87,97,81,16,43" hai2="105,57,99,133,90,50,122,108,67,68,103,94,107" hai3="39,27,41,93,129,98,131,12,7,127,102,110,69" shuffle="mt19937ar,0D995483,0A311FA5,5283CA8B,5FD9D821,2E9129D8,9BF894ED,246E8291,2B21F6B8"/><W95/><G69/><T8/><D121/><U72/><E72/><V49/><F122/><W62/><G127/><T106/><D106/><U75/><E75/><V42/><F68/><W96/><G62/><T82/><D70/><U55/><E126/><V63/><F107/><W6/><G27/><T74/><D66/><U17/><E130/><N who="3" m="49674" /><G110/><T56/><D31/><U23/><E111/><V76/><F108/><W71/><G71/><T26/><D26/><U118/><E43/><V101/><F133/><W33/><G33/><T44/><D34/><U134/><E134/><V128/><F128/><W84/><G84/><N who="0" m="52327" /><D74/><U18/><E97/><N who="3" m="37482" /><G102/><N who="2" m="38921" /><F105/><W104/><G104/><T114/><D114/><U112/><E55/><V116/><F116/><N who="1" m="44585" /><E112/><V123/><F123/><W132/><G132/><T2/><D2/><U88/><AGARI ba="0,0" hai="14,16,17,18,23,24,30,32,81,87,88" m="44585" machi="88" ten="30,7900,0" yaku="12,1,52,1,54,2" doraHai="11" who="1" fromWho="1" sc="344,-20,356,79,168,-20,132,-39" owari="324,7,435,44,148,-20,93,-31" /></mjloggm>