<mjloggm ver="2.3"><GO type="225"/><UN n0="%E5%85%AD%E5%88%86%E5%84%80" n1="%45%56%41%4E%53%49%55" n2="%E3%83%80%E3%83%A0%E3%83%9E%E3%83%8B%E3%82%A2" n3="%E5%B1%B1%E5%B9%B8%E5%95%86%E5%BA%97" dan="18,16,16,17" rate="2166,2081,2104,2163" sx="F,M,M,M"/><TAIKYOKU oya="0"/><INIT seed="0,0,0,5,1,30" ten="250,250,250,250" oya="0" hai0="114,86,102,18,24,127,7,124,69,78,72,62,82" hai1="46,100,80,31,45,84,11,89,133,96,39,66,38" hai2="107,75,67,113,129,35,49,21,95,33,19,52,16" hai3="74,94,79,117,92,10,105,4,27,81,22,98,59" shuffle="mt19937ar,7BC17392,17FC67A7,108D74AC,6ED9D139,A46FD5AF,2ED877BA,97C33E5F,C73A6299"/><T109/><D114/><U93/><E133/><V134/><F107/><W1/><G117/><T104/><D7/><U128/><E128/><V135/><F75/><W118/><G118/><T6/><D6/><U121/><E121/><V57/><F67/><W110/><G110/><T99/><D109/><U91/><E11/><V2/><F2/><W103/><REACH who="3" step="1"/><G59/><REACH who="3" step="2"/><T131/><D124/><U119/><E119/><V23/><F113/><W37/><G37/><T50/><D127/><U64/><E39/><V63/><F129/><W3/><G3/><T15/><D131/><U97/><E38/><V111/><F111/><W116/><G116/><T42/><D69/><U53/><E31/><AGARI ba="0,1" hai="1,4,10,22,27,31,74,79,81,92,94,98,103,105" machi="31" ten="30,2000,0" yaku="1,1,7,1,53,0" doraHai="30" doraHaiUra="58" who="3" fromWho="1" sc="250,0,250,-20,250,0,240,30" /><INIT seed="1,0,0,2,5,125" ten="250,230,250,270" oya="1" hai0="72,30,67,43,117,71,22,35,92,20,129,69,97" hai1="33,8,11,1,31,21,84,96,95,4,56,13,70" hai2="36,32,86,104,50,94,57,116,40,53,9,39,85" hai3="26,123,118,29,89,106,75,55,37,19,77,108,124" shuffle="mt19937ar,CC8F318E,0B019415,EA98F4EC,D6134619,E2CA169C,016C5F58,B4164DB4,F0DC0CAE"/><U48/><E70/><V58/><F104/><W133/><G89/><T47/><D117/><U25/><E84/><V128/><F32/><W107/><G77/><T46/><D72/><U121/><E121/><V82/><F116/><W61/><G19/><T122/><D122/><U16/><E56/><V2/><F40/><W10/><G29/><T91/><D35/><U28/><E48/><V24/><F24/><W59/><G26/><T109/><D109/><U38/><E38/><V76/><F58/><W110/><G10/><T45/><D43/><U101/><REACH who="1" step="1"/><E28/><REACH who="1" step="2"/><V27/><F39/><W60/><G123/><T103/><D30/><U111/><E111/><V102/><F36/><W135/><G37/><T127/><D71/><U98/><E98/><V63/><F85/><W14/><G110/><T81/><D69/><U7/><E7/><V42/><F50/><W66/><G108/><T6/><D6/><U99/><E99/><V3/><F86/><W113/><G59/><T64/><D97/><U51/><E51/><V120/><F57/><W112/><G60/><T68/><D68/><U78/><E78/><V79/><F63/><W52/><G61/><T0/><D64/><U41/><E41/><V15/><F42/><W100/><G66/><T131/><D67/><U73/><E73/><V62/><F76/><W126/><G75/><T74/><D74/><U87/><E87/><V5/><F79/><W88/><G112/><T115/><D115/><U54/><E54/><V80/><F53/><W105/><G113/><T44/><D44/><U83/><E83/><V119/><F120/><RYUUKYOKU ba="0,1" sc="250,-10,220,30,250,-10,270,-10" hai1="1,4,8,11,13,16,21,25,31,33,95,96,101" /><INIT seed="1,1,1,3,3,4" ten="240,250,240,260" oya="1" hai0="26,97,79,6,80,14,58,3,133,113,130,90,11" hai1="126,118,32,27,23,47,48,49,120,45,15,51,67" hai2="81,62,69,78,110,1,117,85,74,38,28,103,34" hai3="119,95,111,68,2,86,50,64,106,10,93,92,30" shuffle="mt19937ar,0C97796D,19EBF1A1,EBA593CC,3F1A8D85,C563744D,7FBFECC4,9F63C174,69A58542"/><U71/><E118/><V91/><F117/><W19/><G119/><T131/><D113/><U59/><E120/><V127/><F127/><W7/><G106/><T22/><D133/><U108/><E126/><V33/><F110/><W112/><G111/><T37/><D37/><U42/><E108/><V40/><F85/><W76/><G30/><T107/><D58/><U31/><E71/><V124/><F103/><W83/><G112/><T109/><D109/><U122/><E122/><V84/><F124/><W121/><G121/><T56/><D56/><U8/><E32/><V36/><F91/><W87/><G50/><T43/><D43/><U60/><REACH who="1" step="1"/><E45/><REACH who="1" step="2"/><V89/><F34/><W102/><G102/><T82/><D130/><U66/><E66/><V70/><F69/><W61/><REACH who="3" step="1"/><G19/><AGARI ba="1,2" hai="8,15,19,23,27,31,42,47,48,49,51,59,60,67" machi="19" ten="30,12000,1" yaku="1,1,7,1,8,1,52,1,53,1" doraHai="4" doraHaiUra="17" who="1" fromWho="3" sc="240,0,240,143,240,0,260,-123" /><INIT seed="1,2,0,2,3,126" ten="240,383,240,137" oya="1" hai0="74,73,9,88,12,67,70,25,66,30,90,105,59" hai1="16,21,135,87,92,72,24,20,43,0,123,57,34" hai2="85,14,78,91,35,96,133,71,31,19,84,18,56" hai3="125,80,8,115,28,54,48,36,7,52,93,60,101" shuffle="mt19937ar,9F2D6E53,3D1FA8E2,1C665A20,B0B279FF,C4AB0A54,DEB8B5C6,E30EA688,8469373A"/><U98/><E123/><V37/><F71/><W130/><G36/><T10/><D105/><U81/><E72/><V62/><F37/><W104/><G115/><T15/><D59/><U38/><E34/><V103/><F133/><W42/><G125/><T13/><D25/><U79/><E0/><V89/><F35/><W120/><G104/><T122/><D30/><U3/><E3/><V131/><F31/><W132/><G120/><T108/><D122/><U46/><E21/><V58/><F78/><W117/><G117/><T55/><D55/><U111/><E111/><V17/><F14/><W75/><G28/><T110/><REACH who="0" step="1"/><D13/><REACH who="0" step="2"/><U124/><E124/><V76/><F58/><W119/><G119/><T22/><D22/><U51/><E57/><V29/><F29/><W77/><G60/><T97/><D97/><U45/><E98/><V47/><F96/><W65/><G54/><T95/><D95/><U112/><E92/><V61/><F56/><W127/><G52/><T116/><D116/><U106/><E106/><V39/><F61/><W69/><G93/><T82/><D82/><U94/><E94/><V53/><F62/><W32/><G42/><T134/><D134/><U129/><E135/><V49/><F53/><W121/><G132/><T2/><D2/><U102/><E24/><V6/><F103/><W100/><G127/><T128/><D128/><U33/><E129/><V83/><F83/><W68/><G130/><T41/><D41/><N who="1" m="25039" /><E102/><V107/><F131/><W5/><G101/><T44/><D44/><U26/><E33/><V1/><F107/><W11/><G100/><RYUUKYOKU ba="2,1" sc="230,15,383,15,240,-15,137,-15" hai0="9,10,12,15,66,67,70,73,74,88,90,108,110" hai1="16,20,26,38,43,45,79,81,87,112" /><INIT seed="1,3,1,0,4,40" ten="245,398,225,122" oya="1" hai0="77,36,111,10,67,132,53,30,31,15,84,120,39" hai1="114,42,86,108,130,117,125,71,88,55,115,107,134" hai2="44,69,128,129,81,9,63,80,11,47,116,122,56" hai3="70,2,101,87,96,74,54,83,72,26,97,50,60" shuffle="mt19937ar,76A48F0E,DCBB25AA,E4BC24C6,A6ADEFB0,259B53BA,FB3E3585,3A9058B5,B318EB9A"/><U118/><E71/><V112/><F69/><W119/><G2/><T41/><D67/><U99/><E42/><V78/><F122/><W17/><G119/><N who="1" m="45578" /><E55/><V7/><F116/><W61/><G70/><T90/><D120/><U126/><E130/><N who="2" m="50283" /><F112/><N who="1" m="43049" /><E134/><V1/><F11/><W127/><G127/><N who="1" m="48650" /><E108/><V16/><F16/><W43/><G43/><T91/><D111/><U48/><E48/><V95/><F95/><W49/><G54/><T25/><D132/><U79/><E79/><V23/><F23/><W45/><G17/><T92/><D77/><U32/><E32/><V75/><F81/><W100/><G83/><T135/><D135/><U62/><E62/><V110/><F110/><W123/><G123/><T93/><D53/><AGARI ba="3,1" hai="1,7,9,44,47,53,56,63,75,78,80" m="50283" machi="53" ten="30,3900,0" yaku="19,1,52,2" doraHai="40" who="2" fromWho="0" sc="245,-48,398,0,225,58,122,0" /><INIT seed="2,0,0,1,4,44" ten="197,398,283,122" oya="2" hai0="63,48,125,86,5,83,37,93,92,97,46,112,20" hai1="1,56,130,26,19,131,7,127,30,14,9,133,57" hai2="90,70,115,74,117,68,15,52,11,13,40,3,66" hai3="60,32,102,76,22,0,72,88,91,107,99,28,16" shuffle="mt19937ar,935F90BA,A47AD247,3706948B,BDE57068,2632FEC0,10839C5D,0A0EB203,93C71835"/><V109/><F74/><W41/><G0/><T123/><D112/><U43/><E43/><V24/><F115/><W108/><G108/><T78/><D123/><U116/><E116/><V114/><F117/><W36/><G28/><T118/><D118/><U55/><E127/><V38/><F114/><W51/><G32/><T2/><D125/><U126/><E126/><V35/><F109/><W96/><G36/><T85/><D37/><U65/><E65/><V106/><F106/><W110/><G110/><T50/><D63/><U81/><E81/><V58/><F3/><W121/><G121/><T45/><D2/><U77/><E77/><V134/><F134/><W62/><G76/><T33/><D33/><N who="1" m="20695" /><E133/><V54/><F68/><W129/><G72/><T80/><D5/><U84/><E84/><V39/><F38/><W111/><G111/><T113/><D113/><U4/><E4/><V49/><F35/><W29/><G29/><T119/><D119/><U64/><E64/><V87/><F24/><W69/><G69/><T42/><D20/><N who="1" m="11383" /><E57/><V122/><F122/><W61/><G129/><T95/><D83/><U25/><E25/><V59/><F11/><W82/><G82/><T23/><D23/><U21/><E21/><V100/><F100/><W71/><G71/><T31/><D31/><U18/><E18/><V120/><F120/><W73/><G73/><T12/><D12/><U101/><E101/><V17/><F17/><W89/><G107/><T79/><D79/><U103/><E103/><V94/><F70/><W75/><G75/><N who="0" m="43103" /><D97/><N who="3" m="37449" /><G102/><T34/><D34/><U27/><E27/><RYUUKYOKU ba="0,0" sc="197,15,398,15,283,-15,122,-15" hai0="42,45,46,48,50,85,86,92,93,95" hai1="1,7,9,55,56,130,131" /><INIT seed="3,1,0,5,3,6" ten="212,413,268,107" oya="3" hai0="101,31,96,63,75,85,92,86,9,125,48,32,40" hai1="4,131,7,23,20,11,87,43,74,118,36,1,97" hai2="53,128,8,62,116,66,119,103,39,130,64,78,10" hai3="28,91,21,41,105,122,67,107,55,17,115,133,14" shuffle="mt19937ar,390AFFD9,1FC567C2,04ACB6AE,4E119EB7,07812052,2003D709,5AA78F04,ED81FDCB"/><W113/><G122/><T112/><D75/><U26/><E131/><N who="2" m="50219" /><F39/><W22/><G67/><N who="2" m="25641" /><F78/><W77/><G77/><T73/><D73/><U110/><E87/><V34/><F34/><W100/><G41/><T35/><D63/><U76/><E23/><V104/><F104/><W129/><G129/><T0/><D125/><U2/><E26/><V89/><F103/><W56/><G133/><T42/><D112/><U94/><E43/><V93/><F62/><W102/><G91/><T111/><D111/><U38/><E94/><V3/><F53/><W25/><G102/><T90/><D86/><U52/><E52/><V19/><F19/><W30/><G30/><T83/><D31/><U134/><E20/><V68/><F68/><W15/><G15/><T49/><D42/><U117/><E97/><N who="2" m="57519" /><F3/><W72/><G72/><T24/><D24/><U95/><E95/><V121/><F121/><W71/><G71/><T51/><REACH who="0" step="1"/><D40/><REACH who="0" step="2"/><U99/><E74/><V27/><F27/><W46/><G100/><T106/><D106/><U124/><E110/><V80/><F80/><W120/><G120/><T79/><D79/><U108/><E76/><V47/><F47/><W135/><G46/><T127/><D127/><U132/><E124/><V65/><F65/><W37/><G37/><T57/><D57/><U82/><E38/><V54/><F54/><W12/><G135/><T126/><D126/><U13/><E36/><V18/><F119/><W50/><REACH who="3" step="1"/><G12/><REACH who="3" step="2"/><T45/><D45/><U123/><E13/><V44/><F116/><N who="1" m="44649" /><E132/><V29/><F44/><W60/><G60/><T33/><D33/><RYUUKYOKU ba="1,2" sc="202,15,413,-15,268,-15,97,15" hai0="0,9,32,35,48,49,51,83,85,90,92,96,101" hai3="14,17,21,22,25,28,50,55,56,105,107,113,115" /><INIT seed="3,2,2,0,5,11" ten="217,398,253,112" oya="3" hai0="32,1,75,114,39,67,41,65,48,10,45,68,19" hai1="101,89,124,56,88,66,80,94,49,33,59,87,108" hai2="99,70,63,113,6,36,86,47,24,77,9,76,100" hai3="53,102,55,126,95,14,17,135,34,129,91,46,37" shuffle="mt19937ar,46F411C7,58B0479C,FBC01213,DCC086C2,D02F9691,7FB7F169,4A694697,814420F8"/><W130/><G34/><T98/><D32/><U42/><E33/><V23/><F113/><W12/><G102/><T4/><D114/><U106/><E108/><V29/><F86/><W127/><G37/><T81/><D98/><U112/><E112/><V54/><F36/><W128/><G135/><T82/><D82/><U13/><E124/><N who="3" m="47658" /><G17/><T109/><D109/><U96/><E66/><V31/><F29/><W58/><G46/><T50/><D19/><U27/><E27/><V69/><F70/><W103/><G103/><T123/><D123/><U97/><E42/><V79/><F47/><W44/><G44/><T74/><D74/><U7/><E49/><N who="0" m="19049" /><D68/><U72/><E72/><V107/><F54/><N who="3" m="20491" /><G58/><T51/><D51/><U121/><E121/><V131/><F131/><W0/><G0/><T26/><D26/><U5/><E5/><V40/><F40/><W104/><G104/><T116/><D116/><U57/><E57/><V117/><F117/><W73/><G73/><T62/><D62/><U15/><E7/><V2/><F69/><W84/><AGARI ba="2,2" hai="12,14,84,91,95,128,129,130" m="20491,47658" machi="84" ten="40,12000,1" yaku="19,1,18,1,52,2" doraHai="11" who="3" fromWho="3" sc="217,-42,398,-42,253,-42,112,146" /><INIT seed="3,3,0,0,4,22" ten="175,356,211,258" oya="3" hai0="63,7,37,24,106,67,80,87,33,77,90,57,91" hai1="75,18,39,11,99,41,26,14,130,50,78,47,100" hai2="126,20,105,94,71,79,98,110,0,101,135,83,17" hai3="102,2,58,60,68,42,112,52,104,132,51,120,31" shuffle="mt19937ar,E0DE59D6,D4EF1059,69897590,6D2D1E0E,E0E279D5,9E6CB418,D51C9F96,5E2E9E79"/><W27/><G112/><T123/><D123/><U53/><E130/><V95/><F71/><W64/><G2/><T61/><D37/><U54/><E39/><V107/><F0/><W81/><G81/><T97/><D7/><U72/><E72/><V96/><F135/><W62/><G132/><T19/><D63/><U74/><E74/><V122/><F122/><W116/><G116/><T4/><D4/><N who="1" m="3431" /><E75/><N who="2" m="43519" /><F17/><W38/><G120/><T86/><D86/><U127/><E127/><V46/><F20/><W73/><G62/><T34/><D34/><U45/><E78/><V15/><F15/><W111/><G73/><T125/><D125/><U56/><E18/><V69/><F46/><N who="1" m="17417" /><E26/><V131/><F69/><W10/><G10/><T118/><D118/><U108/><E108/><V32/><F32/><N who="3" m="20607" /><G111/><T25/><D19/><U76/><E76/><V109/><F126/><W35/><G35/><T70/><D57/><U84/><E84/><V103/><F131/><W21/><G21/><T36/><D36/><U1/><E1/><V89/><F110/><W30/><G30/><T3/><D3/><U16/><E16/><V28/><F28/><W23/><G23/><T114/><D114/><U29/><E29/><V49/><F49/><W8/><G8/><T9/><D9/><U43/><E54/><V92/><F109/><W117/><G117/><T48/><D48/><U82/><E82/><V5/><F5/><W93/><G38/><T133/><D133/><U85/><E85/><AGARI ba="3,0" hai="85,89,92,94,95,96,98,101,103,105,107" m="43519" machi="85" ten="30,12000,2" yaku="24,1,35,5" doraHai="22" who="2" fromWho="1" sc="175,0,356,-129,211,129,258,0" owari="175,-22,227,-12,340,33,258,1" /></mjloggm>