<mjloggm ver="2.3"><GO type="225"/><UN n0="%E4%BA%8C%E4%B8%89%E8%B5%A4%E4%BA%94%EF%BC%94%EF%BC%96%EF%BC%98" n1="%E6%A1%9C%E4%BA%95%E3%82%A2%E3%82%BD%E3%82%B3" n2="%E6%9C%A7%E5%A4%8F%E6%9C%88" n3="%E7%AE%A1%E5%AF%9D" dan="16,16,17,16" rate="2081,2071,2162,2049" sx="M,M,M,M"/><TAIKYOKU oya="0"/><INIT seed="0,0,0,1,2,98" ten="250,250,250,250" oya="0" hai0="101,43,124,28,24,48,37,121,97,3,21,17,18" hai1="34,49,115,95,55,134,102,87,96,45,35,41,93" hai2="8,13,22,56,118,79,5,40,69,65,75,128,132" hai3="114,74,68,11,108,127,126,31,4,119,16,66,71" shuffle="mt19937ar,E4903B96,EFBB2FD9,84F16FEC,23B312D3,F0C77BD2,2C0A1DB6,5C7B01E1,F204AB7B"/><T94/><D121/><U110/><E110/><V53/><F132/><W113/><G74/><T78/><D3/><U73/><E73/><V57/><F128/><W1/><G119/><T50/><D124/><N who="3" m="47657" /><G66/><T38/><D78/><U122/><E122/><V82/><F118/><W58/><G31/><T107/><D107/><U60/><E134/><V90/><F40/><W86/><G108/><T15/><D18/><U63/><E115/><N who="3" m="44042" /><G58/><T112/><D112/><U85/><E35/><V131/><F131/><W27/><G86/><N who="1" m="32778" /><E34/><V51/><F69/><W84/><G84/><T104/><D104/><U89/><E93/><V59/><F65/><W23/><AGARI ba="0,0" hai="1,4,11,16,23,27,68,71" m="44042,47657" machi="23" ten="40,2700,0" yaku="18,1,54,1" doraHai="98" who="3" fromWho="3" sc="250,-13,250,-7,250,-7,250,27" /><INIT seed="1,0,0,3,3,48" ten="237,243,243,277" oya="1" hai0="125,3,24,56,97,6,38,23,9,13,65,49,25" hai1="77,53,134,37,35,124,40,84,110,78,116,120,27" hai2="43,79,75,122,15,66,12,114,34,26,42,69,59" hai3="51,30,119,89,36,104,115,8,44,80,2,85,100" shuffle="mt19937ar,49635494,65803AB0,7697C47B,C4AE15E3,E4A41146,0E81AE1B,24EB3673,C31B0101"/><U108/><E116/><V99/><F69/><W52/><G115/><T20/><D38/><U45/><E120/><V19/><F122/><W39/><G119/><T64/><D125/><U14/><E124/><V83/><F114/><W73/><G30/><N who="0" m="17671" /><D3/><U29/><E134/><V47/><F99/><W106/><G73/><T28/><D97/><U92/><E14/><V10/><F43/><W31/><G100/><T18/><D6/><U74/><E74/><V132/><F132/><W50/><G31/><T4/><D4/><U88/><REACH who="1" step="1"/><E53/><AGARI ba="0,0" hai="9,13,18,23,25,28,49,53,56,64,65" m="17671" machi="53" ten="30,2000,0" yaku="8,1,52,1" doraHai="48" who="0" fromWho="1" sc="237,20,243,-20,243,0,277,0" /><INIT seed="2,0,0,2,1,99" ten="257,223,243,277" oya="2" hai0="130,84,36,102,133,14,81,46,97,22,104,82,61" hai1="29,95,54,119,117,11,113,34,67,116,42,17,100" hai2="10,49,65,128,93,45,98,135,126,109,71,68,31" hai3="69,80,120,123,43,50,121,125,33,72,88,7,112" shuffle="mt19937ar,5BE42F15,8E632155,539CC2EB,CA4AAAAE,DC55C99E,C5F080F8,435F6D2A,AAED8D2B"/><V94/><F128/><W118/><G118/><T85/><D130/><U19/><E113/><V21/><F135/><W76/><G69/><T12/><D133/><U8/><E42/><V47/><F126/><W115/><G33/><T63/><D36/><U53/><E67/><V25/><F109/><W101/><G7/><T13/><D46/><U27/><E11/><V52/><F65/><W70/><G70/><T39/><D39/><U1/><E1/><V108/><F108/><W5/><G123/><T131/><D131/><U57/><E8/><V86/><F47/><N who="3" m="25983" /><G5/><T24/><D84/><U18/><REACH who="1" step="1"/><E57/><REACH who="1" step="2"/><V37/><F37/><W114/><G120/><T40/><D40/><U75/><E75/><V134/><F134/><W26/><G121/><T64/><D64/><U110/><E110/><V73/><F73/><W38/><G38/><T129/><D129/><U111/><E111/><V103/><REACH who="2" step="1"/><F10/><REACH who="2" step="2"/><W35/><G112/><T9/><D9/><U6/><E6/><V48/><F48/><W122/><G122/><T51/><D51/><U89/><E89/><AGARI ba="0,2" hai="21,25,31,45,49,52,68,71,86,89,93,94,98,103" machi="89" ten="40,7700,0" yaku="1,1,52,1,54,1,53,0" doraHai="99" doraHaiUra="3" who="2" fromWho="1" sc="257,0,213,-77,233,97,277,0" /><INIT seed="2,1,0,1,1,122" ten="257,136,330,277" oya="2" hai0="101,18,92,43,125,134,47,0,93,68,32,94,82" hai1="23,28,42,78,87,113,106,73,123,6,26,64,124" hai2="13,14,114,34,59,46,129,102,103,39,77,84,88" hai3="19,29,70,109,22,24,40,45,11,3,20,115,105" shuffle="mt19937ar,3D368B0C,538C2E0A,AE7E66FA,A105CAA6,49D52495,A91BFD87,DF2A9A47,D790B4DA"/><V89/><F114/><W85/><G105/><T79/><D32/><U61/><E113/><V96/><F34/><W119/><G115/><T8/><D68/><U9/><E123/><V116/><F116/><W36/><G119/><T62/><D134/><U50/><E106/><V12/><F129/><W49/><G70/><T120/><D120/><U95/><E73/><V91/><F59/><W21/><G109/><T52/><D125/><U67/><E95/><V98/><F39/><W37/><G37/><T128/><D128/><U97/><E97/><N who="2" m="37483" /><F46/><W35/><G36/><T117/><D117/><U7/><E7/><V57/><F57/><W48/><G85/><T51/><D101/><N who="2" m="38410" /><F77/><W4/><REACH who="3" step="1"/><G48/><REACH who="3" step="2"/><T104/><D104/><U133/><E133/><V2/><F2/><W132/><G132/><T16/><D0/><U15/><E61/><V5/><F5/><W33/><G33/><T17/><D62/><U126/><E67/><V130/><F130/><W65/><G65/><T44/><D51/><U72/><E64/><V81/><AGARI ba="1,1" hai="12,13,14,81,84,88,89,91" m="38410,37483" machi="81" ten="30,3000,0" yaku="8,1,54,1" doraHai="122" who="2" fromWho="2" sc="257,-11,136,-11,330,43,267,-11" /><INIT seed="2,2,0,2,5,58" ten="246,125,373,256" oya="2" hai0="40,130,117,94,100,69,10,67,12,37,75,44,57" hai1="88,99,86,127,21,6,59,124,14,30,121,43,24" hai2="0,116,73,42,107,28,9,49,128,113,90,123,112" hai3="64,22,19,91,63,89,48,51,132,2,109,17,29" shuffle="mt19937ar,65ACC245,3B911DA3,2508498B,09984E83,45F65A4B,BBE14D89,7FA2B700,723A96D8"/><V76/><F107/><W36/><G36/><T95/><D75/><U33/><E121/><V16/><F123/><W46/><G2/><T13/><D130/><U82/><E43/><V1/><F116/><W70/><G109/><T110/><D110/><U108/><E108/><V81/><F128/><W77/><G77/><T32/><D32/><U119/><E119/><V101/><F101/><W11/><G132/><T53/><D117/><U35/><E99/><V87/><F28/><W133/><G133/><T103/><D103/><U115/><E115/><V85/><F1/><W120/><G120/><T23/><D23/><U31/><E59/><V61/><F73/><W129/><G129/><T7/><D100/><U60/><E60/><V4/><F16/><W84/><G29/><T18/><D18/><U98/><E98/><V79/><F79/><W92/><G89/><T65/><D13/><U125/><REACH who="1" step="1"/><E31/><REACH who="1" step="2"/><V27/><F61/><W8/><G63/><N who="0" m="40127" /><D67/><U83/><E83/><V52/><F81/><W20/><G64/><T118/><D118/><U111/><E111/><V26/><F42/><W135/><G70/><T102/><D102/><U68/><E68/><V38/><F113/><W114/><G135/><T97/><D97/><U105/><E105/><V45/><F112/><W41/><G114/><T55/><D55/><U62/><E62/><V131/><F52/><W93/><G93/><T39/><D39/><U74/><E74/><V34/><F38/><W134/><G134/><T78/><D53/><U72/><E72/><V25/><F131/><W56/><G92/><N who="0" m="35371" /><D57/><U5/><E5/><RYUUKYOKU ba="2,1" sc="246,15,115,15,373,-15,256,-15" hai0="7,10,12,37,40,44,78" hai1="6,14,21,24,30,33,35,82,86,88,124,125,127" /><INIT seed="3,3,1,2,1,19" ten="261,130,358,241" oya="3" hai0="129,3,120,125,106,118,96,16,93,71,105,65,119" hai1="60,59,39,17,98,124,82,44,38,104,89,11,81" hai2="90,53,91,100,95,111,86,67,74,20,41,121,69" hai3="133,112,4,32,77,110,61,36,109,135,87,10,9" shuffle="mt19937ar,236A3F0F,86B2269E,05BFCF37,F287AA47,EE3924CC,E4C4B4C6,F723744F,CD7F808C"/><W13/><G36/><T127/><D3/><U35/><E35/><V31/><F74/><W15/><G112/><T46/><D120/><U5/><E124/><N who="0" m="47689" /><D129/><U126/><E126/><V92/><F100/><W58/><G32/><T103/><D46/><U30/><E30/><V70/><F41/><W40/><G40/><T115/><D115/><U22/><E44/><V108/><F53/><W33/><G33/><T6/><D6/><U79/><E104/><N who="0" m="40041" /><D16/><U73/><E82/><V49/><F31/><W66/><G87/><T55/><D55/><U85/><E85/><V117/><F121/><W128/><G128/><T12/><D12/><U116/><E116/><V34/><F117/><W43/><G43/><T107/><D107/><U54/><E11/><V18/><F34/><W84/><G84/><T28/><D28/><U24/><REACH who="1" step="1"/><E5/><REACH who="1" step="2"/><V131/><F86/><W23/><G77/><T123/><D123/><U62/><E62/><AGARI ba="3,2" hai="62,65,71,93,96,103,118,119" m="40041,47689" machi="62" ten="30,1000,0" yaku="18,1" doraHai="19" who="0" fromWho="1" sc="261,39,120,-19,358,0,241,0" owari="300,5,101,-30,358,36,241,-11" /></mjloggm>