<mjloggm ver="2.3"><GO type="225"/><UN n0="%62%61%6B%61%73%65" n1="%E9%95%B7%E5%B2%A1%E5%A4%A7%E6%98%8E%E7%A5%9E" n2="%E7%8C%AA%E6%9C%A8%E5%A4%A7%E5%AB%8C%E3%81%84%EF%BC%81" n3="%E5%B1%B1%E5%B9%B8%E5%95%86%E5%BA%97" dan="16,16,17,17" rate="2019,2060,2101,2153" sx="F,F,F,M"/><TAIKYOKU oya="0"/><INIT seed="0,0,0,2,3,8" ten="250,250,250,250" oya="0" hai0="123,124,128,57,17,33,107,32,45,16,100,134,125" hai1="103,77,49,42,13,46,24,21,87,27,50,96,61" hai2="131,34,133,30,54,4,48,26,91,118,101,19,11" hai3="60,81,93,110,114,105,89,12,112,113,122,44,56" shuffle="mt19937ar,632A41A0,85A7D06A,4E4B7FAC,41E2CA00,858AA7EA,29D57222,18D7352D,BC588920"/><T115/><D100/><U76/><E61/><V109/><F109/><W73/><G105/><T43/><D107/><U67/><E67/><V51/><F131/><W82/><G110/><T119/><D119/><U74/><E74/><V111/><F111/><W135/><G73/><T2/><D115/><U132/><E132/><V84/><F133/><W65/><G135/><T88/><D2/><U86/><E50/><V78/><F101/><W104/><G104/><T130/><D57/><U126/><E126/><N who="0" m="48745" /><D123/><U35/><E35/><N who="0" m="13385" /><D134/><U39/><E39/><V47/><F118/><W3/><G3/><T53/><D53/><U83/><E77/><V63/><F78/><W99/><G44/><T37/><D88/><U106/><E87/><V23/><F91/><W25/><G25/><T59/><D59/><U31/><REACH who="1" step="1"/><E27/><REACH who="1" step="2"/><V40/><F84/><W52/><G65/><T92/><D92/><U66/><E66/><V95/><F95/><W0/><G122/><T62/><D62/><U1/><E1/><V108/><F63/><W85/><G0/><T58/><D58/><U80/><E80/><V22/><F26/><W75/><G75/><T15/><D15/><AGARI ba="0,1" hai="13,15,21,24,31,42,46,49,76,83,86,96,103,106" machi="15" ten="40,5200,0" yaku="1,1,52,2,53,0" doraHai="8" doraHaiUra="14" who="1" fromWho="0" sc="250,-52,240,62,250,0,250,0" /><INIT seed="1,0,0,4,3,16" ten="198,302,250,250" oya="1" hai0="84,104,73,93,69,112,74,40,45,107,92,21,36" hai1="135,96,124,101,58,89,105,83,53,132,103,82,24" hai2="1,128,55,22,25,81,119,110,43,10,19,127,62" hai3="98,75,122,123,49,52,114,50,91,38,29,78,13" shuffle="mt19937ar,E35CDE79,89A60682,E44620A2,C52D4E50,17C700E9,0E0E6388,70312F36,9F8FE993"/><U35/><E35/><V116/><F110/><W48/><G38/><T126/><D69/><U115/><E24/><V30/><F128/><W94/><G114/><T121/><D112/><U28/><E28/><V102/><F127/><W67/><G29/><T59/><D126/><U113/><E124/><V8/><F43/><W97/><G67/><T125/><D125/><U3/><E3/><V6/><F102/><W85/><G13/><T87/><D121/><U106/><E58/><V63/><F81/><W39/><G39/><T129/><D59/><U71/><E53/><V33/><F55/><W15/><G15/><T108/><D108/><U131/><E71/><V111/><F111/><W133/><G133/><T61/><D61/><N who="2" m="23050" /><F10/><W37/><G37/><T41/><D36/><U51/><E51/><V76/><F76/><W70/><G70/><T134/><D45/><U18/><E18/><V86/><F86/><W42/><G42/><T46/><D46/><U7/><E7/><V47/><F47/><W9/><G52/><T26/><D26/><U118/><E131/><V20/><F20/><W120/><G9/><T54/><D54/><U12/><E12/><AGARI ba="0,0" hai="1,6,8,12,19,22,25,30,33,116,119" m="23050" machi="12" ten="30,2000,0" yaku="24,1,52,1" doraHai="16" who="2" fromWho="1" sc="198,0,302,-20,250,20,250,0" /><INIT seed="2,0,0,1,1,107" ten="198,282,270,250" oya="2" hai0="98,45,90,60,34,86,70,55,109,33,44,53,128" hai1="106,25,36,125,116,15,41,127,113,103,52,39,120" hai2="66,48,35,134,101,4,68,7,96,118,24,67,50" hai3="2,99,14,115,29,132,21,78,105,26,84,83,79" shuffle="mt19937ar,682D01E7,BA6EBF0A,90EFCFF4,8D782324,3E5CFF5B,392CEE03,588F65F1,ECE52E39"/><V61/><F118/><W51/><G2/><T111/><D98/><N who="1" m="61815" /><E41/><V37/><F37/><W85/><G115/><T91/><D60/><U89/><E116/><V100/><F134/><W57/><G132/><T18/><D86/><U46/><E15/><V73/><F67/><W23/><G105/><T87/><D87/><U30/><E89/><N who="0" m="33801" /><D18/><U28/><E113/><V16/><F101/><W82/><G99/><T126/><D70/><U119/><E119/><V72/><F50/><W75/><G75/><N who="2" m="28745" /><F48/><W124/><G124/><N who="1" m="47690" /><E120/><V108/><F108/><N who="0" m="41546" /><D128/><U97/><E97/><V131/><F131/><W9/><G51/><T54/><D126/><U5/><E5/><V49/><F49/><W20/><REACH who="3" step="1"/><G57/><REACH who="3" step="2"/><T19/><D19/><AGARI ba="0,1" hai="9,14,19,20,21,23,26,29,78,79,82,83,84,85" machi="19" ten="30,8000,1" yaku="1,1,2,1,7,1,9,1,8,1,53,0" doraHai="107" doraHaiUra="3" who="3" fromWho="0" sc="198,-80,282,0,270,0,240,90" /><INIT seed="3,0,0,2,4,38" ten="118,282,270,330" oya="3" hai0="11,33,84,23,17,45,120,97,39,86,50,118,41" hai1="130,68,46,65,69,127,74,10,66,61,91,16,4" hai2="37,96,12,32,102,104,95,56,98,0,132,76,81" hai3="121,8,18,116,60,75,67,34,89,103,27,122,62" shuffle="mt19937ar,AC3DDD84,6BBEF0CF,25859275,9E1780BD,74445FA8,A0CF4727,7A269CFA,51016381"/><W106/><G62/><T22/><D33/><U105/><E74/><V24/><F0/><W19/><G89/><T123/><D118/><U92/><E105/><V78/><F132/><W70/><G116/><T2/><D39/><U59/><E130/><V117/><F117/><W115/><G75/><T94/><D2/><U30/><E127/><V44/><F12/><N who="3" m="7431" /><G19/><T113/><D113/><U114/><E114/><V64/><F32/><W124/><G124/><T28/><D123/><U109/><E109/><V1/><F1/><W79/><G79/><T90/><D120/><U111/><E111/><V93/><F24/><W133/><G133/><T6/><D6/><U87/><E30/><V36/><F104/><W125/><G125/><T63/><D11/><U14/><E4/><V99/><F99/><N who="3" m="61823" /><G115/><T29/><D63/><U126/><E126/><V26/><F26/><W51/><G51/><T40/><D23/><U9/><E9/><V5/><F5/><W25/><G25/><T100/><D41/><U7/><E66/><V13/><F13/><W53/><G53/><T73/><D73/><U107/><E107/><V20/><F20/><W80/><G80/><T55/><D55/><U82/><E7/><V49/><F81/><W54/><G54/><T83/><REACH who="0" step="1"/><D86/><REACH who="0" step="2"/><U129/><E10/><V52/><F37/><W35/><G35/><T108/><D108/><U57/><E61/><N who="2" m="37927" /><F36/><W77/><G122/><T58/><D58/><U131/><E59/><V42/><F52/><W134/><G121/><T15/><AGARI ba="0,1" hai="15,17,22,28,29,40,45,50,83,84,90,94,97,100" machi="15" ten="20,8000,1" yaku="1,1,0,1,7,1,8,1,52,1,53,0" doraHai="38" doraHaiUra="72" who="0" fromWho="0" sc="108,90,282,-20,270,-20,330,-40" /><INIT seed="4,0,0,0,1,108" ten="198,262,250,290" oya="0" hai0="104,93,48,113,52,61,14,94,98,96,37,83,54" hai1="15,46,58,129,110,4,103,42,57,88,27,78,111" hai2="59,119,63,11,66,69,121,25,22,133,0,120,109" hai3="76,64,101,85,8,107,62,43,74,32,21,34,38" shuffle="mt19937ar,8A9ACDDA,79C08E81,C5740D53,E698B5B6,F031C36B,D0A9875E,23F102CD,AED6D383"/><T92/><D37/><U55/><E129/><V39/><F109/><W47/><G21/><T114/><D61/><U29/><E78/><V28/><F119/><W128/><G128/><T13/><D83/><U117/><E117/><V20/><F133/><W123/><G85/><T23/><D104/><U45/><E103/><V49/><F39/><W30/><G30/><T81/><D81/><U2/><E2/><V73/><F73/><W71/><G123/><T132/><D132/><U1/><E1/><V90/><F22/><W127/><G127/><T12/><D23/><U35/><E57/><V122/><F90/><W77/><G77/><T100/><D100/><U31/><E31/><V125/><F125/><W102/><G102/><T135/><D135/><U17/><E4/><V118/><F118/><W106/><G8/><T53/><D48/><U86/><E110/><V124/><F124/><W97/><G107/><T80/><D80/><AGARI ba="0,0" hai="32,34,38,43,47,62,64,71,74,76,80,97,101,106" machi="80" ten="40,5200,0" yaku="33,3" doraHai="108" who="3" fromWho="0" sc="198,-52,262,0,250,0,290,52" owari="146,-25,262,1,250,-10,342,34" /></mjloggm>