<mjloggm ver="2.3"><GO type="225"/><UN n0="%23%37%34%E5%A4%A7%E6%B2%BB%E9%83%8E" n1="%E3%81%BF%E3%81%A3%E3%81%A4%E3%81%83%EF%BD%9E" n2="%E3%83%81%E3%83%A3%E3%82%AA%E3%83%AA" n3="%E3%83%9B%E3%83%A2%E3%83%8F%E3%83%A0" dan="16,17,17,16" rate="2053,2169,2121,2079" sx="M,F,M,M"/><TAIKYOKU oya="0"/><INIT seed="0,0,0,0,4,14" ten="250,250,250,250" oya="0" hai0="131,127,7,57,24,62,78,133,22,88,83,30,5" hai1="106,100,0,118,2,81,55,79,103,6,8,26,94" hai2="98,73,92,42,128,54,105,113,89,9,87,58,35" hai3="126,23,134,129,27,104,110,132,107,119,48,39,85" shuffle="mt19937ar,042522BA,4F4EEB6F,F960F8DE,AFDDC152,3F39832D,76CCCCC9,83F528EE,3415AD1B"/><T102/><D133/><N who="3" m="51305" /><G119/><T36/><D36/><U82/><E106/><V61/><F113/><W41/><G129/><T109/><D131/><U80/><E118/><V86/><F128/><W121/><G126/><T18/><D127/><U108/><E2/><V65/><F35/><W17/><G121/><T135/><D135/><U33/><E79/><V16/><F73/><W53/><G110/><T12/><D102/><U46/><E108/><V45/><F105/><W75/><G75/><T123/><D123/><U130/><E130/><V32/><F32/><W25/><G85/><N who="0" m="50239" /><D78/><U51/><REACH who="1" step="1"/><E94/><REACH who="1" step="2"/><V4/><F4/><W117/><G117/><T116/><D116/><U60/><E60/><V76/><F76/><W93/><G93/><T71/><D109/><U74/><E74/><V50/><F65/><W96/><G96/><T15/><D71/><U37/><E37/><V49/><F50/><W10/><G39/><T56/><D15/><AGARI ba="0,1" hai="9,15,16,42,45,49,54,58,61,86,87,89,92,98" machi="15" ten="40,5200,0" yaku="8,1,52,1,54,1" doraHai="14" who="2" fromWho="0" sc="250,-52,240,0,250,62,250,0" /><INIT seed="1,0,0,1,2,63" ten="198,240,312,250" oya="1" hai0="117,67,116,11,22,125,86,112,119,30,109,62,80" hai1="41,65,84,87,79,43,130,24,40,6,102,1,37" hai2="96,133,83,95,20,123,28,46,66,131,64,69,129" hai3="8,9,108,75,31,55,23,5,44,101,36,61,90" shuffle="mt19937ar,97FE9455,BB496605,E1DAA4E7,39504942,7B19628A,EF5B7EC2,51AAA75E,FFE9A5A7"/><U50/><E37/><V88/><F123/><W21/><G108/><T91/><D112/><U68/><E130/><N who="2" m="49675" /><F69/><W120/><G120/><T34/><D109/><U97/><E79/><V93/><F133/><W12/><G75/><T124/><D34/><U111/><E111/><V77/><F46/><W121/><G121/><T134/><D134/><U54/><E24/><N who="2" m="16391" /><F95/><W52/><G101/><T26/><REACH who="0" step="1"/><D11/><REACH who="0" step="2"/><U45/><E1/><V39/><F39/><W10/><G36/><T56/><AGARI ba="0,1" hai="22,26,30,56,62,67,80,86,91,116,117,119,124,125" machi="56" ten="40,8000,1" yaku="1,1,2,1,0,1,52,1,53,0" doraHai="63" doraHaiUra="127" who="0" fromWho="0" sc="188,90,240,-40,312,-20,250,-20" /><INIT seed="2,0,0,5,1,53" ten="278,200,292,230" oya="2" hai0="1,85,23,76,126,69,28,7,56,65,60,26,97" hai1="108,32,54,68,31,43,114,106,123,129,103,16,36" hai2="134,102,95,96,13,89,50,67,107,73,11,55,87" hai3="40,20,38,125,117,12,79,14,93,10,58,92,98" shuffle="mt19937ar,2B969DC8,D05991EC,267D76D9,09749A37,6040FBF8,14C6E09C,84D3630A,59E2C00F"/><V57/><F134/><W44/><G117/><T45/><D126/><U128/><E68/><V71/><F73/><W77/><G125/><T82/><D45/><U25/><E114/><V86/><F71/><W78/><G20/><T6/><D1/><U30/><E30/><V48/><F67/><W83/><G83/><T120/><D120/><U49/><E43/><V0/><F0/><W116/><G116/><T122/><D122/><U63/><E36/><V5/><REACH who="2" step="1"/><F87/><REACH who="2" step="2"/><W52/><G98/><T8/><D69/><U118/><E123/><V29/><F29/><W22/><G22/><T27/><D8/><U37/><E118/><V104/><F104/><W115/><G115/><T109/><D109/><U62/><E106/><V35/><F35/><W72/><G72/><T18/><D97/><U110/><E32/><AGARI ba="0,1" hai="6,7,18,23,26,27,28,32,56,60,65,76,82,85" machi="32" ten="30,2000,0" yaku="7,1,52,1" doraHai="53" who="0" fromWho="1" sc="278,30,200,-20,282,0,230,0" /><INIT seed="3,0,0,4,0,48" ten="308,180,282,230" oya="3" hai0="119,107,38,33,77,116,95,28,130,35,104,70,39" hai1="109,50,51,60,71,84,86,110,78,62,43,1,2" hai2="87,75,12,80,134,4,17,10,82,8,132,20,92" hai3="72,59,114,64,54,19,7,16,63,131,45,85,100" shuffle="mt19937ar,627EDC1F,018D030C,1525BC53,62A11276,B4A0C53A,B5D2EA3E,669DEBC6,ADD728F7"/><W49/><G72/><T120/><D95/><U69/><REACH who="1" step="1"/><E43/><REACH who="1" step="2"/><V56/><F134/><W106/><G114/><T58/><D119/><U34/><E34/><V11/><F132/><W15/><G131/><T55/><D116/><U113/><E113/><V57/><F4/><W118/><G118/><T27/><D130/><U99/><E99/><V115/><F115/><W65/><G106/><T67/><D35/><U122/><E122/><V52/><F75/><W76/><G100/><T24/><D120/><U90/><E90/><N who="2" m="53343" /><F57/><W26/><G26/><T22/><D107/><U9/><E9/><V25/><F25/><W129/><G129/><T105/><D104/><U29/><E29/><V88/><F88/><W126/><G126/><T14/><D105/><U18/><E18/><V31/><F31/><W111/><G111/><T112/><D112/><U61/><E61/><AGARI ba="0,1" hai="8,10,11,12,17,20,52,56,61,80,82" m="53343" machi="61" ten="30,3900,0" yaku="8,1,52,1,54,1" doraHai="48" who="2" fromWho="1" sc="308,0,170,-39,282,49,230,0" owari="308,6,131,-27,331,33,230,-12" /></mjloggm>