<mjloggm ver="2.3"><GO type="225"/><UN n0="%EF%BC%88%EF%BC%8A%EF%BC%9E%EF%BC%9C%EF%BC%89" n1="%74%EF%BC%9C%6E" n2="%E3%83%9A%E3%83%AD%E3%81%A1%E3%82%83%E3%82%93" n3="%4E%6F%2E%32" dan="17,16,16,16" rate="2195,2075,2075,2110" sx="F,F,M,M"/><TAIKYOKU oya="0"/><INIT seed="0,0,0,0,4,88" ten="250,250,250,250" oya="0" hai0="54,100,25,37,23,24,56,0,111,65,127,92,14" hai1="6,12,87,85,16,17,19,94,67,58,120,112,114" hai2="45,71,82,20,115,89,68,74,116,69,102,44,21" hai3="29,59,73,10,32,48,77,109,27,64,49,41,2" shuffle="mt19937ar,4B590C6E,19B21693,658625C9,455E3A7F,56711CD0,9652ABC3,447643A0,C4CE374B"/><T119/><D37/><U18/><E120/><V63/><F115/><N who="1" m="44073" /><E6/><V117/><F102/><W13/><G109/><T98/><D0/><U81/><E81/><V40/><F63/><W39/><G2/><T99/><D119/><N who="2" m="45642" /><F74/><W128/><G128/><T36/><D36/><U113/><N who="1" m="44081" /><U126/><DORA hai="62" /><E126/><V91/><F82/><W125/><G77/><T86/><D127/><U106/><E106/><V110/><F110/><W124/><G73/><T55/><D111/><U30/><E30/><V57/><F57/><W131/><G131/><T90/><D99/><U108/><E108/><V28/><F28/><W130/><G130/><T26/><D14/><U133/><E133/><V66/><F66/><W83/><G83/><N who="0" m="49503" /><D23/><N who="2" m="8778" /><F45/><N who="3" m="25647" /><G125/><T34/><D34/><U53/><E67/><V61/><F61/><AGARI ba="0,0" hai="24,25,26,54,55,56,61,65,92,98,100" m="49503" machi="61" ten="30,5800,0" yaku="8,1,52,2" doraHai="88,62" who="0" fromWho="2" sc="250,58,250,0,250,-58,250,0" /><INIT seed="0,1,0,3,0,49" ten="308,250,192,250" oya="0" hai0="6,58,87,46,66,93,96,24,34,109,129,60,98" hai1="101,81,21,74,99,50,36,90,117,38,67,121,53" hai2="130,73,63,27,75,69,2,116,132,17,1,31,131" hai3="70,115,12,28,11,10,84,33,7,86,64,14,80" shuffle="mt19937ar,72F6A7B5,CFFC3BA9,23704EA1,6527EA79,99BF48DF,91981787,1C490A19,0F24E7D4"/><T108/><D129/><N who="2" m="49162" /><F17/><W79/><G115/><T95/><D6/><U119/><E121/><V107/><F107/><W19/><G70/><T123/><D123/><U5/><E67/><N who="2" m="41215" /><F132/><W71/><G71/><T62/><D46/><U104/><E5/><V68/><F68/><W18/><G64/><T45/><D45/><U125/><E125/><V77/><F77/><W55/><G7/><T94/><D87/><U102/><E102/><V114/><F114/><W100/><G100/><T30/><REACH who="0" step="1"/><D62/><REACH who="0" step="2"/><U8/><E119/><V78/><F116/><W44/><G84/><T25/><D25/><U47/><E117/><V133/><F133/><W83/><G83/><T110/><AGARI ba="1,1" hai="24,30,34,58,60,66,93,94,95,96,98,108,109,110" machi="110" ten="40,18000,2" yaku="1,1,0,1,14,1,10,1,53,2" doraHai="49" doraHaiUra="92" who="0" fromWho="0" sc="298,193,250,-61,192,-61,250,-61" /><INIT seed="0,2,0,0,0,131" ten="491,189,131,189" oya="0" hai0="87,59,2,40,75,7,100,74,35,17,85,20,61" hai1="88,78,72,51,54,101,102,82,29,1,24,126,36" hai2="12,116,76,108,37,50,97,33,19,5,10,132,130" hai3="16,21,42,31,122,63,15,14,99,3,113,62,4" shuffle="mt19937ar,EF49A4B2,F2CD4C20,0F13AEC0,C33EADF0,21E49B32,D79B95D5,970F8EBE,506CD711"/><T60/><D35/><U124/><E36/><V70/><F130/><W43/><G113/><T115/><D40/><U8/><E1/><V18/><F37/><W109/><G109/><T64/><D115/><U134/><E8/><V110/><F70/><W45/><G122/><T120/><D120/><U89/><E134/><V77/><F33/><W38/><G3/><T92/><D7/><U103/><E124/><V93/><F116/><W46/><G31/><T79/><D2/><U68/><E68/><V117/><F117/><W121/><G121/><T41/><D41/><U39/><E39/><V106/><F106/><W125/><G125/><T91/><D100/><U69/><E69/><V44/><F110/><W112/><G112/><T83/><REACH who="0" step="1"/><D60/><REACH who="0" step="2"/><N who="3" m="23081" /><G38/><T55/><D55/><U111/><E111/><V81/><F108/><W73/><G43/><T118/><D118/><U27/><E126/><V90/><F132/><W105/><G42/><T0/><D0/><U52/><E54/><N who="2" m="30023" /><F81/><W65/><G65/><T107/><D107/><U30/><E82/><V11/><F5/><W133/><G105/><T127/><D127/><U57/><E101/><V6/><F6/><W13/><G4/><T104/><D104/><U56/><E52/><V23/><F18/><W9/><G16/><T129/><D129/><U98/><E102/><V119/><F119/><W80/><G133/><T94/><D94/><U53/><E103/><V28/><F28/><W95/><G80/><T135/><D135/><U86/><E30/><V25/><F25/><AGARI ba="2,1" hai="17,20,25,59,61,64,74,75,79,83,85,87,91,92" machi="25" ten="30,2900,0" yaku="1,1,7,1,53,0" doraHai="131" doraHaiUra="71" who="0" fromWho="2" sc="481,45,189,0,131,-35,189,0" /><INIT seed="0,3,0,1,5,86" ten="526,189,96,189" oya="0" hai0="110,1,101,104,41,89,80,70,50,97,123,52,130" hai1="9,43,81,36,53,8,94,47,16,68,23,84,116" hai2="96,102,66,15,91,78,85,134,25,67,125,24,83" hai3="108,20,59,77,29,133,82,72,109,74,121,2,30" shuffle="mt19937ar,BD6972F8,F5928E95,504F6A84,F1DD3686,3ECFF7FC,4DFA923E,0E7A4001,38B464E4"/><T107/><D70/><U124/><E116/><V6/><F134/><W57/><G2/><T64/><D64/><U95/><E68/><V120/><F120/><W119/><G133/><T114/><D1/><U92/><E124/><V88/><F125/><W51/><G121/><T115/><D123/><U128/><E128/><V73/><F66/><W27/><G119/><T7/><D7/><U31/><E31/><V35/><F67/><W17/><G74/><T10/><D10/><U12/><REACH who="1" step="1"/><E53/><REACH who="1" step="2"/><V58/><F58/><W49/><G57/><N who="0" m="32919" /><D130/><U22/><E22/><V71/><F71/><W46/><G20/><T61/><D115/><U11/><E11/><N who="2" m="4599" /><F35/><W122/><G122/><T93/><D114/><U63/><E63/><V56/><F56/><W106/><G59/><T126/><D61/><U54/><E54/><V65/><F65/><W111/><G111/><T0/><D110/><U13/><E13/><V4/><F4/><W26/><G109/><T129/><D126/><U48/><E48/><V44/><F44/><W18/><G51/><T34/><D129/><U87/><E87/><V5/><F5/><W98/><G49/><T38/><D34/><U75/><E75/><V105/><F91/><AGARI ba="3,1" hai="8,9,12,16,23,36,43,47,81,84,91,92,94,95" machi="91" ten="40,5200,0" yaku="1,1,52,1,54,1,53,0" doraHai="86" doraHaiUra="28" who="1" fromWho="2" sc="526,0,179,71,96,-61,189,0" /><INIT seed="1,0,0,0,0,81" ten="526,250,35,189" oya="1" hai0="63,95,67,71,112,110,115,25,13,15,98,109,6" hai1="44,30,104,21,100,73,126,61,45,86,46,80,135" hai2="76,37,51,121,11,32,18,123,2,19,97,7,129" hai3="131,75,42,50,87,53,125,118,124,10,41,96,24" shuffle="mt19937ar,B48C552B,CEE92044,192BEDFB,46EA4083,B2685B74,CB4CBC35,BC677C3A,2C3E6C00"/><U108/><E73/><V36/><F129/><W133/><G75/><T52/><D25/><U74/><E74/><V101/><F76/><W128/><G118/><T49/><D112/><U130/><E104/><V107/><F32/><W35/><G96/><T79/><D79/><U116/><E116/><V34/><F34/><W59/><G10/><T105/><D105/><U89/><E100/><V77/><F77/><W103/><G103/><T62/><D62/><U92/><E130/><N who="3" m="49706" /><G87/><T82/><D82/><U1/><E1/><V120/><REACH who="2" step="1"/><F51/><REACH who="2" step="2"/><W90/><G35/><T117/><D117/><U102/><E135/><V16/><AGARI ba="0,1" hai="2,7,11,16,18,19,36,37,97,101,107,120,121,123" machi="16" ten="40,8000,1" yaku="1,1,2,1,0,1,54,1,53,0" doraHai="81" doraHaiUra="22" who="2" fromWho="2" sc="526,-20,250,-40,25,90,189,-20" /><INIT seed="2,0,0,0,1,29" ten="506,210,115,169" oya="2" hai0="67,13,16,83,124,2,121,63,130,117,37,20,28" hai1="94,52,88,84,82,5,6,70,116,47,76,12,10" hai2="42,40,66,60,85,18,14,32,100,45,126,26,35" hai3="39,22,115,133,36,65,71,73,19,38,46,125,53" shuffle="mt19937ar,F79DED10,8E854434,1FE0681D,4ADDD870,B7955CCF,5B32EBB2,456BA800,BD2C143F"/><V43/><F126/><W99/><G73/><T15/><D37/><U90/><E70/><V135/><F135/><W96/><G133/><T3/><D121/><U61/><E116/><V132/><F132/><W72/><G72/><T4/><D124/><U129/><E129/><V119/><F119/><W48/><G125/><T127/><D127/><U24/><E24/><V44/><F100/><W123/><G115/><T64/><D83/><U54/><E6/><V110/><F85/><W0/><G0/><T68/><D64/><U92/><E61/><V56/><F110/><W41/><G123/><T111/><D117/><U112/><E112/><V1/><F1/><W21/><G21/><T86/><D130/><U97/><E47/><V34/><REACH who="2" step="1"/><F26/><REACH who="2" step="2"/><N who="3" m="14687" /><G99/><AGARI ba="0,1" hai="5,10,12,52,54,76,82,84,88,90,92,94,97,99" machi="99" ten="30,8000,1" yaku="7,1,9,1,8,1,54,2" doraHai="29" who="1" fromWho="3" sc="506,0,210,90,105,0,169,-80" /><INIT seed="3,0,0,1,1,19" ten="506,300,105,89" oya="3" hai0="67,133,34,63,48,33,84,69,93,59,22,14,132" hai1="27,12,131,4,81,83,75,76,88,26,99,20,123" hai2="30,135,58,1,15,86,97,13,72,66,52,105,60" hai3="90,24,85,113,130,103,51,120,29,96,11,61,128" shuffle="mt19937ar,2CE91FF3,78149781,D3870588,6560421B,430F9EDE,FAF21B1D,D295753A,04F6361E"/><W106/><G120/><T53/><D14/><U108/><E123/><V17/><F72/><W107/><G113/><T74/><D74/><U112/><E112/><V31/><F1/><W62/><G106/><T101/><D22/><U129/><E108/><V40/><F135/><N who="0" m="51786" /><D84/><N who="1" m="50207" /><E99/><AGARI ba="0,0" hai="33,34,48,53,59,63,67,69,93,99,101" m="51786" machi="99" ten="30,1000,0" yaku="20,1" doraHai="19" who="0" fromWho="1" sc="506,10,300,-10,105,0,89,0" owari="516,51,290,4,105,-24,89,-31" /></mjloggm>