<mjloggm ver="2.3"><GO type="185"/><UN n0="%E3%81%A8%E3%81%84%E3%81%A4%E3%81%BE%E3%81%99%E3%81%9F%E3%81%81%E2%99%AA" n1="%E3%80%93%E3%81%84%E3%81%A1%E3%81%AF%E3%82%89%E3%80%93" n2="%E4%B8%89%E7%94%B0%E6%9D%91%E8%8C%9C" n3="" dan="16,18,17,0" rate="2124,2249,2164,1500" sx="M,M,F,C"/><TAIKYOKU oya="0"/><INIT seed="0,0,0,1,5,62" ten="350,350,350,0" oya="0" hai0="121,56,88,119,131,118,33,115,108,77,78,53,134" hai1="122,0,82,94,35,110,132,103,54,116,59,46,130" hai2="74,55,95,60,75,125,65,32,71,81,68,37,104" hai3="" shuffle="mt19937ar,E33FF933,106D80BD,8D379381,04D891C1,456CAC4D,860B0E77,CFFF0E1B,82743379"/><T101/><N who="0" m="31008" /><T72/><D33/><U123/><N who="1" m="31264" /><U39/><N who="1" m="31520" /><U89/><E35/><V80/><F104/><T83/><D115/><U50/><E116/><V42/><F32/><T98/><D134/><U61/><E0/><V129/><F129/><T85/><D131/><U86/><E130/><V51/><F125/><T127/><D127/><U90/><E132/><V76/><F95/><T96/><D108/><U52/><E39/><V112/><F112/><T92/><D78/><U114/><E114/><V109/><F109/><T100/><D100/><U41/><E103/><V106/><F106/><T91/><D91/><U70/><E70/><V133/><F71/><T48/><D98/><U105/><E105/><AGARI ba="0,0" hai="48,53,56,72,77,83,85,88,92,96,101,105,118,119" m="31008" machi="105" ten="30,12000,1" yaku="7,1,24,2,52,1,54,1" doraHai="62" who="0" fromWho="1" sc="350,120,350,-120,350,0,0,0" /><INIT seed="0,1,0,3,3,125" ten="470,230,350,0" oya="0" hai0="117,33,132,114,84,98,32,75,134,118,50,72,54" hai1="100,93,124,95,101,71,133,41,112,119,67,64,130" hai2="90,42,40,45,34,122,52,107,96,94,48,65,127" hai3="" shuffle="mt19937ar,F9E37CF4,8BF3167B,512A8A12,00690E08,86C08696,23FB2140,B5033C81,18E00E22"/><T83/><D114/><U129/><E119/><N who="0" m="45577" /><D98/><U99/><E124/><V69/><N who="2" m="31264" /><V62/><F127/><T82/><D54/><U123/><N who="1" m="31520" /><U49/><E112/><V111/><F34/><N who="0" m="13418" /><D50/><U113/><E133/><N who="0" m="51305" /><D84/><U88/><E113/><V77/><F77/><T70/><D70/><U126/><E126/><V104/><F111/><T2/><D2/><U0/><E0/><V68/><F68/><T39/><D39/><U121/><N who="1" m="31008" /><U58/><E71/><V43/><AGARI ba="1,0" hai="40,42,43,45,48,52,62,65,69,90,94,96,104,107" m="31264" machi="43" ten="30,3000,0" yaku="0,1,52,1,54,1" doraHai="125" who="2" fromWho="2" sc="470,-21,230,-11,350,32,0,0" /><INIT seed="1,0,0,1,0,127" ten="449,219,382,0" oya="1" hai0="58,1,64,77,65,100,35,32,130,67,107,61,59" hai1="86,54,37,72,115,45,120,96,82,124,83,109,133" hai2="49,47,90,53,84,36,92,56,94,121,108,41,122" hai3="" shuffle="mt19937ar,AB6E3E1F,8CAE3BFC,E39E38DA,AAC731CE,D8A9EC37,0E0A4158,25D7E445,63CDD23C"/><U43/><N who="1" m="30752" /><U101/><E124/><V102/><N who="2" m="31008" /><V111/><N who="2" m="31264" /><V57/><F57/><T78/><D1/><U113/><E133/><V116/><F116/><T135/><D135/><U63/><E109/><N who="2" m="42059" /><F102/><T132/><D132/><U39/><E39/><V71/><F71/><T104/><D100/><U76/><E54/><V42/><F42/><T87/><D87/><U46/><E46/><V75/><F75/><T128/><D67/><U93/><REACH who="1" step="1"/><E63/><AGARI ba="0,0" hai="32,35,58,59,61,63,64,65,77,78,104,107,128,130" machi="63" ten="25,6400,0" yaku="22,2,52,2" doraHai="127" who="0" fromWho="1" sc="449,64,219,-64,382,0,0,0" /><INIT seed="2,0,0,4,1,80" ten="513,155,382,0" oya="2" hai0="65,47,105,58,86,123,73,36,89,131,33,83,120" hai1="81,51,127,55,100,39,115,62,45,76,113,84,130" hai2="50,133,99,135,93,132,71,119,77,63,85,35,106" hai3="" shuffle="mt19937ar,E019A477,5593E26E,FEA87566,4B18AEA5,132C3746,636A4690,4997CB4D,0E18C16D"/><V90/><F35/><T42/><N who="0" m="30752" /><T64/><N who="0" m="31520" /><T103/><D33/><U124/><E39/><V60/><F119/><T66/><D131/><U118/><E118/><V44/><F71/><T125/><D125/><U97/><E130/><V46/><F46/><T91/><D73/><U102/><E102/><V78/><F106/><T0/><D0/><U61/><E61/><N who="2" m="23627" /><F99/><T82/><D58/><U88/><E62/><V41/><AGARI ba="0,0" hai="41,44,50,77,78,85,90,93,132,133,135" m="23627" machi="41" ten="40,2600,0" yaku="20,1,52,1" doraHai="80" who="2" fromWho="2" sc="513,-13,155,-13,382,26,0,0" /><INIT seed="2,1,0,1,5,67" ten="500,142,408,0" oya="2" hai0="34,94,62,87,80,93,129,69,0,113,2,1,39" hai1="89,90,99,117,72,64,58,125,60,52,85,121,103" hai2="119,111,91,109,59,82,134,116,48,122,88,37,40" hai3="" shuffle="mt19937ar,3894FA5D,9FBCB4A0,1F518C55,A0B32A26,48172644,4D5FF835,F95A3B73,C3021800"/><V75/><N who="2" m="31264" /><V51/><F134/><T105/><D105/><U104/><N who="1" m="31008" /><U78/><E117/><N who="2" m="45131" /><F37/><T133/><D34/><U92/><E125/><V126/><F40/><T49/><D39/><U86/><E78/><V107/><F107/><T101/><D133/><U100/><E72/><V42/><F42/><T65/><D113/><U135/><E103/><V76/><F126/><T79/><D101/><U83/><E135/><V66/><F66/><T98/><D98/><U47/><E47/><V53/><F48/><T123/><N who="0" m="31520" /><T96/><D96/><U115/><E115/><V63/><F51/><T57/><REACH who="0" step="1"/><D129/><REACH who="0" step="2"/><U32/><E32/><V68/><F111/><T127/><D127/><U54/><AGARI ba="1,1" hai="52,54,58,60,64,83,85,86,89,90,92,99,100,104" m="31008" machi="54" ten="30,3000,0" yaku="0,1,52,1,54,1" doraHai="67" who="1" fromWho="1" sc="490,-11,142,42,408,-21,0,0" /><INIT seed="4,0,0,4,3,72" ten="479,184,387,0" oya="0" hai0="87,115,52,112,122,33,120,56,121,114,117,109,38" hai1="45,133,105,66,57,113,41,98,97,88,119,65,34" hai2="132,42,76,93,64,100,67,40,77,130,73,49,60" hai3="" shuffle="mt19937ar,959EBB19,D21D41F0,941D2A70,34FE1F9D,AFDE4B10,E76C9D53,AFE5C570,F7534022"/><T95/><D38/><U54/><E34/><V107/><F107/><T47/><D47/><U78/><E119/><V0/><F0/><T135/><D33/><U75/><E133/><V82/><F132/><T59/><D135/><U86/><E113/><V90/><F100/><T84/><D117/><U81/><E66/><V99/><F130/><T127/><D127/><U53/><E65/><V2/><F2/><T58/><D109/><U70/><E70/><V104/><F67/><T32/><D32/><U85/><E75/><V128/><F104/><T43/><D43/><U92/><E105/><V118/><F118/><T129/><D129/><U36/><REACH who="1" step="1"/><E54/><REACH who="1" step="2"/><V83/><F128/><T94/><D52/><U68/><E68/><V50/><F40/><T131/><D131/><U35/><E35/><V103/><F42/><T126/><D126/><U116/><E116/><V80/><F73/><T108/><D108/><U96/><E96/><V111/><F111/><T61/><D61/><AGARI ba="0,1" hai="36,41,45,53,57,61,78,81,85,86,88,92,97,98" machi="61" ten="30,7700,0" yaku="1,1,7,1,52,1,54,1,53,0" doraHai="72" doraHaiUra="102" who="1" fromWho="0" sc="479,-77,174,87,387,0,0,0" /><INIT seed="5,0,0,4,1,95" ten="402,261,387,0" oya="1" hai0="56,54,45,118,61,121,108,123,40,49,55,112,52" hai1="126,3,86,64,87,35,51,63,50,79,120,2,72" hai2="37,124,0,119,48,130,77,132,67,83,107,94,90" hai3="" shuffle="mt19937ar,4C349B15,414D917E,F011547A,967FF25F,89C4B7D0,4AEE4908,485FACA0,C0777B06"/><U88/><N who="1" m="30752" /><U36/><E36/><V102/><F0/><T62/><N who="0" m="31008" /><T76/><N who="0" m="31520" /><T1/><D1/><U110/><E35/><V109/><F37/><T43/><D108/><U131/><E72/><V93/><F109/><T100/><D118/><U57/><E110/><V74/><F119/><T70/><D112/><U80/><E131/><V59/><F130/><T91/><D76/><U96/><E126/><V111/><F111/><T46/><D91/><U117/><E117/><V113/><F113/><T65/><D100/><U114/><E114/><V68/><F68/><T39/><AGARI ba="0,0" hai="39,40,43,45,46,49,52,54,55,56,61,62,65,70" m="31520,31008" machi="39" ten="20,18000,4" yaku="0,1,7,1,35,6,52,2,54,1" doraHai="95" who="0" fromWho="0" sc="402,180,261,-120,387,-60,0,0" /><INIT seed="6,0,0,4,1,44" ten="582,141,327,0" oya="2" hai0="114,80,92,126,63,85,116,134,87,133,72,100,93" hai1="36,32,130,120,107,135,58,67,0,97,132,119,59" hai2="102,46,98,111,79,61,56,1,55,121,60,90,81" hai3="" shuffle="mt19937ar,E12D3C41,269EC929,A46A9AF2,9BFD2E2A,E354C702,2776A085,356B2A23,A46F753E"/><V57/><N who="2" m="31008" /><V3/><F111/><T108/><D116/><U37/><N who="1" m="30752" /><U77/><E77/><V112/><F46/><T66/><D108/><U41/><E107/><V76/><F76/><T70/><D114/><U2/><E97/><V53/><F112/><T83/><D126/><U74/><E74/><V34/><F34/><T38/><D38/><U62/><E32/><V124/><F124/><T95/><D100/><U101/><E101/><V89/><F1/><T50/><D50/><U84/><E84/><N who="0" m="32329" /><D72/><U99/><E99/><V73/><F3/><T49/><D49/><U42/><E2/><V69/><F69/><T118/><D118/><U91/><E91/><V51/><REACH who="2" step="1"/><F51/><REACH who="2" step="2"/><T54/><D70/><U94/><E0/><V115/><F115/><T104/><D63/><U65/><E119/><V33/><F33/><T82/><D134/><U88/><E62/><V117/><F117/><T43/><D133/><U48/><E48/><V96/><F96/><T71/><D71/><U106/><E135/><V129/><F129/><T113/><D113/><U75/><E132/><V122/><N who="2" m="31264" /><V78/><F78/><T125/><D125/><U123/><E130/><V45/><F45/><T110/><D110/><U103/><E123/><RYUUKYOKU ba="0,1" sc="582,-10,141,-10,317,20,0,0" hai2="53,55,56,57,60,61,73,79,81,89,90,98,102" /><INIT seed="6,1,1,2,0,74" ten="572,131,337,0" oya="2" hai0="90,115,114,78,38,58,34,1,32,66,99,61,56" hai1="119,106,121,97,129,103,64,42,96,76,82,98,105" hai2="55,63,80,88,110,71,72,2,91,50,127,40,44" hai3="" shuffle="mt19937ar,21A35E7B,A6869F17,70C88394,E3701E80,02C6B39E,52380770,FFE89EF4,A305EAF9"/><V132/><F2/><T124/><D1/><U41/><N who="1" m="31008" /><U118/><E64/><V77/><F110/><T86/><D38/><U68/><E68/><V89/><F127/><T53/><D124/><U128/><E42/><V83/><F132/><T67/><D99/><U62/><E62/><V109/><F109/><T95/><D78/><U120/><N who="1" m="30752" /><U51/><E51/><V84/><REACH who="2" step="1"/><F55/><REACH who="2" step="2"/><T79/><D67/><AGARI ba="1,2" hai="40,44,50,63,67,71,72,77,80,83,84,88,89,91" machi="67" ten="40,12000,1" yaku="1,1,2,1,52,1,54,1,53,0" doraHai="74" doraHaiUra="92" who="2" fromWho="0" sc="572,-122,131,0,327,142,0,0" owari="450,5,131,-47,469,42,0,0" /></mjloggm>