<mjloggm ver="2.3"><GO type="225"/><UN n0="%52%65%64%4D%61%67%69%63" n1="%73%69%67%65%6E%6F%72%69" n2="%E7%B7%9A%E5%BD%A2%E8%A8%88%E7%94%BB%E6%B3%95" n3="%E3%82%AF%E3%83%AB%E3%83%AB%E2%98%86" dan="16,17,16,16" rate="2029,2117,2005,2039" sx="M,M,M,F"/><TAIKYOKU oya="0"/><INIT seed="0,0,0,5,3,73" ten="250,250,250,250" oya="0" hai0="20,132,95,61,22,31,58,41,117,103,32,50,24" hai1="36,70,1,97,100,66,76,59,5,94,84,125,89" hai2="104,19,54,8,85,72,37,98,134,30,88,60,111" hai3="105,28,99,52,131,92,4,101,46,74,77,0,13" shuffle="mt19937ar,89DC2CF9,39AFE805,D08A6898,4A5CB92F,D0327DEC,28274D8C,03637E10,7D136427"/><T65/><D117/><U38/><E125/><V106/><F37/><W127/><G0/><T43/><D132/><U129/><E70/><V62/><F72/><W25/><G127/><T83/><D83/><U78/><E129/><V55/><F30/><W107/><G131/><T86/><D86/><U2/><E36/><V130/><F111/><W90/><G4/><T115/><D115/><U69/><E38/><V126/><F126/><W57/><G13/><T109/><D109/><U23/><E69/><V10/><F134/><W110/><G46/><T68/><D43/><U135/><E135/><V56/><F130/><W119/><G119/><T51/><D51/><U9/><E2/><V102/><F106/><W121/><G110/><T64/><D64/><U17/><E59/><V21/><F62/><W12/><G12/><T112/><D112/><U49/><E66/><V67/><F8/><W93/><G121/><T120/><D120/><U45/><E17/><V114/><F10/><W75/><G75/><T116/><D116/><U15/><E23/><V3/><F3/><W48/><G74/><T47/><REACH who="0" step="1"/><D68/><REACH who="0" step="2"/><U133/><E133/><V14/><REACH who="2" step="1"/><F114/><REACH who="2" step="2"/><W18/><G48/><T113/><D113/><U6/><E49/><V39/><F39/><W42/><G42/><T33/><D33/><U124/><E124/><V29/><F29/><W79/><G28/><T128/><D128/><U26/><E1/><V16/><F16/><W53/><G18/><T96/><AGARI ba="0,2" hai="20,22,24,31,32,41,47,50,58,61,65,95,96,103" machi="96" ten="30,6000,0" yaku="1,1,0,1,53,1" doraHai="73" doraHaiUra="40" who="0" fromWho="0" sc="240,80,250,-20,240,-20,250,-20" /><INIT seed="0,1,0,2,5,67" ten="320,230,220,230" oya="0" hai0="14,102,77,119,97,50,73,66,45,19,135,28,95" hai1="29,118,48,74,22,52,127,122,8,57,49,129,125" hai2="20,103,16,69,60,81,90,120,107,62,76,82,88" hai3="12,94,4,123,38,109,17,55,86,2,132,126,75" shuffle="mt19937ar,8F0DC0E7,74346BBC,74E6DF1E,362F6E35,9D6229CD,8F5CBD55,4966E70C,F34503E4"/><T63/><D119/><U6/><E122/><V130/><F120/><W34/><G123/><T41/><D135/><U93/><E118/><V84/><F130/><W131/><G75/><T114/><D114/><U9/><E74/><V106/><F103/><W80/><G38/><T46/><D28/><U37/><E37/><V61/><F69/><W64/><G34/><T35/><D35/><U54/><E129/><V83/><F90/><W112/><G112/><T70/><D46/><U115/><E115/><V7/><F7/><W30/><G30/><T53/><D77/><U26/><E93/><V11/><F11/><W72/><G131/><T40/><REACH who="0" step="1"/><D73/><REACH who="0" step="2"/><U44/><REACH who="1" step="1"/><E8/><AGARI ba="1,1" hai="8,14,19,40,41,45,50,53,63,66,70,95,97,102" machi="8" ten="30,11600,0" yaku="1,1,2,1,7,1,52,1,53,0" doraHai="67" doraHaiUra="108" who="0" fromWho="1" sc="310,129,230,-119,220,0,230,0" /><INIT seed="0,2,0,0,3,20" ten="439,111,220,230" oya="0" hai0="56,77,21,38,78,128,47,113,28,50,107,108,27" hai1="134,84,24,5,12,41,31,4,119,29,81,57,100" hai2="64,85,25,60,69,92,67,98,91,52,87,90,13" hai3="83,18,71,110,35,42,8,124,53,39,115,104,133" shuffle="mt19937ar,B2CB0A75,AE274D97,F96E6A15,7FB015D8,AFBD0E27,50121A59,837E9C3C,CCADB977"/><T30/><D113/><U94/><E119/><V45/><F13/><W75/><RYUUKYOKU type="yao9" ba="2,0" sc="439,0,111,0,220,0,230,0" hai3="8,18,35,39,42,53,71,75,83,104,110,115,124,133" /><INIT seed="0,3,0,4,1,62" ten="439,111,220,230" oya="0" hai0="38,124,119,54,47,70,105,55,69,94,7,64,82" hai1="57,86,88,120,45,76,67,98,2,32,107,23,35" hai2="21,12,106,59,4,31,53,1,122,40,20,116,79" hai3="127,10,3,26,112,130,93,46,36,60,71,129,33" shuffle="mt19937ar,6B8D2E94,7739BF2F,8EA86556,F9584792,6BEE8BA1,D488CE84,0F608FAF,771BA014"/><T134/><D105/><U92/><E120/><V85/><F122/><W121/><G121/><T125/><D7/><U135/><E2/><V65/><F106/><W16/><G112/><T42/><D82/><U13/><E135/><V25/><F116/><W15/><G127/><N who="0" m="48715" /><D119/><U24/><E13/><V100/><F100/><W99/><G3/><T81/><D81/><U37/><E76/><V89/><F79/><W87/><G87/><T115/><D94/><U48/><E37/><V8/><F40/><N who="3" m="22791" /><G33/><T97/><D97/><U0/><E0/><V11/><F21/><W108/><G26/><T74/><D74/><U41/><E107/><V17/><F89/><W103/><G108/><T63/><D134/><U114/><E114/><V27/><F85/><W90/><G103/><T109/><D109/><U126/><E126/><V77/><F77/><W118/><G118/><T43/><D43/><U91/><E91/><V104/><F25/><W14/><G15/><T5/><D5/><U58/><E98/><V39/><F39/><W19/><G19/><T83/><D83/><U132/><E132/><V102/><F102/><W133/><G133/><T18/><D18/><U22/><E86/><V73/><F73/><W51/><G51/><T117/><D117/><U113/><E48/><N who="2" m="31143" /><F104/><W128/><G60/><N who="0" m="40071" /><D115/><U66/><E113/><V123/><F123/><W6/><G6/><T75/><D75/><U95/><E92/><V131/><F1/><W49/><G49/><T29/><D29/><U78/><E95/><V101/><F4/><W68/><AGARI ba="3,0" hai="10,14,16,68,71,90,93,99,128,129,130" m="22791" machi="68" ten="40,2700,0" yaku="19,1,54,1" doraHai="62" who="3" fromWho="3" sc="439,-16,111,-10,220,-10,230,36" /><INIT seed="1,0,0,1,3,27" ten="423,101,210,266" oya="1" hai0="9,105,91,46,44,117,50,109,133,113,51,89,112" hai1="90,33,100,129,1,36,123,75,116,13,108,79,62" hai2="20,0,52,78,53,70,114,38,130,106,119,17,120" hai3="60,96,87,80,47,68,23,101,84,57,28,24,128" shuffle="mt19937ar,545C9453,56A6141A,4A3912B8,888B2A7F,906641E5,F62F4261,683BCDC3,7274EC77"/><U82/><E1/><V118/><F120/><W115/><G68/><T126/><D9/><U135/><E123/><V131/><F0/><W12/><G115/><T11/><D11/><U21/><E116/><V54/><F106/><W93/><G128/><N who="2" m="49193" /><F114/><W41/><G12/><T73/><D117/><U85/><E129/><V8/><F8/><W98/><G98/><T56/><D105/><U59/><E33/><V77/><F70/><W10/><G10/><T25/><D56/><U102/><E36/><V63/><F38/><W107/><G107/><T72/><D25/><U48/><E48/><V15/><F63/><W55/><REACH who="3" step="1"/><G80/><REACH who="3" step="2"/><T19/><D113/><U134/><E108/><V40/><F119/><W132/><G132/><N who="1" m="50730" /><E13/><V69/><F69/><W103/><G103/><T2/><D112/><U4/><E4/><V37/><F118/><W76/><G76/><T124/><D109/><U5/><E5/><V26/><F15/><W121/><G121/><T67/><D133/><U6/><E6/><V127/><F78/><W14/><G14/><T29/><D2/><U7/><E7/><V43/><F77/><W30/><G30/><T122/><D29/><U32/><E32/><V71/><F71/><W65/><G65/><T99/><D67/><N who="1" m="39391" /><E21/><V88/><F20/><W49/><AGARI ba="0,1" hai="23,24,28,41,47,49,55,57,60,84,87,93,96,101" machi="49" ten="20,8000,1" yaku="1,1,0,1,7,1,8,1,52,1,53,0" doraHai="27" doraHaiUra="35" who="3" fromWho="3" sc="423,-20,101,-40,210,-20,256,90" /><INIT seed="2,0,0,5,3,48" ten="403,61,190,346" oya="2" hai0="101,47,30,13,38,56,127,53,95,44,55,18,64" hai1="2,63,9,19,108,16,20,50,121,103,126,75,100" hai2="84,52,26,46,66,128,96,118,23,54,12,114,85" hai3="8,69,27,105,116,15,124,119,72,59,5,31,0" shuffle="mt19937ar,CA56C3A5,9ACA5A2A,2B1C5CF0,C38A932C,480F8596,826C6388,747F2140,719E4302"/><V80/><F118/><W110/><G69/><T67/><D127/><U24/><E126/><V68/><F114/><W65/><G124/><T6/><D30/><U99/><E108/><V49/><F128/><W57/><G72/><T76/><D76/><U3/><E121/><V78/><F68/><W62/><G105/><T130/><D6/><U36/><E36/><V131/><F66/><N who="0" m="25130" /><D38/><U7/><E75/><V90/><F96/><W97/><G110/><T115/><D115/><U106/><E63/><V81/><F12/><W93/><G0/><T35/><D35/><U29/><E2/><V87/><F87/><W129/><G57/><T94/><D130/><U89/><E100/><V104/><F104/><W28/><G129/><T98/><D94/><U123/><E123/><V39/><F39/><W14/><G14/><T107/><D107/><U113/><E113/><V88/><F78/><W109/><G109/><T58/><D56/><U102/><E102/><V40/><F131/><W82/><G82/><T51/><D55/><U112/><E112/><V61/><F61/><W60/><G60/><T17/><D17/><AGARI ba="0,0" hai="17,23,26,40,46,49,52,54,80,81,84,85,88,90" machi="17" ten="30,18000,2" yaku="7,1,9,1,8,1,52,2,54,2" doraHai="48" who="2" fromWho="0" sc="403,-180,61,0,190,180,346,0" /><INIT seed="2,1,0,3,4,54" ten="223,61,370,346" oya="2" hai0="135,59,115,11,63,84,76,77,2,120,38,12,57" hai1="107,69,81,37,129,41,15,112,73,20,79,45,25" hai2="126,75,89,66,7,92,94,114,3,96,14,5,78" hai3="100,32,50,127,13,122,95,86,82,31,33,60,131" shuffle="mt19937ar,A1DE2B66,0E01A454,4CFFA4C3,E0A69289,E02F37C5,80FB1BCD,C40472DE,9219D89E"/><V101/><F114/><W39/><G39/><T102/><D38/><U72/><E112/><V87/><F126/><W27/><G122/><T132/><D2/><U30/><E129/><V117/><F117/><W58/><G131/><T43/><D115/><U44/><E107/><V1/><F14/><W34/><G50/><T85/><D43/><U128/><E128/><V111/><F111/><W133/><G133/><N who="0" m="51275" /><D102/><U55/><E69/><V61/><F78/><N who="0" m="30314" /><D63/><U56/><E45/><V9/><F75/><W70/><G70/><T18/><D120/><U53/><E15/><V103/><F103/><W67/><G127/><T130/><D130/><U51/><REACH who="1" step="1"/><E53/><REACH who="1" step="2"/><V97/><F1/><W47/><G47/><T65/><D65/><U4/><E4/><V16/><F5/><W108/><G13/><T99/><D99/><U35/><E35/><V8/><F96/><W91/><G108/><T49/><D49/><U121/><E121/><V98/><F7/><W23/><G34/><T124/><D124/><U88/><E88/><V109/><F89/><W0/><G0/><T46/><D46/><U123/><E123/><V125/><F98/><AGARI ba="1,1" hai="23,27,31,32,33,58,60,67,82,86,91,95,98,100" machi="98" ten="40,5200,0" yaku="25,2,52,1" doraHai="54" who="3" fromWho="2" sc="223,0,51,0,370,-55,346,65" /><INIT seed="3,0,0,2,0,55" ten="223,51,315,411" oya="3" hai0="76,56,32,127,116,134,40,121,99,30,96,54,1" hai1="13,11,45,52,58,92,42,25,75,135,104,49,23" hai2="108,36,64,118,37,50,73,120,130,90,47,114,128" hai3="8,77,24,95,87,41,35,110,65,102,117,69,105" shuffle="mt19937ar,7B4816AB,0B046D67,EE9CCEC0,FECA3099,A916D2E8,B0C87ED1,AD3C0E8E,5DD0E900"/><W39/><G105/><T43/><D1/><U129/><E135/><V10/><F118/><W123/><G123/><T38/><D121/><U133/><E104/><V82/><F120/><W83/><G117/><T44/><D116/><U81/><E133/><V132/><F114/><W78/><G78/><T28/><D134/><U4/><E129/><N who="2" m="49771" /><F132/><W26/><G41/><T34/><D127/><U131/><E131/><V16/><F108/><W22/><G39/><T122/><D122/><U15/><E75/><V19/><F64/><W85/><G8/><T93/><D76/><U126/><E126/><V103/><F103/><W5/><G5/><T68/><D68/><U97/><E81/><V98/><F98/><W59/><G69/><T72/><D72/><U9/><E42/><V89/><F89/><W20/><G35/><T7/><D7/><U17/><E45/><V125/><F90/><N who="3" m="53711" /><G102/><T63/><D43/><U0/><E0/><V88/><F19/><W84/><G87/><T124/><D124/><U100/><E11/><V3/><F47/><W106/><G106/><T29/><REACH who="0" step="1"/><D93/><REACH who="0" step="2"/><U94/><REACH who="1" step="1"/><E15/><REACH who="1" step="2"/><V6/><F125/><W60/><G110/><T112/><D112/><U101/><E101/><V12/><F73/><W80/><G80/><T61/><D61/><U21/><E21/><AGARI ba="0,2" hai="20,21,22,24,26,59,60,65,77,83,84" m="53711" machi="21" ten="30,2900,0" yaku="8,1,52,1" doraHai="55" who="3" fromWho="1" sc="213,0,41,-29,315,0,411,49" owari="213,-14,12,-39,315,7,460,46" /></mjloggm>