<mjloggm ver="2.3"><GO type="225"/><UN n0="%E3%81%B5%E3%82%8B%E3%81%AD%E3%81%93%40%E4%BD%95%E5%88%87%E3%82%8B" n1="%EF%BC%88%EF%BC%8A%EF%BC%9E%EF%BC%9C%EF%BC%89" n2="%E9%9B%AA%E5%9B%BD%E8%82%B2%E3%81%A1" n3="%E5%B1%B1%E5%B9%B8%E5%95%86%E5%BA%97" dan="16,17,17,17" rate="2060,2186,2096,2138" sx="M,F,M,M"/><TAIKYOKU oya="0"/><INIT seed="0,0,0,1,4,118" ten="250,250,250,250" oya="0" hai0="37,66,77,108,74,53,59,51,17,20,127,5,35" hai1="131,71,39,89,40,26,9,56,129,82,67,62,102" hai2="97,33,85,30,122,94,112,14,73,101,38,120,12" hai3="104,43,130,109,99,41,119,52,110,107,42,91,47" shuffle="mt19937ar,1358C5D1,9089AA14,8FB88751,AEB5FAEB,F01814C1,88B5234A,EBD33D41,529D803E"/><T1/><D35/><U25/><E102/><V31/><F73/><W88/><G119/><T61/><D37/><U15/><E71/><V111/><F38/><W63/><G130/><N who="1" m="49674" /><E40/><V98/><F112/><W11/><G11/><T4/><D127/><U95/><E82/><V29/><F111/><N who="3" m="42507" /><G99/><T90/><D1/><U48/><E48/><V93/><F85/><W96/><G96/><T6/><D108/><U121/><E39/><V58/><F33/><W114/><G114/><T28/><D77/><U22/><E22/><V23/><F58/><N who="3" m="35271" /><G47/><T81/><D74/><U79/><E79/><V57/><F57/><W92/><G92/><T124/><D124/><U49/><E49/><V69/><F69/><W60/><G60/><T106/><D106/><AGARI ba="0,0" hai="41,42,43,88,91,104,106,107" m="35271,42507" machi="106" ten="40,5200,0" yaku="14,1,54,2" doraHai="118" who="3" fromWho="0" sc="250,-52,250,0,250,0,250,52" /><INIT seed="1,0,0,5,3,123" ten="198,250,250,302" oya="1" hai0="50,2,8,125,72,84,1,135,120,68,78,43,6" hai1="61,67,106,126,107,13,9,58,100,79,101,92,12" hai2="128,110,127,10,53,115,93,22,133,31,89,80,57" hai3="23,41,27,111,56,102,112,96,73,131,47,83,48" shuffle="mt19937ar,BFDBCCE6,35A5A7B6,AAD969CA,CCFA0F06,B2FD02CE,A07FCA2F,78555C9D,7B5F2D75"/><U19/><E126/><V99/><F115/><W0/><G112/><T33/><D33/><U5/><E79/><V66/><F127/><W51/><G0/><T81/><D125/><U117/><E117/><V62/><F133/><W87/><G73/><T55/><D120/><U109/><E92/><V65/><F128/><W45/><G131/><T82/><D135/><U103/><REACH who="1" step="1"/><E109/><REACH who="1" step="2"/><V124/><F110/><W26/><G111/><T49/><D78/><U59/><E59/><V36/><F124/><W98/><G56/><T42/><D68/><U37/><E37/><V134/><F36/><W70/><G70/><T95/><D95/><U14/><E14/><V75/><F134/><W4/><G27/><T86/><D2/><U119/><E119/><V97/><F93/><W122/><G122/><T30/><D1/><U118/><E118/><V18/><F57/><W129/><G129/><T88/><D82/><U34/><E34/><V16/><F80/><W40/><G102/><T64/><D81/><U77/><E77/><V76/><F76/><W44/><G47/><T114/><D114/><U113/><E113/><V94/><F75/><W132/><G132/><T71/><D72/><U91/><E91/><V3/><F89/><N who="3" m="51455" /><G4/><T15/><D71/><U21/><AGARI ba="0,1" hai="5,9,12,13,19,21,58,61,67,100,101,103,106,107" machi="21" ten="30,3000,0" yaku="1,1,0,1,53,0" doraHai="123" doraHaiUra="46" who="1" fromWho="1" sc="198,-10,240,40,250,-10,302,-10" /><INIT seed="1,1,0,3,1,132" ten="188,280,240,292" oya="1" hai0="55,36,99,60,74,96,32,103,134,83,20,118,110" hai1="93,9,27,130,80,106,14,85,22,39,119,81,67" hai2="114,46,10,62,82,72,18,50,101,19,66,120,35" hai3="47,123,122,116,59,126,117,17,127,131,11,115,48" shuffle="mt19937ar,79DE7044,B8F1F2F7,A3D1A640,067FA982,F6044325,C10C5B93,4F72E29C,7602EF75"/><U89/><E106/><V28/><F120/><N who="3" m="46123" /><G11/><T15/><D32/><U25/><E39/><V105/><F114/><W3/><G17/><T63/><D36/><U42/><E119/><N who="3" m="45642" /><G3/><T34/><D118/><U109/><E42/><V65/><F10/><W54/><G115/><T2/><D34/><U124/><E67/><V87/><F72/><W71/><G71/><T69/><D2/><U58/><E58/><V135/><F135/><W95/><G131/><T13/><D134/><U88/><E130/><V43/><F65/><W100/><G100/><T77/><D69/><U129/><E129/><V111/><F28/><W104/><G104/><T86/><D74/><U121/><E121/><V107/><F35/><W75/><G75/><T102/><D77/><U16/><E25/><V125/><F101/><W49/><G95/><T1/><D1/><U133/><E133/><V91/><F107/><W84/><G84/><T12/><D86/><U53/><E93/><V7/><F105/><W90/><G90/><T68/><D68/><U31/><E89/><V23/><F91/><W45/><G59/><T40/><D102/><U128/><E88/><V0/><F87/><W61/><G61/><T29/><D63/><U113/><E85/><V26/><F62/><W112/><G112/><T73/><D60/><U4/><E113/><V76/><F0/><W70/><G70/><T97/><D73/><U38/><E128/><V79/><F19/><W5/><G5/><T56/><D103/><U37/><E16/><V108/><F7/><W6/><G6/><T57/><D57/><U41/><E4/><RYUUKYOKU ba="1,0" sc="188,-10,280,-10,240,-10,292,30" hai3="45,47,48,49,54,126,127" /><INIT seed="2,2,0,3,0,37" ten="178,270,230,322" oya="2" hai0="38,135,49,65,17,40,55,46,117,112,87,70,90" hai1="34,27,20,10,32,18,1,9,115,101,116,5,60" hai2="79,51,67,72,89,95,61,39,14,29,128,30,7" hai3="110,44,124,81,73,11,71,92,6,33,125,4,26" shuffle="mt19937ar,5BD8B0D3,1F71DCF3,2CCB6367,B695E8C2,92B4E55E,F2372203,3266BC1E,B318A243"/><V96/><F128/><W131/><G71/><T111/><D112/><U3/><E101/><V0/><F39/><W66/><G66/><T80/><D111/><U121/><E60/><V107/><F0/><W99/><G110/><T85/><D135/><U59/><E59/><N who="2" m="37311" /><F107/><W105/><G105/><T16/><D117/><U69/><E69/><V35/><F35/><N who="1" m="13353" /><E115/><V75/><F75/><W122/><G122/><T77/><D65/><U88/><E88/><N who="2" m="55399" /><F72/><W25/><G33/><T84/><D70/><U23/><E116/><V103/><F79/><W48/><G131/><T120/><D120/><U64/><E64/><V45/><F103/><N who="3" m="60903" /><G81/><T86/><REACH who="0" step="1"/><D77/><REACH who="0" step="2"/><U113/><E113/><V93/><F7/><W15/><G4/><T41/><D41/><U62/><E121/><V68/><F68/><W52/><G73/><T118/><D118/><U74/><E74/><V104/><F104/><W82/><G125/><T43/><D43/><U109/><E109/><V22/><F89/><W126/><G124/><T47/><AGARI ba="2,1" hai="16,17,38,40,46,47,49,55,80,84,85,86,87,90" machi="47" ten="30,7900,0" yaku="1,1,0,1,52,1,54,1,53,0" doraHai="37" doraHaiUra="8" who="0" fromWho="0" sc="168,95,270,-22,230,-41,322,-22" /><INIT seed="3,0,0,4,0,103" ten="263,248,189,300" oya="3" hai0="27,98,29,86,92,20,59,76,3,61,60,70,34" hai1="134,108,81,53,63,39,74,118,128,72,123,40,96" hai2="75,104,42,110,47,52,22,102,45,57,10,21,1" hai3="36,80,38,44,23,101,65,55,87,119,33,84,58" shuffle="mt19937ar,0DF32E4B,453FA223,53CBA5D4,B5F1DB99,E864DC6D,F462F80C,7BD8C152,515637DE"/><W56/><G119/><T79/><D3/><U133/><E123/><V89/><F110/><W48/><G33/><T32/><D70/><U85/><E108/><V6/><F75/><W99/><G36/><T7/><D7/><U11/><E11/><V54/><F89/><W62/><G38/><T135/><D135/><U69/><E118/><V2/><F2/><W50/><G23/><T66/><D61/><U17/><E128/><V5/><F5/><W90/><G87/><T95/><D79/><U121/><E121/><V113/><F113/><W26/><G26/><T83/><REACH who="0" step="1"/><D95/><REACH who="0" step="2"/><U0/><E69/><V111/><F111/><W67/><G50/><T14/><D14/><U51/><E0/><V77/><F77/><W31/><G31/><T112/><D112/><U71/><E71/><V109/><F109/><W115/><G115/><T94/><D94/><U122/><E122/><V107/><F54/><N who="3" m="29959" /><G58/><T41/><D41/><U93/><E63/><V4/><F4/><W30/><G30/><T82/><D82/><U28/><E28/><V13/><F1/><W129/><G129/><T68/><D68/><U49/><E40/><V132/><F132/><N who="1" m="50793" /><E39/><V24/><F42/><W97/><G101/><AGARI ba="0,1" hai="20,27,29,32,34,59,60,66,76,83,86,92,98,101" machi="101" ten="30,8000,1" yaku="1,1,7,1,25,2,53,1" doraHai="103" doraHaiUra="25" who="0" fromWho="3" sc="253,90,248,0,189,0,300,-80" owari="343,34,248,0,189,-21,220,-13" /></mjloggm>