<mjloggm ver="2.3"><GO type="225"/><UN n0="%4E%6F%2E%32" n1="%E3%83%9C%E3%83%84" n2="%E5%85%AD%E5%88%86%E5%84%80" n3="%E3%82%88%E3%81%A3%E3%81%A1" dan="16,16,18,16" rate="2077,2039,2160,2083" sx="M,M,F,M"/><TAIKYOKU oya="0"/><INIT seed="0,0,0,3,3,76" ten="250,250,250,250" oya="0" hai0="55,99,31,77,24,98,93,106,61,65,52,109,115" hai1="97,11,34,129,81,41,9,110,67,118,7,96,124" hai2="73,58,80,89,132,33,13,46,23,62,40,12,21" hai3="44,39,133,120,48,37,126,71,112,14,6,54,105" shuffle="mt19937ar,50C48F6F,DBEA4C14,1D6E1490,7EF51A84,384CBFB0,A8CFDF75,B400D5DE,E74F8A84"/><T108/><D115/><U90/><E118/><V82/><F33/><W135/><G105/><T4/><D4/><U51/><E34/><V131/><F73/><W121/><G6/><T134/><D134/><N who="3" m="51209" /><G14/><N who="2" m="5737" /><F132/><W75/><G75/><T59/><D77/><U86/><E110/><N who="0" m="42601" /><D106/><U43/><E124/><V125/><F125/><W35/><G35/><N who="0" m="20967" /><D99/><U28/><E28/><V103/><F103/><AGARI ba="0,0" hai="52,55,59,61,65,93,98,103" m="20967,42601" machi="103" ten="30,5800,0" yaku="14,1,10,1,54,1" doraHai="76" who="0" fromWho="2" sc="250,58,250,0,250,-58,250,0" /><INIT seed="0,1,0,0,0,5" ten="308,250,192,250" oya="0" hai0="109,95,69,49,7,61,133,18,37,96,56,84,104" hai1="31,78,75,46,90,89,121,41,60,135,100,92,101" hai2="99,68,51,16,35,19,72,54,73,14,28,11,2" hai3="3,83,93,62,15,114,20,132,131,129,42,64,63" shuffle="mt19937ar,CBF131F0,38BFF9FE,12EE16A7,2892F980,0BE79D6C,35A4FE92,77A83874,5DAF080D"/><T12/><D37/><U38/><E121/><V47/><F68/><W79/><G3/><T24/><D133/><U115/><E135/><V107/><F2/><W112/><G132/><T55/><D104/><U82/><E115/><V45/><F35/><W29/><G42/><T43/><D109/><U4/><E31/><V127/><F28/><W40/><G40/><T52/><D84/><U33/><E33/><V58/><F127/><W71/><G63/><T0/><D0/><U57/><E4/><V66/><F19/><W86/><G93/><T80/><D80/><U67/><REACH who="1" step="1"/><E90/><REACH who="1" step="2"/><V53/><F66/><W125/><G125/><T8/><D7/><U21/><E21/><V111/><F111/><W76/><G29/><T94/><D69/><U50/><E50/><V32/><F32/><W17/><REACH who="3" step="1"/><G76/><REACH who="3" step="2"/><T85/><D43/><U102/><E102/><V106/><F51/><W65/><G65/><T70/><D49/><U13/><E13/><V120/><F14/><W30/><G30/><T74/><D12/><U59/><E59/><V128/><F58/><W108/><G108/><T6/><D56/><U126/><E126/><V103/><F103/><W1/><G1/><T116/><D70/><U87/><AGARI ba="1,2" hai="38,41,46,57,60,67,75,78,82,87,89,92,100,101" machi="87" ten="20,2700,0" yaku="1,1,0,1,7,1,53,0" doraHai="5" doraHaiUra="44" who="1" fromWho="1" sc="308,-14,240,50,192,-8,240,-8" /><INIT seed="1,0,0,0,4,9" ten="294,290,184,232" oya="1" hai0="83,23,58,63,71,80,107,59,24,69,68,115,118" hai1="43,119,34,77,87,44,1,0,127,28,105,65,111" hai2="99,51,89,128,132,16,13,70,60,22,102,112,45" hai3="33,122,104,2,90,86,74,3,48,72,82,55,49" shuffle="mt19937ar,483F5CDA,3821DFB7,46ED2DBE,D6DA5BD9,D854A1F5,6961E754,B2A28730,154EB4D7"/><U64/><E119/><V18/><F128/><W130/><G33/><T17/><D118/><U39/><E127/><V6/><F132/><W52/><G104/><T98/><D115/><U56/><E105/><V25/><F112/><W30/><G30/><T53/><D107/><U125/><E125/><V32/><F6/><W75/><G130/><T4/><D4/><U88/><E77/><V29/><F89/><W117/><G117/><T8/><D8/><U101/><E101/><V92/><F18/><W57/><REACH who="3" step="1"/><G122/><REACH who="3" step="2"/><T15/><D98/><U110/><E28/><V91/><F102/><W11/><G11/><T47/><D24/><U79/><E34/><V85/><F99/><W95/><G95/><T27/><D27/><U113/><E113/><V121/><F121/><W50/><G50/><T124/><D124/><U67/><E0/><V19/><F19/><W123/><G123/><T97/><D17/><U14/><E1/><V38/><F38/><W42/><G42/><T100/><D83/><U106/><E106/><V54/><REACH who="2" step="1"/><F60/><REACH who="2" step="2"/><W120/><G120/><T126/><D63/><U73/><E39/><V129/><F129/><W41/><G41/><T21/><D126/><U62/><E43/><V7/><F7/><W40/><G40/><T131/><D131/><U116/><E62/><V103/><F103/><W66/><G66/><T109/><D100/><U35/><E65/><V12/><F12/><W93/><G93/><T76/><D15/><U37/><E14/><V94/><F94/><W10/><G10/><T134/><D134/><U46/><E64/><V133/><F133/><RYUUKYOKU ba="0,2" sc="294,-15,290,-15,174,15,222,15" hai2="13,16,22,25,29,32,45,51,54,70,85,91,92" hai3="2,3,48,49,52,55,57,72,74,75,82,86,90" /><INIT seed="2,1,2,3,4,95" ten="279,275,189,237" oya="2" hai0="113,92,79,74,101,80,76,34,72,105,17,51,118" hai1="62,68,127,114,13,52,129,65,89,14,82,63,81" hai2="3,112,124,117,4,75,109,66,90,115,98,119,121" hai3="39,20,15,69,84,0,18,9,23,49,87,61,41" shuffle="mt19937ar,B9A9D588,B06DA16C,C9472DC0,2DE258B5,BC001079,4883E2AC,E48A41B0,DE938BD6"/><V134/><F66/><W32/><G39/><T107/><D34/><U59/><E114/><N who="2" m="43563" /><F3/><W2/><G32/><T135/><D113/><U83/><E129/><V27/><F4/><W8/><G2/><T57/><D118/><N who="2" m="45066" /><F27/><W54/><G41/><T5/><D5/><U128/><E127/><V29/><F29/><W46/><G0/><T38/><D38/><U1/><E128/><V88/><F124/><W10/><G69/><T58/><D17/><U21/><E1/><V31/><F31/><W11/><G61/><T133/><D92/><U116/><E116/><V36/><F36/><W93/><G93/><T6/><D6/><U35/><E35/><V53/><F53/><W104/><G104/><T47/><D47/><U26/><REACH who="1" step="1"/><E89/><REACH who="1" step="2"/><V45/><F121/><W44/><G44/><T30/><D74/><U71/><E71/><V25/><F45/><W78/><G78/><T40/><D76/><U60/><E60/><V56/><F75/><W131/><G131/><T22/><D79/><U16/><AGARI ba="1,3" hai="13,14,16,21,26,52,59,62,63,65,68,81,82,83" machi="16" ten="30,8000,1" yaku="1,1,0,1,54,2,53,1" doraHai="95" doraHaiUra="12" who="1" fromWho="1" sc="279,-21,265,113,189,-41,237,-21" /><INIT seed="3,0,0,2,2,120" ten="258,378,148,216" oya="3" hai0="83,38,98,20,22,61,85,2,6,134,11,54,24" hai1="113,65,100,124,80,17,49,12,14,42,23,51,99" hai2="67,41,79,119,106,104,111,32,131,8,89,7,101" hai3="97,28,123,36,110,18,82,55,5,88,25,126,33" shuffle="mt19937ar,56A2550F,030C23C0,C0725A8B,96C262DC,29F1AB89,AA33C30B,1F89B16B,C186FBA4"/><W13/><G36/><T103/><D38/><U75/><E113/><V109/><F119/><W77/><G123/><T0/><D0/><U127/><E65/><V58/><F32/><W57/><G126/><N who="1" m="48170" /><E42/><V53/><F41/><W130/><G130/><T87/><D134/><U52/><E12/><V47/><F131/><W95/><G5/><T129/><D87/><U35/><E35/><V94/><F79/><W73/><G110/><N who="2" m="41993" /><F67/><W93/><G93/><T135/><D83/><U71/><E52/><V4/><F47/><W118/><G118/><T59/><D85/><U69/><E71/><V29/><F29/><W72/><G13/><T3/><D135/><U96/><E69/><V84/><F101/><W44/><G44/><T48/><D129/><U21/><E21/><V16/><F16/><W15/><G82/><T121/><D22/><U114/><E99/><V108/><N who="2" m="42001" /><V76/><DORA hai="46" /><F76/><W117/><G77/><T132/><D20/><U39/><E39/><V31/><F31/><W90/><G90/><T45/><D98/><U105/><E114/><V81/><F94/><W62/><G117/><T66/><D103/><U68/><E68/><V50/><F8/><AGARI ba="0,0" hai="8,15,18,25,28,33,55,57,62,72,73,88,95,97" machi="8" ten="30,2900,0" yaku="7,1,54,1" doraHai="120,46" who="3" fromWho="2" sc="258,0,378,0,148,-29,216,29" /><INIT seed="3,1,0,3,3,75" ten="258,378,119,245" oya="3" hai0="29,117,34,118,28,16,56,80,135,122,8,51,127" hai1="134,18,94,103,39,97,126,63,104,53,47,68,78" hai2="69,25,71,45,22,130,91,62,88,128,23,77,38" hai3="124,26,98,11,131,12,46,129,55,30,1,114,70" shuffle="mt19937ar,742CBB33,F5AC29C7,A5DC3718,DA4238A3,F1CDD3F6,D2D5B795,E6CD5595,166274D4"/><W107/><G70/><T19/><D122/><U10/><E126/><V36/><F25/><W133/><G114/><T82/><D118/><U101/><E78/><V72/><F72/><W102/><G124/><T115/><D127/><U123/><E123/><V113/><F45/><W49/><G1/><T20/><D117/><U57/><E68/><V85/><F85/><W119/><G119/><T121/><D121/><U66/><E134/><V52/><F62/><W111/><G133/><T132/><D115/><U83/><E83/><V79/><REACH who="2" step="1"/><F52/><REACH who="2" step="2"/><W74/><G74/><T24/><D135/><U110/><E53/><V99/><F99/><W61/><G61/><T81/><D132/><U40/><E97/><V14/><F14/><W106/><G12/><T7/><D24/><U92/><E47/><V15/><F15/><W0/><G11/><T76/><D8/><U5/><E10/><V3/><F3/><W89/><G0/><T108/><D81/><U60/><E63/><V96/><F96/><W105/><G89/><T90/><D80/><U73/><E60/><V109/><F109/><W42/><G111/><T59/><D82/><U120/><E73/><V64/><F64/><W2/><G2/><T6/><D108/><U67/><E66/><V84/><F84/><W32/><G55/><T125/><D125/><U48/><E67/><V54/><F54/><W112/><G112/><AGARI ba="1,1" hai="22,23,36,38,69,71,77,79,88,91,112,113,128,130" machi="112" ten="25,12000,2" yaku="1,1,22,2,52,2,54,1,53,0" doraHai="75" doraHaiUra="93" who="2" fromWho="3" sc="258,0,378,0,109,133,245,-123" owari="258,1,378,38,242,-11,122,-28" /></mjloggm>