<mjloggm ver="2.3"><GO type="185"/><UN n0="%E3%81%B5%E3%81%8F%EF%BC%A3%EF%BD%88%EF%BD%81%EF%BD%8E%E2%99%AA" n1="%E7%B1%B3%E5%85%89%E5%80%B6%E6%A5%BD%E9%83%A8" n2="%E5%83%8D%E3%81%8D%E3%81%9F%E3%81%8F%E3%81%AA%E3%81%84" n3="" dan="17,16,17,0" rate="2196,2170,2181,1500" sx="F,F,M,C"/><TAIKYOKU oya="0"/><INIT seed="0,0,0,2,3,118" ten="350,350,350,0" oya="0" hai0="80,134,73,0,54,48,2,65,50,103,127,131,83" hai1="38,37,47,32,53,94,40,121,109,62,3,1,123" hai2="74,128,84,111,39,52,110,112,119,77,98,92,79" hai3="" shuffle="mt19937ar,5EC336B6,F56C87B9,2F9B06BB,B2E0A987,A54BD8DB,E0274650,FE66B599,ACF1A2C7"/><T70/><D134/><U135/><N who="1" m="31008" /><U93/><N who="1" m="31520" /><U69/><E32/><V87/><F39/><T114/><D103/><U120/><N who="1" m="30752" /><U64/><E38/><V104/><F119/><T125/><D73/><U36/><E36/><V51/><F112/><T97/><D114/><U85/><E135/><V100/><F128/><T49/><D131/><U115/><E115/><V117/><F117/><T99/><D54/><U116/><E116/><V88/><F87/><T46/><D46/><U45/><E109/><N who="2" m="41483" /><F74/><T86/><D70/><U95/><E85/><V67/><F67/><T35/><D65/><U78/><E78/><V96/><F84/><T41/><D86/><U72/><E72/><V130/><F130/><T75/><D75/><U89/><E89/><V76/><F76/><T129/><D129/><U90/><E90/><V63/><F63/><T107/><D99/><U66/><E66/><V59/><AGARI ba="0,0" hai="51,52,59,77,79,88,92,96,98,100,104" m="41483" machi="59" ten="30,3000,0" yaku="14,1,54,2" doraHai="118" who="2" fromWho="2" sc="350,-20,350,-10,350,30,0,0" /><INIT seed="1,0,0,4,0,96" ten="330,340,380,0" oya="1" hai0="114,39,115,41,70,124,88,83,111,122,108,80,71" hai1="100,113,89,76,126,55,32,121,129,117,68,50,63" hai2="102,97,91,35,81,101,67,135,36,59,75,2,128" hai3="" shuffle="mt19937ar,220F6CCA,FCD06873,A85F58BB,A10F315D,F9230E13,28A01A0B,05F98D97,698A4A49"/><U79/><N who="1" m="31008" /><U105/><E32/><V52/><F2/><T33/><N who="0" m="31264" /><T84/><D33/><U125/><E117/><V43/><F35/><T123/><N who="0" m="31520" /><T72/><D124/><N who="1" m="47723" /><E113/><N who="0" m="43017" /><D41/><U48/><E89/><V99/><F67/><T66/><D39/><U130/><E68/><V58/><F58/><T104/><D66/><U61/><E50/><V98/><F91/><T109/><D104/><U127/><E127/><V110/><F36/><T37/><D37/><U42/><E42/><V65/><F43/><T34/><D34/><U119/><E119/><V73/><F59/><T86/><D72/><U1/><E1/><V132/><F75/><T51/><D51/><U49/><E49/><V134/><F73/><T118/><D118/><U40/><E40/><V56/><F134/><T54/><D54/><U94/><E105/><V85/><F135/><T0/><D0/><U44/><E63/><V60/><F60/><T62/><D62/><U116/><E61/><V82/><F132/><T38/><D38/><U74/><E116/><V78/><F65/><T3/><D3/><U90/><E74/><V112/><F112/><T69/><D88/><U57/><E90/><V87/><F52/><T92/><D92/><U106/><E94/><RYUUKYOKU ba="0,0" sc="330,20,340,-10,380,-10,0,0" hai0="69,70,71,80,83,84,86,108,109,111" /><INIT seed="2,1,0,4,2,103" ten="350,330,370,0" oya="2" hai0="36,102,72,33,113,90,126,127,116,44,109,42,89" hai1="112,86,131,80,45,76,114,50,40,129,62,130,49" hai2="34,35,125,104,97,41,128,117,55,88,133,73,98" hai3="" shuffle="mt19937ar,9063F5B9,DC110789,B801B678,085E9939,1DF915B3,947DC159,958849F8,54AB9495"/><V79/><F117/><T134/><D33/><U107/><E62/><V2/><F2/><T94/><D116/><U123/><N who="1" m="31520" /><U110/><E110/><V95/><F128/><T39/><D109/><U78/><E78/><V83/><F125/><T118/><D72/><U67/><E67/><V32/><F133/><T37/><D134/><U91/><E50/><V108/><F108/><T71/><D71/><U66/><E66/><V70/><F70/><T135/><D135/><U101/><E76/><V111/><F111/><T47/><D113/><U85/><E85/><V105/><F41/><T115/><D115/><U119/><E119/><V52/><REACH who="2" step="1"/><F98/><AGARI ba="1,0" hai="40,45,49,80,86,91,98,101,107,112,114,129,130,131" m="31520" machi="98" ten="40,5200,0" yaku="19,1,52,2" doraHai="103" who="1" fromWho="2" sc="350,0,330,54,370,-54,0,0" /><INIT seed="4,0,0,0,4,94" ten="350,384,316,0" oya="0" hai0="84,63,99,3,68,86,129,105,117,44,53,125,116" hai1="135,109,71,133,55,48,108,51,74,81,57,87,102" hai2="59,120,65,69,107,52,127,76,91,0,40,32,131" hai3="" shuffle="mt19937ar,A6ADF616,9816DD11,6EB6213D,4E25C84E,AC075D3B,2469B0BD,E8B27EA7,1F273C0B"/><T119/><D3/><U95/><E71/><V37/><N who="2" m="30752" /><V35/><F0/><T96/><D125/><U115/><E74/><V121/><N who="2" m="31008" /><V49/><F127/><T118/><N who="0" m="29696" /><DORA hai="61" /><T110/><D110/><U122/><N who="1" m="31264" /><U58/><E115/><V104/><F131/><T98/><D105/><U78/><E95/><V72/><F91/><T134/><D134/><N who="1" m="51211" /><E102/><V123/><N who="2" m="31520" /><V113/><F113/><T73/><D73/><U112/><E112/><V43/><F107/><T126/><D126/><U38/><E38/><V77/><F104/><T54/><D129/><U39/><E39/><V130/><F130/><T45/><D68/><U128/><E128/><V83/><F37/><T1/><D1/><U90/><E78/><V67/><F76/><T64/><D64/><U34/><E34/><V33/><REACH who="2" step="1"/><F67/><REACH who="2" step="2"/><T41/><D41/><U47/><E109/><V62/><AGARI ba="0,1" hai="32,33,35,40,43,49,52,59,62,65,69,72,77,83" m="31520,31008,30752" machi="62" ten="40,12000,3" yaku="1,1,2,1,0,1,52,4,54,1,53,2" doraHai="94,61" doraHaiUra="60,50" who="2" fromWho="2" sc="350,-80,384,-40,306,130,0,0" /><INIT seed="5,0,0,4,4,59" ten="270,344,436,0" oya="1" hai0="70,89,128,132,124,2,34,57,58,117,78,75,35" hai1="106,104,88,43,112,41,125,40,114,115,44,110,63" hai2="80,133,51,48,103,102,86,33,54,126,0,97,37" hai3="" shuffle="mt19937ar,F97A4364,D3437842,E9BE886D,A30388FE,37D24754,E95B3F75,D1013B2B,614D7AD9"/><U118/><E118/><V67/><F33/><T93/><D2/><U79/><E79/><V39/><F0/><T119/><D70/><U55/><E110/><V87/><F126/><T85/><D124/><U101/><E125/><V121/><N who="2" m="31008" /><V36/><F133/><T77/><D132/><U135/><E135/><V108/><F108/><T49/><D75/><U109/><E109/><V105/><F103/><T107/><D107/><U129/><E129/><V56/><F67/><T38/><D58/><U122/><N who="1" m="31264" /><U65/><E88/><V32/><F32/><T100/><D100/><U45/><E101/><V116/><F116/><T66/><D128/><U123/><N who="1" m="31520" /><U113/><N who="1" m="28672" /><DORA hai="72" /><U91/><E91/><V42/><F80/><T92/><D34/><U83/><E55/><V62/><F42/><T46/><D35/><U95/><E95/><V71/><F71/><T134/><D93/><U96/><E83/><V82/><REACH who="2" step="1"/><F87/><REACH who="2" step="2"/><T60/><D134/><U81/><E81/><V53/><F53/><T76/><D119/><U52/><E52/><V1/><F1/><T94/><D117/><U127/><E127/><V68/><F68/><T47/><D85/><U50/><E40/><V69/><F69/><T131/><D131/><RYUUKYOKU ba="0,1" sc="270,-10,344,-10,426,20,0,0" hai2="36,37,39,48,51,54,56,62,82,86,97,102,105" /><INIT seed="6,1,1,4,3,127" ten="260,334,446,0" oya="2" hai0="41,101,110,134,92,49,48,90,83,72,46,59,116" hai1="33,56,38,128,62,105,111,64,104,32,42,54,124" hai2="51,115,107,47,133,66,98,91,103,94,81,44,126" hai3="" shuffle="mt19937ar,9D62EA08,51AF60AD,7216313F,0A0C489D,3313BD11,96FE720A,6B009C25,F118400E"/><V106/><F126/><T109/><D116/><U119/><E124/><V61/><F133/><T77/><D134/><U121/><N who="1" m="31008" /><U95/><E119/><V123/><N who="2" m="31520" /><V122/><N who="2" m="31264" /><V37/><F115/><T84/><D59/><U78/><E111/><V69/><F37/><T39/><D109/><U88/><E78/><V85/><F44/><T50/><D39/><U102/><E102/><V70/><F70/><T58/><D58/><U113/><E113/><V99/><F98/><T76/><D110/><U130/><E64/><V74/><F74/><T89/><D77/><U55/><E55/><AGARI ba="1,1" hai="47,51,55,61,66,69,81,85,91,94,99,103,106,107" m="31264,31520" machi="55" ten="30,5800,0" yaku="7,1,52,2" doraHai="127" who="2" fromWho="1" sc="260,0,334,-60,446,70,0,0" owari="260,-34,274,-13,516,47,0,0" /></mjloggm>