<mjloggm ver="2.3"><GO type="225"/><UN n0="%E9%95%B7%E6%9D%91%E3%83%93%E3%83%83%E3%82%B0" n1="%74%63%61%30%30" n2="%23%37%34%E5%A4%A7%E6%B2%BB%E9%83%8E" n3="%73%69%64%65" dan="16,16,16,17" rate="2081,2035,2069,2100" sx="M,M,M,M"/><TAIKYOKU oya="0"/><INIT seed="0,0,0,0,1,46" ten="250,250,250,250" oya="0" hai0="40,94,20,0,50,1,37,9,84,7,124,130,131" hai1="14,66,99,123,80,23,4,76,49,125,109,39,133" hai2="117,119,88,93,118,91,103,96,28,51,10,61,105" hai3="67,44,22,97,90,78,116,21,12,85,82,75,57" shuffle="mt19937ar,AAA00217,A5701A45,C854823D,E03C0BD7,C208444F,8123E86E,FC513B07,1AA3B2E1"/><T101/><D37/><U86/><E39/><V63/><F28/><W65/><G116/><T121/><D121/><U83/><E123/><V77/><F77/><W47/><G75/><T92/><D124/><U113/><E125/><V11/><F91/><W26/><G12/><T2/><D20/><U32/><E32/><V41/><F61/><N who="3" m="38063" /><G67/><T42/><D101/><U64/><E113/><V48/><F63/><W36/><G36/><T115/><D115/><U5/><E133/><V8/><F41/><W54/><G54/><T62/><D62/><U95/><E83/><V17/><F17/><N who="3" m="12591" /><G22/><T111/><D111/><U134/><E109/><V112/><F112/><W72/><G72/><T129/><D84/><AGARI ba="0,0" hai="8,10,11,48,51,84,88,93,96,103,105,117,118,119" machi="84" ten="50,8000,1" yaku="12,1,52,2,54,1" doraHai="46" who="2" fromWho="0" sc="250,-80,250,0,250,80,250,0" /><INIT seed="1,0,0,4,5,38" ten="170,250,330,250" oya="1" hai0="99,37,21,84,5,77,14,29,103,86,85,131,40" hai1="92,67,96,49,116,130,64,30,51,70,83,2,18" hai2="124,61,126,111,102,52,95,115,46,81,42,16,53" hai3="43,73,34,75,27,79,33,31,122,108,121,123,112" shuffle="mt19937ar,4284AF5F,A688996A,48ED16A8,E1237113,BD02EA6C,62A3D3B3,A36B94BB,3E353D5E"/><U35/><E2/><V0/><F0/><W109/><G112/><T127/><D127/><N who="2" m="48682" /><F115/><W117/><G117/><T101/><D131/><U39/><E116/><V44/><F111/><N who="3" m="42571" /><G79/><T7/><D77/><U104/><E39/><N who="2" m="21599" /><F81/><W65/><G65/><T47/><D101/><U36/><E36/><V12/><F61/><W22/><G43/><T80/><D80/><U129/><E83/><V105/><F105/><W20/><G20/><T50/><D37/><U23/><E104/><V11/><F46/><W82/><G82/><T88/><D103/><N who="1" m="60807" /><E64/><V87/><F87/><W28/><G28/><T120/><D120/><U89/><E89/><V9/><F9/><W106/><G106/><T125/><D125/><U74/><E74/><AGARI ba="0,0" hai="22,27,31,33,34,73,74,75,121,122,123" m="42571" machi="74" ten="40,1300,0" yaku="14,1" doraHai="38" who="3" fromWho="1" sc="170,0,250,-13,330,0,250,13" /><INIT seed="2,0,0,2,1,93" ten="170,237,330,263" oya="2" hai0="76,129,46,87,116,114,54,11,86,101,22,40,53" hai1="128,67,51,78,115,111,65,90,15,102,130,13,105" hai2="118,124,131,96,26,119,123,75,32,79,104,19,44" hai3="74,64,18,43,94,134,112,48,132,16,72,55,29" shuffle="mt19937ar,E0F98D99,F8727DA0,E3106A50,8D4263C2,0D682932,4A61868E,699500A7,7C674359"/><V103/><F123/><W14/><G43/><T3/><D114/><U8/><E115/><V89/><F124/><W91/><G112/><T33/><D33/><U20/><E111/><V34/><F131/><N who="1" m="50217" /><E78/><V61/><F44/><N who="3" m="28039" /><G29/><T60/><D129/><U122/><E122/><V73/><F34/><W36/><G36/><T7/><D116/><U31/><E90/><V83/><F73/><W30/><G30/><T85/><D22/><U82/><E82/><V21/><F32/><W120/><G64/><N who="1" m="24650" /><E51/><V41/><F61/><W127/><G120/><T92/><D76/><U27/><E8/><V69/><F69/><W45/><G45/><T39/><REACH who="0" step="1"/><D60/><REACH who="0" step="2"/><U135/><E135/><V133/><F133/><W84/><G134/><T81/><D81/><U113/><E113/><V63/><F63/><W10/><G132/><T109/><D109/><U4/><E4/><V5/><F5/><W80/><G80/><T24/><D24/><U121/><E121/><V6/><F6/><W56/><G74/><T88/><D88/><U100/><E100/><V71/><F119/><W125/><G72/><T35/><D35/><U23/><E23/><V12/><F118/><W117/><G117/><T110/><D110/><U107/><E102/><V50/><F26/><W25/><G25/><T47/><D47/><U17/><E31/><V95/><F103/><W62/><G127/><T28/><D28/><U97/><E27/><V99/><F89/><W37/><G125/><T38/><D38/><U68/><E20/><V2/><F21/><W106/><G37/><T70/><D70/><U98/><E68/><RYUUKYOKU ba="0,1" sc="160,30,237,-10,330,-10,263,-10" hai0="3,7,11,39,40,46,53,54,85,86,87,92,101" /><INIT seed="3,1,1,3,0,115" ten="190,227,320,253" oya="3" hai0="127,13,118,86,78,55,23,1,80,29,98,46,24" hai1="104,5,74,14,123,16,39,135,88,110,75,112,66" hai2="71,31,81,77,30,102,108,20,73,106,67,133,18" hai3="69,72,53,6,38,65,101,116,59,25,28,120,97" shuffle="mt19937ar,32021485,82956254,809CDC64,D293287B,A4FBD6AD,12DC7490,0325FA56,B8DFFFEC"/><W37/><G120/><T94/><D1/><U41/><E112/><V21/><F133/><W124/><G72/><T34/><D127/><U62/><E123/><V50/><F108/><W0/><G124/><T8/><D34/><U22/><E104/><V91/><F21/><W85/><G85/><T51/><D118/><U76/><E110/><V40/><F91/><W60/><G116/><T96/><REACH who="0" step="1"/><D94/><REACH who="0" step="2"/><U27/><E135/><V92/><F92/><W58/><G0/><T35/><D35/><U111/><E111/><V107/><F107/><W119/><G119/><T52/><D52/><U36/><E41/><V68/><F40/><W93/><G53/><T63/><D63/><U126/><E126/><V95/><F95/><W54/><G54/><T103/><D103/><U90/><E62/><V12/><F102/><W87/><G60/><T129/><D129/><U64/><E66/><V99/><F106/><W44/><G93/><T11/><D11/><U32/><E64/><V117/><F67/><W89/><G101/><T43/><D43/><U132/><E132/><V33/><F117/><W83/><G65/><T17/><AGARI ba="1,2" hai="8,13,17,23,24,29,46,51,55,78,80,86,96,98" machi="17" ten="20,5200,0" yaku="1,1,0,1,7,1,8,1,53,0" doraHai="115" doraHaiUra="121" who="0" fromWho="0" sc="180,75,227,-14,320,-14,253,-27" owari="255,1,213,-19,306,30,226,-12" /></mjloggm>