<mjloggm ver="2.3"><GO type="185"/><UN n0="%E7%B1%B3%E5%85%89%E5%80%B6%E6%A5%BD%E9%83%A8" n1="%E7%A5%9E%E9%80%9F%E2%98%85%2E%63%6F%6D" n2="%E6%84%9F%E8%AC%9D%E3%81%A7%E3%81%99" n3="" dan="16,17,17,0" rate="2182,2187,2220,1500" sx="F,M,M,C"/><TAIKYOKU oya="0"/><INIT seed="0,0,0,4,5,116" ten="350,350,350,0" oya="0" hai0="76,85,122,109,115,54,123,41,44,61,104,83,68" hai1="114,32,94,105,2,99,125,95,56,117,112,49,131" hai2="108,0,3,53,37,38,47,118,71,97,80,69,64" hai3="" shuffle="mt19937ar,EE83944C,14273FEC,D688E0F1,6C769A4E,607CE623,972EE473,C30CC1D8,1FE0F134"/><T52/><N who="0" m="31264" /><T63/><N who="0" m="31520" /><T82/><D104/><U50/><E2/><V113/><F118/><T42/><D115/><U92/><E117/><V48/><F113/><T33/><D33/><U86/><E32/><V111/><F97/><T77/><D109/><U58/><E112/><V98/><F98/><T102/><D102/><U101/><E114/><V129/><F129/><T75/><D68/><U106/><E131/><V62/><F80/><T55/><REACH who="0" step="1"/><D42/><REACH who="0" step="2"/><U84/><E105/><V70/><F0/><T78/><D78/><U1/><E1/><V130/><F3/><T51/><AGARI ba="0,1" hai="41,44,51,52,54,55,61,63,75,76,77,82,83,85" m="31520,31264" machi="51" ten="30,12000,2" yaku="1,1,0,1,52,4,54,1,53,0" doraHai="116" doraHaiUra="103" who="0" fromWho="0" sc="340,130,350,-60,350,-60,0,0" /><INIT seed="0,1,0,2,2,0" ten="470,290,290,0" oya="0" hai0="62,2,96,42,65,44,39,70,112,56,133,115,95" hai1="34,131,87,134,120,127,111,73,68,123,103,63,3" hai2="47,64,1,86,55,50,36,59,74,119,57,40,72" hai3="" shuffle="mt19937ar,BBDA451D,E1FE0E56,49DDED57,94415AD1,C4AB16BE,81E582E1,3C7A8A36,A47E3A77"/><T105/><D2/><U122/><RYUUKYOKU type="yao9" ba="1,0" sc="470,0,290,0,290,0,0,0" hai1="3,34,63,68,73,87,103,111,120,122,123,127,131,134" /><INIT seed="0,2,0,5,0,49" ten="470,290,290,0" oya="0" hai0="100,84,32,114,134,40,74,39,55,112,101,0,59" hai1="35,120,34,124,128,97,52,135,65,117,75,44,76" hai2="116,89,110,54,67,53,73,122,121,80,71,90,113" hai3="" shuffle="mt19937ar,AB7C2D59,2E25C1EE,9CE860D5,54200752,D68BB0EA,88F5FDD9,D1636EE7,32386C76"/><T43/><D0/><U56/><N who="1" m="30752" /><U62/><E117/><V81/><N who="2" m="31008" /><V72/><N who="2" m="31264" /><V79/><F113/><T92/><D74/><U119/><E119/><V86/><F116/><T133/><D32/><U58/><E124/><V111/><F71/><T47/><D43/><U41/><E128/><V126/><F67/><T106/><D106/><U1/><E1/><V115/><F115/><T104/><D104/><U102/><E135/><N who="0" m="51721" /><D100/><U129/><E129/><V3/><F3/><T109/><D109/><N who="2" m="41482" /><F126/><T118/><D118/><U46/><E76/><V82/><F73/><T69/><D69/><U91/><E75/><V33/><F33/><T48/><D101/><U105/><E91/><AGARI ba="2,0" hai="39,40,47,48,55,59,84,91,92,112,114" m="51721" machi="91" ten="30,2900,0" yaku="20,1,52,1" doraHai="49" who="0" fromWho="1" sc="470,33,290,-33,290,0,0,0" /><INIT seed="0,3,0,5,5,45" ten="503,257,290,0" oya="0" hai0="37,78,113,42,53,56,88,125,74,134,55,54,46" hai1="100,70,50,58,114,95,110,130,68,119,39,108,86" hai2="80,89,92,52,99,33,135,93,72,97,102,105,79" hai3="" shuffle="mt19937ar,25175236,4C3B3C2D,05223D2B,CFCC48A1,F5675C38,73F91820,13BB4EFD,B6BAEE1F"/><T129/><D113/><U59/><E119/><V43/><F33/><T63/><D129/><U32/><E32/><V38/><F135/><T127/><D134/><U111/><E39/><V0/><F0/><T60/><D88/><U132/><E114/><V1/><F1/><T3/><D3/><U49/><E132/><V133/><F133/><T82/><REACH who="0" step="1"/><D60/><REACH who="0" step="2"/><U51/><E130/><V124/><F89/><T75/><D75/><U34/><E34/><V47/><F72/><T112/><D112/><U98/><E86/><V65/><F102/><T81/><D81/><U35/><E35/><V84/><F80/><T2/><D2/><U57/><AGARI ba="3,1" hai="49,50,51,57,58,59,68,70,95,98,100,108,110,111" machi="57" ten="40,9000,2" yaku="0,1,29,2,14,1,52,3" doraHai="45" who="1" fromWho="1" sc="493,-63,257,106,290,-33,0,0" /><INIT seed="1,0,0,0,1,133" ten="430,363,257,0" oya="1" hai0="84,130,126,125,52,105,46,109,100,53,45,93,88" hai1="51,96,121,75,78,85,42,103,38,70,106,58,108" hai2="104,107,86,2,95,66,63,34,47,71,80,39,60" hai3="" shuffle="mt19937ar,FA7B4428,21BE2188,7DDFB47B,E84E76CD,31A7BD91,518A09EE,F47A18C4,22D85863"/><U115/><N who="1" m="31008" /><U74/><E115/><V55/><F2/><T89/><D130/><U113/><E113/><V110/><F34/><T67/><D67/><U35/><E35/><V132/><F132/><T73/><D73/><U44/><E70/><V64/><F110/><T68/><D68/><U83/><E108/><V62/><F95/><T43/><D45/><U48/><E75/><V54/><F62/><T101/><D89/><U118/><E118/><V59/><F107/><T122/><N who="0" m="31264" /><T1/><D1/><U56/><E56/><V65/><F104/><T102/><D105/><U76/><E76/><V79/><F66/><T111/><D111/><U91/><REACH who="1" step="1"/><E58/><REACH who="1" step="2"/><V32/><F32/><T131/><D109/><U61/><E61/><V33/><F33/><T97/><D131/><U120/><N who="1" m="30752" /><U90/><E90/><V92/><F71/><T99/><D101/><U117/><E117/><V94/><F60/><T127/><D100/><U69/><E69/><V41/><F63/><T98/><D102/><U114/><E114/><V135/><F59/><T123/><N who="0" m="31520" /><T129/><D129/><U134/><E134/><V36/><F79/><T124/><D124/><U49/><E49/><AGARI ba="0,1" hai="43,46,49,52,53,84,88,93,97,98,99,125,126,127" m="31520,31264" machi="49" ten="50,16000,3" yaku="18,1,52,5,54,2" doraHai="133" who="0" fromWho="1" sc="430,170,353,-160,257,0,0,0" /><INIT seed="2,0,0,3,1,73" ten="600,193,257,0" oya="2" hai0="58,113,61,0,109,37,44,125,86,51,47,67,36" hai1="45,117,89,114,42,104,98,3,56,135,69,132,111" hai2="105,46,63,121,38,39,50,59,79,87,2,49,1" hai3="" shuffle="mt19937ar,AB046887,49B326B1,3FAEE51A,1099F5AE,E4FC0755,64DB1D5F,3E5AB46C,D9466A07"/><V66/><N who="2" m="31008" /><V91/><F105/><T128/><D0/><U95/><E3/><V53/><F79/><T130/><D113/><U72/><E69/><V52/><F2/><T40/><D86/><U64/><E114/><V103/><F103/><T74/><D74/><U99/><E117/><V119/><F119/><T65/><D109/><U76/><E111/><V108/><F108/><T92/><D92/><U106/><E64/><V101/><F101/><T115/><D115/><U102/><E56/><V107/><F107/><T32/><D32/><U80/><REACH who="1" step="1"/><E106/><REACH who="1" step="2"/><V55/><F1/><T96/><D67/><U88/><E88/><V97/><F97/><T81/><D96/><U133/><E133/><V33/><F33/><T83/><D125/><U110/><E110/><V100/><F100/><T60/><D60/><U68/><E68/><V122/><N who="2" m="31264" /><V116/><F116/><T70/><D70/><U48/><AGARI ba="0,1" hai="42,45,48,72,76,80,89,95,98,99,102,104,132,135" machi="48" ten="30,5900,0" yaku="1,1,0,1,52,1,53,1" doraHai="73" doraHaiUra="90" who="1" fromWho="1" sc="600,-20,183,69,257,-39,0,0" /><INIT seed="4,0,0,4,5,89" ten="580,252,218,0" oya="0" hai0="73,49,1,85,101,86,90,95,61,82,71,51,106" hai1="107,55,42,104,109,127,0,44,126,97,69,33,59" hai2="115,112,118,124,57,135,83,39,108,45,113,134,58" hai3="" shuffle="mt19937ar,B2DC230D,F240FD5C,064FE5FC,8DDD87A8,F8B843AD,56C50100,0A81A001,E7C4267A"/><T70/><D1/><U60/><E0/><V63/><F83/><T75/><D61/><U92/><E33/><V111/><F124/><T88/><D106/><U131/><E109/><V3/><F3/><T40/><D101/><U133/><E131/><V94/><F94/><T100/><D100/><U102/><E133/><N who="2" m="50699" /><F118/><T78/><D73/><U72/><E72/><V43/><F57/><T38/><D38/><U65/><E126/><V81/><F81/><T54/><D40/><U110/><E110/><V37/><F37/><T122/><N who="0" m="31264" /><T77/><D49/><U35/><E35/><V34/><F34/><T68/><REACH who="0" step="1"/><D75/><REACH who="0" step="2"/><U36/><E127/><V116/><F116/><T84/><D84/><U50/><AGARI ba="0,1" hai="36,42,44,50,55,59,60,65,69,92,97,102,104,107" machi="50" ten="20,6000,1" yaku="0,1,7,1,24,2,52,1" doraHai="89" who="1" fromWho="1" sc="570,-40,252,70,218,-20,0,0" /><INIT seed="5,0,0,3,0,71" ten="530,322,198,0" oya="1" hai0="118,40,37,61,74,128,63,93,50,55,53,33,98" hai1="75,135,87,113,107,105,81,1,117,90,52,122,42" hai2="97,45,44,48,46,92,104,62,111,77,112,35,127" hai3="" shuffle="mt19937ar,CC765677,C4A584E9,36D3A0A7,11266C69,B8427DA3,138142AD,D19EF7CB,E0E6C2F9"/><U86/><N who="1" m="31264" /><U89/><E1/><V69/><F35/><T126/><D74/><U51/><E117/><V115/><F111/><T88/><D33/><U65/><E75/><V76/><F104/><T49/><D128/><U83/><E135/><V68/><F48/><T66/><D126/><U60/><E42/><V130/><F130/><T119/><D37/><U47/><E113/><N who="2" m="43595" /><F127/><T2/><D2/><U103/><E103/><V39/><F39/><T101/><D101/><U99/><E99/><V67/><F69/><AGARI ba="0,0" hai="47,51,52,60,65,69,81,83,86,87,89,90,105,107" m="31264" machi="69" ten="30,11600,0" yaku="7,1,9,1,52,1,54,1" doraHai="71" who="1" fromWho="2" sc="530,0,322,116,198,-116,0,0" /><INIT seed="5,1,0,2,1,56" ten="530,438,82,0" oya="1" hai0="51,103,69,70,96,35,93,61,124,97,113,33,112" hai1="79,38,105,66,45,37,121,49,78,43,46,119,108" hai2="50,95,86,129,109,114,74,55,3,100,83,107,90" hai3="" shuffle="mt19937ar,6F8726AD,62750E0A,1825CAB2,630CA583,32B65A20,D2E1446B,DCC64CEF,38AEBC0C"/><U36/><N who="1" m="31008" /><U64/><E64/><V92/><F3/><T75/><D75/><U135/><E119/><V132/><F109/><T118/><D118/><U53/><E105/><V126/><F132/><T133/><D51/><U99/><E108/><V44/><F129/><T102/><D124/><U59/><E135/><V116/><F116/><T98/><D133/><U76/><E99/><V106/><F126/><T87/><D87/><U134/><E134/><V77/><REACH who="2" step="1"/><F114/><REACH who="2" step="2"/><N who="0" m="44138" /><D97/><AGARI ba="1,1" hai="44,50,55,74,77,83,86,90,92,95,97,100,106,107" machi="97" ten="40,2600,0" yaku="1,1,53,1" doraHai="56" doraHaiUra="81" who="2" fromWho="0" sc="530,-28,438,0,72,38,0,0" /><INIT seed="6,0,0,1,2,98" ten="502,438,110,0" oya="2" hai0="50,107,38,112,102,117,96,135,88,33,69,113,115" hai1="78,71,1,91,32,120,124,119,122,73,68,105,61" hai2="40,134,131,52,106,49,125,83,127,103,100,43,132" hai3="" shuffle="mt19937ar,4BDB1885,BD416A28,E26EE0D1,25888C3E,1B897885,F342C79B,95589938,87BA6598"/><V64/><F64/><T51/><D38/><U70/><E1/><V87/><F106/><T123/><N who="0" m="31520" /><T101/><D33/><U86/><E32/><V130/><F43/><T62/><D117/><U45/><E119/><V63/><F40/><T48/><D135/><N who="2" m="51754" /><F63/><T2/><D2/><U133/><E105/><V53/><F87/><T108/><D108/><U74/><E71/><V59/><F83/><T46/><D102/><N who="2" m="38954" /><F53/><T111/><D111/><U42/><E133/><V114/><F114/><T84/><D62/><U57/><E70/><V95/><F95/><T89/><D69/><U36/><E68/><V76/><F76/><T97/><D97/><U60/><E120/><V35/><F35/><T80/><D89/><U104/><E104/><V44/><F44/><AGARI ba="0,0" hai="44,46,48,50,51,80,84,88,96,101,107,112,113,115" m="31520" machi="44" ten="50,8000,1" yaku="15,1,11,1,52,2,54,1" doraHai="98" who="0" fromWho="2" sc="502,80,438,0,110,-80,0,0" owari="582,53,438,4,30,-57,0,0" /></mjloggm>