<mjloggm ver="2.3"><GO type="185"/><UN n0="%E3%81%B5%E3%81%8F%EF%BC%A3%EF%BD%88%EF%BD%81%EF%BD%8E%E2%99%AA" n1="%E4%B8%89%E7%94%B0%E6%9D%91%E8%8C%9C" n2="%E5%83%8D%E3%81%8D%E3%81%9F%E3%81%8F%E3%81%AA%E3%81%84" n3="" dan="17,17,17,0" rate="2139,2190,2193,1500" sx="F,F,M,C"/><TAIKYOKU oya="0"/><INIT seed="0,0,0,4,2,72" ten="350,350,350,0" oya="0" hai0="85,59,90,117,70,119,82,77,118,133,58,107,64" hai1="93,61,87,115,57,101,94,127,62,96,36,45,60" hai2="66,68,106,104,98,121,79,35,41,103,112,128,74" hai3="" shuffle="mt19937ar,78CFEF6B,1CB60EFA,79FC06D5,9983E248,39A01945,A4F025AF,EFF673F5,4FBA7D3E"/><T109/><D107/><U34/><E34/><V75/><N who="2" m="31008" /><V53/><F112/><T32/><D32/><U65/><E115/><V81/><F35/><T95/><D133/><U55/><E127/><V89/><F106/><T43/><D109/><U46/><E36/><V52/><F75/><T84/><D70/><U116/><E116/><V3/><F3/><T132/><D64/><U33/><E33/><V130/><F41/><T97/><D132/><U135/><E135/><V69/><F89/><T51/><D43/><U0/><E0/><V102/><F102/><T100/><REACH who="0" step="1"/><D51/><REACH who="0" step="2"/><U73/><E65/><V42/><F42/><T114/><D114/><U63/><E73/><V105/><F105/><T122/><N who="0" m="31264" /><T124/><D124/><U120/><N who="1" m="30752" /><U38/><E38/><V50/><F66/><T54/><D54/><U83/><REACH who="1" step="1"/><E94/><REACH who="1" step="2"/><V76/><F104/><T129/><D129/><U40/><E40/><V113/><F130/><T1/><D1/><U88/><AGARI ba="0,2" hai="45,46,55,57,60,61,62,63,83,87,88,93,96,101" m="30752" machi="88" ten="30,9000,2" yaku="1,1,0,1,8,1,52,1,54,1,53,1" doraHai="72" doraHaiUra="86" who="1" fromWho="1" sc="340,-60,340,110,350,-30,0,0" /><INIT seed="1,0,0,3,4,2" ten="280,450,320,0" oya="1" hai0="71,37,122,101,111,60,123,108,78,65,59,86,100" hai1="3,73,113,79,119,69,44,104,36,103,124,97,128" hai2="96,54,102,93,84,89,39,1,67,87,130,47,45" hai3="" shuffle="mt19937ar,AFCD38CF,05C820F6,914D8619,C3649F98,33B8FA41,C5728A33,6084ED2A,83A39293"/><U76/><RYUUKYOKU type="yao9" ba="0,0" sc="280,0,450,0,320,0,0,0" hai1="3,36,44,69,73,76,79,97,103,104,113,119,124,128" /><INIT seed="1,1,0,5,3,71" ten="280,450,320,0" oya="1" hai0="1,131,85,35,43,65,86,74,44,120,125,101,80" hai1="2,3,135,127,73,60,33,124,119,59,72,79,128" hai2="91,32,133,108,95,123,102,41,50,111,36,39,89" hai3="" shuffle="mt19937ar,8343F6DF,A61D3B4D,214035F8,5609D8CD,BBE97647,5A5040A3,64035A01,9EAD5D8C"/><U126/><E119/><V81/><N who="2" m="31520" /><V105/><F32/><T37/><N who="0" m="30752" /><T109/><D35/><U58/><E33/><V130/><F130/><T53/><D1/><N who="1" m="11" /><E128/><V114/><F133/><T93/><D131/><U68/><E135/><V132/><F132/><T56/><D65/><U40/><E40/><V55/><F105/><T82/><D74/><N who="1" m="28779" /><E79/><V51/><F102/><T100/><D93/><U98/><E98/><V134/><F114/><T46/><D43/><U113/><E113/><V92/><F81/><T112/><D112/><U70/><E58/><V121/><N who="2" m="31008" /><V61/><F134/><T54/><D56/><U83/><E83/><V110/><F41/><T76/><D76/><U122/><N who="1" m="31264" /><U62/><E60/><V63/><F110/><T52/><D109/><U75/><N who="1" m="28787" /><U117/><DORA hai="129" /><E117/><V49/><F51/><T104/><D82/><U88/><E88/><V87/><F87/><T67/><D80/><U115/><E115/><V47/><F47/><T106/><D85/><U94/><E94/><V34/><F34/><T38/><D86/><U118/><E118/><V57/><F57/><T90/><D90/><U66/><AGARI ba="1,0" hai="59,62,66,68,70,124,126,127" m="31264,28787,11" machi="66" ten="50,3200,0" yaku="18,1,52,1" doraHai="71,129" who="1" fromWho="1" sc="280,-17,450,34,320,-17,0,0" /><INIT seed="1,2,0,2,5,71" ten="263,484,303,0" oya="1" hai0="130,3,127,39,76,106,43,78,85,133,54,114,74" hai1="101,96,120,102,94,59,97,48,69,0,95,64,37" hai2="62,36,110,35,40,90,84,57,91,124,58,44,2" hai3="" shuffle="mt19937ar,79113491,34E89BEF,1B11A32C,3DD2B78A,11BB4C43,1A034897,D2A801E5,71CC0A7B"/><U63/><N who="1" m="30752" /><U52/><REACH who="1" step="1"/><E37/><REACH who="1" step="2"/><V123/><N who="2" m="31520" /><V75/><F36/><T32/><D85/><U88/><E88/><V51/><F84/><T107/><D76/><U134/><E134/><V34/><F91/><T72/><D78/><U46/><E46/><V38/><F90/><T60/><D54/><U132/><E132/><V108/><F38/><T77/><D77/><U129/><E129/><V118/><F44/><T104/><D43/><U116/><E116/><V111/><F118/><T56/><D56/><U42/><E42/><V70/><F58/><T73/><D133/><U105/><E105/><V50/><F57/><T131/><D39/><U47/><E47/><V99/><F40/><T53/><D53/><U93/><E93/><V66/><F110/><T117/><D131/><U126/><E126/><V115/><F111/><T1/><D107/><U89/><E89/><V83/><F124/><T92/><D127/><U122/><N who="1" m="31264" /><U80/><E80/><V55/><F83/><T109/><D130/><U119/><E119/><V125/><F55/><T67/><D106/><U87/><E87/><V68/><F125/><T49/><D104/><U81/><E81/><V121/><N who="2" m="31008" /><V128/><F108/><T33/><D109/><RYUUKYOKU ba="2,1" sc="263,-10,474,20,303,-10,0,0" hai1="0,48,52,59,63,64,69,94,95,96,97,101,102" /><INIT seed="1,3,1,0,0,99" ten="253,494,293,0" oya="1" hai0="117,68,60,44,63,39,38,75,48,124,34,67,125" hai1="119,120,2,52,0,84,113,130,42,1,64,45,41" hai2="114,101,65,53,123,98,106,43,121,83,69,91,134" hai3="" shuffle="mt19937ar,D8BB4E58,4BFEE312,AB08AABD,07011993,42979011,A8590361,2CCAA7B8,345B165C"/><U122/><N who="1" m="30752" /><U36/><N who="1" m="31264" /><U94/><E119/><V115/><N who="2" m="31008" /><V87/><N who="2" m="31520" /><V100/><F134/><T118/><D75/><U104/><E113/><N who="2" m="43019" /><F43/><T129/><D63/><U33/><E104/><V74/><F100/><T55/><D129/><U47/><E130/><V71/><F65/><T103/><D103/><U77/><E64/><V32/><F32/><T88/><D88/><U66/><E33/><V131/><F131/><T49/><D48/><U56/><E66/><V133/><F133/><T127/><REACH who="0" step="1"/><D34/><REACH who="0" step="2"/><U128/><E128/><V50/><F74/><T112/><D112/><U132/><E132/><V126/><F126/><T116/><AGARI ba="3,2" hai="38,39,44,49,55,60,67,68,116,117,118,124,125,127" machi="116" ten="40,12000,3" yaku="1,1,0,1,12,1,18,1,34,3,53,1" doraHai="99" doraHaiUra="59" who="0" fromWho="0" sc="243,146,494,-83,293,-43,0,0" /><INIT seed="2,0,0,3,4,50" ten="389,411,250,0" oya="2" hai0="92,81,65,76,102,39,95,57,1,121,78,96,45" hai1="108,98,66,47,38,132,63,54,107,94,119,2,32" hai2="73,48,46,71,128,34,131,103,83,116,84,56,33" hai3="" shuffle="mt19937ar,38DC7043,6E9C5853,93605316,90082D67,94263F04,BE0C6531,1910FCA2,405FF4E4"/><V91/><F71/><T133/><N who="0" m="31008" /><T61/><D1/><U64/><E119/><V42/><F116/><T124/><D124/><U115/><E107/><V44/><F73/><T113/><D113/><U88/><E115/><V70/><F70/><T55/><D133/><U80/><E32/><V58/><F103/><T79/><D92/><U120/><N who="1" m="30752" /><U43/><E132/><V68/><F68/><T87/><REACH who="0" step="1"/><D65/><REACH who="0" step="2"/><U36/><E2/><V106/><F106/><T126/><D126/><U122/><E64/><V53/><F33/><T105/><D105/><U74/><E66/><V130/><REACH who="2" step="1"/><F34/><REACH who="2" step="2"/><T3/><D3/><U62/><E122/><V72/><F72/><T67/><D67/><U41/><E74/><V85/><F85/><T90/><D90/><U60/><E88/><V69/><F69/><T82/><D82/><U114/><E80/><V112/><F112/><T104/><D104/><U118/><E114/><V0/><F0/><T101/><D101/><U75/><E75/><V59/><F59/><T89/><D89/><U110/><E118/><V111/><F111/><T127/><D127/><U51/><E110/><V117/><F117/><T52/><D52/><U100/><E108/><V37/><AGARI ba="0,2" hai="37,42,44,46,48,53,56,58,83,84,91,128,130,131" machi="37" ten="30,7800,0" yaku="1,1,0,1,19,1,52,1,53,0" doraHai="50" doraHaiUra="109" who="2" fromWho="2" sc="379,-39,411,-39,240,98,0,0" /><INIT seed="2,1,0,2,2,67" ten="340,372,338,0" oya="2" hai0="46,2,96,133,90,126,0,115,70,42,80,135,76" hai1="127,121,98,35,109,48,123,87,111,95,65,119,33" hai2="1,38,113,117,130,78,40,63,73,131,120,134,91" hai3="" shuffle="mt19937ar,CD42595D,EA50CC45,0082200E,8B1E6F32,6FB8F0E7,3B0150D0,50AFF912,10C8B0EB"/><V114/><N who="2" m="30752" /><V56/><F1/><T125/><D90/><U74/><N who="1" m="31008" /><U58/><N who="1" m="31520" /><U124/><E119/><V132/><F117/><T99/><D115/><N who="2" m="44042" /><F73/><T45/><D80/><U51/><E74/><V60/><F78/><T110/><D76/><U128/><E128/><N who="2" m="49195" /><F91/><T84/><D84/><U44/><E87/><V3/><F3/><T107/><D107/><U41/><E95/><V118/><F118/><T102/><D102/><U39/><E98/><V50/><F38/><T82/><D82/><U53/><E33/><V94/><F94/><T75/><D75/><U47/><E35/><V36/><F36/><T97/><D99/><U88/><E88/><V106/><F106/><T34/><D97/><U93/><E93/><V54/><F40/><T68/><D96/><U43/><REACH who="1" step="1"/><E65/><REACH who="1" step="2"/><V77/><F77/><T66/><D66/><U62/><E62/><AGARI ba="1,1" hai="50,54,56,60,62,63,132,134" m="49195,44042,30752" machi="62" ten="40,12000,1" yaku="19,1,34,2,52,1" doraHai="67" who="2" fromWho="1" sc="340,0,362,-122,338,132,0,0" /><INIT seed="2,2,0,2,0,79" ten="340,240,470,0" oya="2" hai0="33,116,83,39,45,35,59,76,122,124,38,109,129" hai1="97,133,58,117,61,78,131,110,80,36,107,130,66" hai2="101,51,55,89,82,85,62,40,56,37,43,60,48" hai3="" shuffle="mt19937ar,5BD3A609,8539F538,959D911D,D9802A57,A43E56E6,B41E04D2,C41AA854,33DAAF5C"/><V87/><F37/><T81/><N who="0" m="31264" /><T121/><N who="0" m="31008" /><T73/><D116/><U67/><E117/><V125/><F125/><T75/><D124/><U119/><E36/><V46/><F101/><T132/><D132/><U128/><E133/><V102/><F40/><T53/><D129/><U63/><E119/><V134/><F102/><T68/><D68/><U112/><E112/><V64/><F134/><T42/><D39/><U86/><E110/><V135/><F135/><T99/><D109/><U50/><E50/><V0/><F0/><T65/><D65/><U1/><E1/><V126/><F126/><T69/><D69/><U111/><E111/><V44/><F62/><T47/><D99/><U32/><E32/><V57/><REACH who="2" step="1"/><F85/><REACH who="2" step="2"/><T106/><D33/><U103/><REACH who="1" step="1"/><E63/><REACH who="1" step="2"/><V71/><AGARI ba="2,2" hai="43,44,46,48,51,55,56,57,60,64,71,82,87,89" machi="71" ten="20,8000,1" yaku="1,1,2,1,0,1,7,1,52,1,53,0" doraHai="79" doraHaiUra="123" who="2" fromWho="2" sc="340,-42,230,-42,460,104,0,0" /><INIT seed="2,3,0,5,5,0" ten="298,188,564,0" oya="2" hai0="81,61,72,102,84,90,34,70,96,101,75,112,97" hai1="32,106,124,118,53,49,45,80,1,92,77,115,55" hai2="88,111,100,33,104,86,2,47,57,126,73,41,93" hai3="" shuffle="mt19937ar,1F31A9C6,C99DB62B,7BFB8A1B,40C83839,8AAFC9EB,FF35A361,9DF48014,FFFE3A3D"/><V110/><F2/><T129/><D70/><U120/><N who="1" m="30752" /><U68/><E118/><V40/><F73/><T43/><D43/><U128/><E115/><V127/><F33/><T42/><D42/><U60/><E1/><V133/><F133/><T122/><N who="0" m="31264" /><T87/><D61/><U64/><E32/><V3/><F3/><T107/><D34/><U116/><E106/><V71/><F71/><T98/><D112/><U108/><E116/><V89/><F89/><T36/><D36/><U69/><E128/><V130/><F130/><T78/><D129/><U39/><E124/><N who="2" m="47659" /><F57/><T54/><D54/><U103/><E69/><V135/><F135/><T74/><D102/><U48/><E39/><V65/><F65/><T76/><D76/><U63/><E103/><V132/><F132/><T94/><AGARI ba="3,0" hai="72,74,75,78,81,84,87,90,94,96,97,98,101,107" m="31264" machi="94" ten="30,12000,3" yaku="0,1,35,6,52,1" doraHai="0" who="0" fromWho="0" sc="298,126,188,-43,564,-83,0,0" /><INIT seed="4,0,0,5,5,64" ten="424,145,481,0" oya="0" hai0="117,45,92,80,59,48,32,53,66,83,81,57,96" hai1="108,44,2,40,73,1,121,129,91,101,75,3,62" hai2="70,49,126,34,69,42,130,72,56,95,74,103,133" hai3="" shuffle="mt19937ar,37E26C6A,9C587364,A7EBE489,658F73ED,51CCE039,C5DD3862,E13BC09F,8775467A"/><T50/><D117/><U132/><N who="1" m="31008" /><U0/><N who="1" m="0" /><DORA hai="43" /><U36/><E108/><V63/><F34/><T118/><D32/><U88/><E132/><V113/><F133/><T79/><D118/><U106/><E129/><V78/><F130/><T111/><D111/><U67/><E106/><V116/><F116/><T134/><D134/><U104/><E101/><V102/><F78/><T41/><D66/><U60/><E104/><V135/><F135/><T109/><D109/><U76/><E76/><V131/><F131/><T82/><D59/><U52/><E62/><V114/><F42/><T55/><D41/><U112/><E112/><V65/><F49/><T33/><D33/><U107/><E107/><V51/><F51/><T68/><D68/><U47/><E47/><V122/><N who="2" m="31264" /><V93/><F65/><T61/><D61/><U54/><E75/><V37/><F63/><T99/><REACH who="0" step="1"/><D92/><REACH who="0" step="2"/><U71/><REACH who="1" step="1"/><E73/><AGARI ba="0,1" hai="45,48,50,53,55,57,73,79,80,81,82,83,96,99" machi="73" ten="40,7700,0" yaku="1,1,2,1,52,1,53,0" doraHai="64,43" doraHaiUra="124,38" who="0" fromWho="1" sc="414,87,145,-77,481,0,0,0" /><INIT seed="4,1,0,1,4,75" ten="501,68,481,0" oya="0" hai0="0,55,43,106,98,97,40,127,84,72,104,134,53" hai1="80,116,92,105,90,51,88,66,115,91,63,121,108" hai2="110,3,86,120,46,70,32,49,85,68,82,99,47" hai3="" shuffle="mt19937ar,DF710241,9EF756B5,6494DB4A,61EDA149,6CBBA384,778EF4F7,1F48E533,7B1B9FBA"/><T2/><D72/><U107/><N who="1" m="31008" /><U36/><E36/><V81/><N who="2" m="30752" /><V87/><F32/><T48/><D134/><U67/><E116/><V133/><F110/><T74/><D74/><U128/><E108/><V62/><F133/><T41/><D127/><U117/><E117/><V114/><F3/><T131/><D131/><U1/><E128/><V58/><F114/><T78/><D84/><U109/><E115/><V125/><F125/><T135/><D135/><U73/><E109/><V129/><F129/><T94/><D78/><U89/><E1/><V64/><F47/><T65/><D65/><U56/><E51/><V100/><F70/><T112/><D112/><U130/><E130/><V122/><N who="2" m="31264" /><V123/><N who="2" m="31520" /><V126/><F68/><T83/><D83/><U50/><E50/><V52/><REACH who="2" step="1"/><F126/><REACH who="2" step="2"/><T119/><D119/><U101/><E67/><V54/><F54/><T113/><D113/><U69/><E69/><V38/><F38/><T93/><D40/><U111/><E111/><V103/><F103/><T132/><D132/><U57/><E101/><V124/><F124/><T33/><D33/><U95/><E56/><V45/><F45/><T71/><D71/><U39/><E39/><V118/><F118/><RYUUKYOKU ba="1,1" sc="501,10,68,-20,471,10,0,0" hai0="0,2,41,43,48,53,55,93,94,97,98,104,106" hai2="46,49,52,58,62,64,81,82,85,86,87,99,100" /><INIT seed="4,2,1,1,4,111" ten="511,48,481,0" oya="0" hai0="119,129,107,66,110,117,42,123,36,49,87,97,106" hai1="32,71,70,93,69,48,63,50,113,124,89,57,61" hai2="100,83,84,55,72,1,37,47,54,104,126,2,91" hai3="" shuffle="mt19937ar,2C377585,E5E418C4,DE8D13E2,448722B9,3EEAE762,F656499B,6BA8CFAC,6C43365C"/><T80/><N who="0" m="31520" /><T51/><D110/><U34/><E124/><V94/><F126/><T95/><D129/><U133/><E133/><V131/><F131/><T85/><D36/><U109/><E109/><V52/><F104/><T121/><N who="0" m="31008" /><T135/><D66/><U67/><E113/><V58/><F58/><T56/><D135/><U81/><E81/><V134/><F134/><T82/><D56/><U130/><E130/><V45/><F45/><T103/><D42/><U41/><E41/><V39/><F39/><T62/><D62/><U0/><E0/><V38/><F38/><T112/><D112/><U65/><E70/><V102/><F2/><T33/><D33/><U76/><E76/><V88/><F1/><T122/><N who="0" m="31264" /><T86/><D49/><U68/><E68/><V99/><REACH who="2" step="1"/><F72/><REACH who="2" step="2"/><T40/><D40/><AGARI ba="2,2" hai="37,40,47,52,54,55,83,84,88,91,94,99,100,102" machi="40" ten="40,8000,1" yaku="1,1,2,1,54,2,53,0" doraHai="111" doraHaiUra="35" who="2" fromWho="0" sc="511,-84,48,0,471,104,0,0" /><INIT seed="5,0,0,3,1,0" ten="427,48,575,0" oya="1" hai0="69,98,134,55,2,124,39,66,109,36,100,131,53" hai1="89,110,93,83,102,62,48,34,127,115,135,61,63" hai2="118,50,32,126,128,52,101,122,96,97,65,91,79" hai3="" shuffle="mt19937ar,AFA82871,FB0CF6A4,896AA895,2721D7B4,CD3FF771,FADD8653,3797FCC5,F9B78D7A"/><U81/><E115/><V74/><N who="2" m="31264" /><V49/><F32/><T60/><D2/><U121/><N who="1" m="31008" /><U85/><E34/><V51/><F118/><T3/><D98/><U95/><E135/><V113/><F128/><T46/><D100/><U125/><E110/><V112/><F126/><N who="1" m="48137" /><E48/><V38/><F38/><T56/><D3/><U132/><E132/><V72/><F65/><T129/><D134/><U123/><N who="1" m="31520" /><U87/><E102/><V54/><F50/><T106/><D124/><U133/><E133/><V41/><F101/><T67/><D109/><U94/><E89/><V59/><F91/><T47/><D106/><U117/><E117/><V77/><F41/><T88/><D88/><U70/><E70/><V1/><F1/><T45/><D131/><U82/><AGARI ba="0,0" hai="61,62,63,81,82,83,85,87,93,94,95" m="31520,48137,31008" machi="82" ten="40,12000,2" yaku="29,2,28,2,18,1,52,2" doraHai="0" who="1" fromWho="1" sc="427,-60,48,120,575,-60,0,0" /><INIT seed="5,1,0,0,3,67" ten="367,168,515,0" oya="1" hai0="128,39,94,126,60,37,120,112,59,0,38,122,80" hai1="103,89,64,3,124,61,90,125,81,95,123,52,34" hai2="131,45,75,32,99,113,92,127,54,87,1,115,135" hai3="" shuffle="mt19937ar,37EEC3D8,DDA04D42,F3383F8A,7367DCAD,C770042E,9F420B5E,769FC14A,014A3F76"/><U40/><N who="1" m="31520" /><U106/><E3/><V41/><F1/><T2/><N who="0" m="30752" /><T49/><N who="0" m="31264" /><T69/><D126/><N who="1" m="48747" /><E34/><V57/><F127/><T53/><D128/><U51/><E40/><V50/><F131/><T108/><D108/><U134/><E134/><V83/><F75/><T97/><D112/><U101/><E81/><V88/><F135/><T47/><D80/><U93/><E106/><V56/><F32/><T85/><D85/><U119/><E119/><V111/><F111/><T78/><D78/><U107/><E107/><V84/><F84/><T66/><REACH who="0" step="1"/><D47/><REACH who="0" step="2"/><U132/><E132/><V58/><F115/><T79/><D79/><U36/><E36/><V105/><F113/><T82/><D82/><U121/><N who="1" m="31008" /><U65/><E65/><V130/><F130/><T116/><D116/><U63/><E63/><V100/><F83/><T77/><D77/><U44/><E95/><V35/><F35/><T46/><D46/><U76/><E76/><V114/><F114/><T102/><AGARI ba="1,1" hai="0,2,37,38,39,49,53,59,60,66,69,94,97,102" m="31264,30752" machi="102" ten="30,12000,3" yaku="1,1,0,1,52,3,53,3" doraHai="67" doraHaiUra="71" who="0" fromWho="0" sc="357,132,168,-81,515,-41,0,0" /><INIT seed="6,0,0,5,2,74" ten="489,87,474,0" oya="2" hai0="86,68,83,84,124,43,66,129,50,87,134,97,32" hai1="110,1,120,72,59,114,34,135,94,70,116,111,81" hai2="104,33,101,67,47,113,131,77,99,117,88,38,54" hai3="" shuffle="mt19937ar,4797A0FF,DCB48BFB,88594944,20F1D900,06396E69,A1E08702,D065E7C7,8C28AFF4"/><V0/><F0/><T56/><D32/><U3/><E94/><V62/><F117/><T102/><D134/><U118/><E81/><V125/><F33/><T35/><D35/><U105/><E59/><V73/><F131/><T93/><D124/><U53/><E53/><V89/><F125/><T40/><D129/><U37/><E1/><V126/><F113/><T46/><D68/><U41/><E41/><V103/><F103/><T79/><D40/><U132/><E111/><V85/><F126/><T36/><D36/><U109/><E110/><V106/><F106/><T49/><D50/><U2/><E118/><V64/><F73/><T127/><D127/><U98/><E98/><V75/><F75/><T48/><D48/><U133/><E132/><V108/><F108/><T57/><D57/><U80/><E135/><V71/><F67/><T51/><D66/><U44/><E133/><V95/><F89/><T119/><D119/><U69/><E109/><V96/><F77/><T123/><N who="0" m="31520" /><T128/><D128/><U42/><E2/><V122/><N who="2" m="31264" /><V52/><REACH who="2" step="1"/><F96/><REACH who="2" step="2"/><T121/><N who="0" m="31008" /><T45/><D45/><U39/><N who="1" m="30752" /><U91/><E3/><V82/><F82/><T130/><D130/><U76/><E34/><RYUUKYOKU ba="0,1" sc="489,10,87,-20,464,10,0,0" hai0="43,46,49,51,56,79,83,84,86,87,93,97,102" hai2="38,47,52,54,62,64,71,85,88,95,99,101,104" /><INIT seed="6,1,1,0,0,44" ten="499,67,474,0" oya="2" hai0="93,108,112,47,68,105,89,96,40,126,110,52,35" hai1="98,53,85,132,46,107,118,66,80,32,106,79,114" hai2="83,33,37,88,87,129,104,115,76,1,56,39,121" hai3="" shuffle="mt19937ar,BF667E5B,06074A19,FB98D116,A16D6F8A,B5AFCDA0,D2538767,518153EE,E61B40F2"/><V120/><N who="2" m="30752" /><V63/><N who="2" m="31008" /><V36/><F33/><T55/><D35/><U102/><E46/><V125/><F1/><T62/><D126/><U103/><E66/><V99/><F125/><T91/><D112/><U49/><E53/><V54/><F115/><T0/><D0/><U131/><E49/><V34/><F129/><T50/><D105/><U48/><E48/><V122/><N who="2" m="31264" /><V74/><F34/><T82/><D68/><U124/><E32/><V113/><F113/><T58/><D110/><U109/><E124/><V60/><F104/><T101/><D108/><U51/><E131/><V92/><REACH who="2" step="1"/><F63/><REACH who="2" step="2"/><T127/><D127/><U116/><E114/><V59/><F59/><T78/><D40/><U111/><E109/><V135/><F135/><T70/><D70/><U97/><E111/><V61/><F61/><T2/><D2/><U90/><E132/><V67/><F67/><T38/><D38/><U3/><E3/><V133/><F133/><T123/><N who="0" m="31520" /><T128/><D128/><U43/><E106/><V100/><F100/><T86/><AGARI ba="1,2" hai="47,50,52,55,58,62,78,82,86,89,91,93,96,101" m="31520" machi="86" ten="20,9000,2" yaku="0,1,7,1,8,1,52,2,54,1" doraHai="44" who="0" fromWho="0" sc="499,112,67,-31,464,-61,0,0" owari="611,56,36,-56,403,0,0,0" /></mjloggm>