<mjloggm ver="2.3"><GO type="185"/><UN n0="%E7%B1%B3%E5%85%89%E5%80%B6%E6%A5%BD%E9%83%A8" n1="%E3%81%A8%E3%81%84%E3%81%A4%E3%81%BE%E3%81%99%E3%81%9F%E3%81%81%E2%99%AA" n2="%E4%B8%80%E6%9D%A1%E5%85%BC%E5%AE%9A%E2%99%AA" n3="" dan="16,16,16,0" rate="2170,2118,2148,1500" sx="F,M,M,C"/><TAIKYOKU oya="0"/><INIT seed="0,0,0,3,0,101" ten="350,350,350,0" oya="0" hai0="115,123,96,45,66,99,59,49,54,69,64,48,72" hai1="73,131,89,107,63,106,116,111,129,124,95,46,118" hai2="32,2,81,87,79,90,58,100,3,62,43,93,35" hai3="" shuffle="mt19937ar,A0B57673,5B01B225,53C8850B,94A4F145,F4E7059D,A87C2D28,711AB3DE,3DCD7C6D"/><T36/><N who="0" m="31520" /><T103/><D72/><U76/><E63/><V33/><F100/><T53/><D115/><U0/><E0/><V92/><F92/><T125/><D125/><U44/><E124/><V37/><F37/><T132/><D132/><U47/><E111/><V117/><F43/><T110/><D110/><U42/><E42/><V50/><F50/><T51/><D96/><U114/><E114/><V55/><REACH who="2" step="1"/><F117/><REACH who="2" step="2"/><T41/><D103/><U109/><E118/><V80/><F80/><T84/><D99/><AGARI ba="0,1" hai="2,3,32,33,35,55,58,62,79,81,87,90,93,99" machi="99" ten="40,2600,0" yaku="1,1,53,1" doraHai="101" doraHaiUra="57" who="2" fromWho="0" sc="350,-26,350,0,340,36,0,0" /><INIT seed="1,0,0,1,3,73" ten="324,350,376,0" oya="1" hai0="51,50,120,59,56,97,106,92,79,47,2,74,69" hai1="39,55,114,128,61,76,65,99,100,107,87,40,70" hai2="110,89,135,54,126,132,77,123,68,43,32,130,81" hai3="" shuffle="mt19937ar,58191AA1,FF8BCD5F,C25D361C,B2149FF8,B51BEC34,250CA1A3,76BC96E4,A2D70574"/><U85/><E114/><V71/><N who="2" m="31520" /><V103/><F32/><T116/><N who="0" m="30752" /><T46/><D2/><U57/><E128/><V93/><F130/><T58/><D106/><U0/><E0/><V88/><F43/><T84/><D69/><U35/><E35/><V62/><F110/><T117/><D74/><U52/><E76/><V91/><F126/><T102/><D84/><U64/><E64/><V63/><F54/><T127/><D79/><U105/><E105/><V34/><F34/><T94/><D127/><U131/><E131/><V1/><F1/><T37/><D37/><U67/><E67/><V60/><F103/><T49/><REACH who="0" step="1"/><D94/><REACH who="0" step="2"/><U38/><E38/><V101/><F93/><T104/><D104/><U3/><E3/><V113/><F113/><T115/><D115/><U66/><E87/><V108/><F108/><T118/><AGARI ba="0,1" hai="46,47,49,50,51,56,58,59,92,97,102,116,117,118" m="30752" machi="118" ten="40,12000,3" yaku="1,1,0,1,29,2,12,1,52,1,53,3" doraHai="73" doraHaiUra="44" who="0" fromWho="0" sc="314,130,350,-80,376,-40,0,0" /><INIT seed="2,0,0,5,5,134" ten="444,270,336,0" oya="2" hai0="52,98,83,125,57,42,66,104,72,89,91,2,34" hai1="101,47,44,45,105,102,127,132,69,46,39,109,118" hai2="96,37,130,85,41,88,92,55,40,126,124,129,82" hai3="" shuffle="mt19937ar,B587C3CC,89C64F78,81C236C5,D2B7D8E7,108858DB,697A109C,9EFA4882,087F4E49"/><V73/><F73/><T0/><D34/><U99/><E132/><V61/><F61/><T112/><D66/><U76/><E109/><V60/><F60/><T3/><D112/><U103/><E118/><V35/><F55/><T67/><D67/><U32/><E32/><V36/><F35/><T33/><D33/><U53/><E69/><V106/><F106/><T86/><D42/><N who="2" m="16490" /><F36/><T68/><D68/><U119/><E119/><V64/><F64/><T115/><D72/><U110/><E110/><V62/><F62/><T80/><D104/><U48/><E39/><V1/><F1/><T100/><D52/><U54/><E76/><V84/><F84/><T116/><D86/><U51/><REACH who="1" step="1"/><E127/><REACH who="1" step="2"/><N who="2" m="48683" /><F37/><T63/><D125/><U43/><E43/><V65/><F65/><T128/><D0/><U50/><E50/><V135/><F135/><T90/><D63/><U121/><N who="1" m="31008" /><U111/><E111/><V87/><F87/><T75/><D2/><U70/><E70/><V94/><F82/><T122/><D80/><U71/><E71/><V108/><F108/><T107/><D83/><U59/><AGARI ba="0,1" hai="44,45,46,47,48,51,53,54,59,99,101,102,103,105" m="31008" machi="59" ten="30,3000,0" yaku="1,1,0,1,52,1,53,0" doraHai="134" doraHaiUra="120" who="1" fromWho="1" sc="444,-10,260,40,336,-20,0,0" /><INIT seed="4,0,0,2,5,122" ten="434,300,316,0" oya="0" hai0="80,126,129,125,135,69,45,84,66,58,130,73,59" hai1="34,123,91,114,38,62,53,110,51,75,48,32,90" hai2="92,76,60,3,96,113,68,52,46,107,55,81,87" hai3="" shuffle="mt19937ar,B183ACF1,81C87BA8,12162982,B3B9CEBA,83B86A51,BD512C0F,10B44A09,E31B7B80"/><T42/><D73/><U79/><N who="1" m="31520" /><U103/><E38/><V88/><F3/><T118/><D118/><U112/><E103/><V47/><F113/><N who="1" m="43625" /><E62/><V108/><F108/><T65/><D84/><U102/><E102/><V111/><F111/><T97/><D80/><U85/><E75/><V101/><F68/><T35/><D97/><U50/><E53/><V86/><F60/><T132/><D35/><N who="1" m="13355" /><E110/><V41/><REACH who="2" step="1"/><F46/><REACH who="2" step="2"/><T57/><D69/><U121/><N who="1" m="31008" /><U93/><E93/><V128/><F128/><N who="0" m="49258" /><D45/><U33/><E33/><V77/><F77/><T134/><D42/><U98/><E98/><V1/><F1/><T82/><D82/><AGARI ba="0,1" hai="48,50,51,79,82,85,90,91" m="31008,13355,43625,31520" machi="82" ten="40,8000,1" yaku="15,1,11,1,52,2" doraHai="122" who="1" fromWho="0" sc="434,-80,300,90,306,0,0,0" /><INIT seed="5,0,0,3,2,61" ten="354,390,306,0" oya="1" hai0="50,83,130,131,123,37,75,132,129,72,58,62,96" hai1="36,76,45,82,99,40,117,68,0,73,44,32,127" hai2="87,2,80,55,118,134,67,121,101,92,114,85,110" hai3="" shuffle="mt19937ar,D085652B,5BFF9C68,97C203EA,8614008F,A8925C69,2CF22432,FAD192AB,3C60A52E"/><U65/><E32/><V86/><N who="2" m="31008" /><V90/><F2/><T70/><N who="0" m="31520" /><T107/><D37/><U126/><E0/><V133/><F110/><T97/><D132/><U88/><E117/><V125/><F118/><T103/><D97/><U91/><E44/><V115/><F55/><T49/><D70/><U112/><E112/><N who="2" m="43051" /><F67/><T81/><D83/><U64/><E68/><V66/><F66/><N who="1" m="25705" /><E99/><V3/><F3/><T48/><D81/><U111/><E111/><V109/><F125/><AGARI ba="0,0" hai="36,40,45,73,76,82,88,91,125,126,127" m="25705" machi="125" ten="30,12000,1" yaku="18,1,52,3,54,1" doraHai="61" who="1" fromWho="2" sc="354,0,390,120,306,-120,0,0" /><INIT seed="5,1,0,0,2,89" ten="354,510,186,0" oya="1" hai0="99,114,113,118,70,82,49,93,62,47,135,36,77" hai1="106,38,2,98,81,40,103,130,121,87,67,125,102" hai2="3,74,56,34,0,133,55,80,33,88,116,64,85" hai3="" shuffle="mt19937ar,F615F9ED,C79C7B25,50D76108,D3206743,253A7BDB,259E0F93,962A90CC,7582B66A"/><U52/><N who="1" m="31008" /><U96/><E2/><V108/><F116/><T97/><D36/><U131/><E67/><V53/><F108/><T95/><D118/><U104/><E125/><V107/><F107/><T68/><D62/><U86/><E52/><V59/><F64/><T1/><D1/><U65/><E65/><V60/><F133/><T100/><D135/><U132/><E132/><V109/><F109/><T94/><D49/><U43/><REACH who="1" step="1"/><E81/><REACH who="1" step="2"/><V46/><F3/><T48/><D70/><U58/><E58/><V119/><F119/><T75/><D68/><U32/><E32/><V83/><F0/><T63/><D63/><U72/><E72/><V73/><F46/><T69/><D69/><U90/><E90/><V105/><F73/><T127/><D127/><U79/><E79/><V57/><F57/><T44/><D44/><U41/><E41/><V76/><F33/><T92/><REACH who="0" step="1"/><D99/><REACH who="0" step="2"/><U128/><E128/><V35/><F35/><T117/><D117/><U134/><E134/><V111/><F34/><T129/><D129/><U39/><AGARI ba="1,2" hai="38,39,40,43,86,87,96,98,102,103,104,106,130,131" m="31008" machi="39" ten="25,8000,1" yaku="1,1,0,1,22,2,52,1,53,0" doraHai="89" doraHaiUra="123" who="1" fromWho="1" sc="344,-41,500,102,186,-41,0,0" /><INIT seed="5,2,0,1,2,111" ten="303,602,145,0" oya="1" hai0="78,57,33,43,105,93,112,102,95,79,122,85,65" hai1="53,75,100,44,83,40,115,108,73,106,107,41,114" hai2="101,89,97,51,99,132,66,124,0,120,61,87,60" hai3="" shuffle="mt19937ar,0190BDF3,D7FC53CA,021B002B,6C7870F4,58B42275,933B19D7,41E51FDC,D7654B29"/><U121/><N who="1" m="31008" /><U62/><E108/><V88/><N who="2" m="30752" /><V104/><F0/><T70/><N who="0" m="31264" /><T134/><D70/><U46/><E62/><V103/><F132/><T50/><D33/><U71/><E71/><V126/><F51/><T77/><D134/><U36/><E53/><V125/><F66/><T135/><D135/><U74/><E83/><V98/><F61/><T58/><D65/><U118/><E118/><V48/><F48/><T94/><D50/><U52/><E52/><V76/><F60/><T38/><D105/><U123/><N who="1" m="31520" /><U81/><E81/><V63/><F63/><T72/><D72/><U117/><E117/><V3/><F3/><T129/><D43/><U39/><E100/><V130/><F130/><T47/><D129/><U35/><E35/><V86/><F76/><T131/><D78/><U2/><E2/><V109/><F109/><T128/><D79/><U1/><E1/><V110/><F110/><T68/><D77/><U84/><E84/><V113/><F99/><T64/><D131/><U90/><E90/><V127/><F127/><T92/><D128/><U45/><E46/><V34/><F34/><T96/><D47/><U56/><E56/><V42/><F103/><T80/><D102/><RYUUKYOKU ba="2,0" sc="303,-10,602,20,145,-10,0,0" hai1="36,39,40,41,44,45,73,74,75,106,107,114,115" /><INIT seed="5,3,0,0,1,70" ten="293,622,135,0" oya="1" hai0="108,111,35,36,103,64,54,51,56,89,135,68,3" hai1="62,41,46,113,131,117,69,71,109,45,58,61,60" hai2="50,90,128,114,133,33,38,43,72,106,67,74,32" hai3="" shuffle="mt19937ar,38EDBCA9,AE6DA3BD,8DCF32F7,7FB9AC73,F90ECD43,7B4711FB,11A96119,491CD09D"/><U91/><E117/><V1/><F90/><T84/><D3/><U73/><E73/><V101/><F50/><T123/><N who="0" m="31520" /><T65/><D35/><U94/><E113/><V98/><F114/><T118/><D118/><U0/><E0/><V2/><F133/><T86/><D135/><U75/><E75/><V77/><F72/><T95/><D103/><U122/><N who="1" m="31264" /><U37/><E131/><V110/><F67/><T78/><D36/><U79/><E79/><V42/><F42/><T87/><D65/><U96/><E109/><V126/><F128/><T104/><D104/><U120/><N who="1" m="30752" /><U116/><E116/><V39/><F43/><T52/><D54/><U82/><E82/><V57/><F110/><T44/><D68/><U81/><E81/><V49/><F2/><T34/><D34/><U40/><E58/><V80/><F1/><T112/><D112/><U102/><E102/><V119/><F119/><T97/><D78/><U48/><AGARI ba="3,0" hai="37,40,41,45,46,48,60,61,62,69,71,91,94,96" m="30752,31264" machi="48" ten="30,7800,0" yaku="0,1,52,3" doraHai="70" who="1" fromWho="1" sc="293,-42,622,84,135,-42,0,0" /><INIT seed="5,4,0,1,0,57" ten="251,706,93,0" oya="1" hai0="72,64,83,75,121,59,131,62,48,69,95,120,101" hai1="1,116,85,44,39,107,105,76,42,132,38,51,111" hai2="68,97,124,52,123,49,37,3,0,2,117,80,77" hai3="" shuffle="mt19937ar,C66B037B,E34E4D6E,6FD754F9,0E133E93,B6F14CF1,EF43B019,002AFA88,B5C27167"/><U118/><E1/><V90/><N who="2" m="31520" /><V89/><F37/><T58/><N who="0" m="30752" /><T126/><N who="0" m="31008" /><T56/><D131/><U109/><E132/><V43/><F43/><T74/><D126/><U71/><E71/><V55/><F68/><T41/><D101/><U46/><E76/><V106/><F117/><N who="1" m="45161" /><E85/><V110/><F124/><T86/><D95/><U133/><E133/><V129/><F129/><T78/><D41/><U63/><E63/><V79/><F110/><N who="1" m="41993" /><E38/><V32/><F32/><T93/><REACH who="0" step="1"/><D93/><REACH who="0" step="2"/><U114/><E114/><V96/><F2/><T67/><D67/><U94/><E94/><V130/><F130/><T128/><D128/><U84/><E84/><V91/><F0/><T33/><D33/><U60/><E107/><V99/><F106/><T98/><D98/><U82/><E105/><V70/><F3/><T112/><D112/><U100/><E100/><V102/><F102/><T134/><D134/><U45/><E82/><V119/><F119/><T115/><D115/><U135/><E135/><V73/><F80/><T54/><AGARI ba="4,1" hai="48,54,56,58,59,62,64,69,72,74,75,78,83,86" m="31008,30752" machi="54" ten="40,6000,1" yaku="1,1,0,1,52,3,53,0" doraHai="57" doraHaiUra="108" who="0" fromWho="0" sc="241,78,706,-44,93,-24,0,0" /><INIT seed="6,0,0,4,0,33" ten="319,662,69,0" oya="2" hai0="108,132,68,60,36,32,73,89,114,111,94,118,104" hai1="59,75,121,72,52,48,38,101,65,1,95,88,98" hai2="80,124,47,103,130,83,50,3,63,120,99,56,96" hai3="" shuffle="mt19937ar,D78F8E07,3EB223C0,51A90193,F626DDB1,C0B4B104,B8607488,0F5DCE41,C9EB43FB"/><V78/><N who="2" m="30752" /><V66/><F3/><T87/><D89/><U85/><N who="1" m="31008" /><U102/><E38/><V107/><F130/><T82/><D94/><U112/><E112/><V34/><F124/><T42/><D87/><U76/><E76/><V54/><F34/><T61/><D60/><U125/><E125/><V67/><F99/><T74/><D61/><U116/><E116/><V126/><F126/><T133/><D82/><U71/><E1/><V97/><F97/><T55/><D42/><U100/><E98/><V70/><F70/><T37/><D55/><U2/><E2/><V119/><F119/><T129/><D37/><U92/><E92/><V109/><F109/><T45/><D45/><U81/><E81/><V62/><REACH who="2" step="1"/><F78/><REACH who="2" step="2"/><T86/><D111/><U51/><E71/><V131/><F131/><T0/><D132/><U79/><E79/><V115/><F115/><T93/><D86/><U134/><E134/><V117/><F117/><T128/><D128/><U58/><E65/><V113/><F113/><T57/><D57/><U40/><E59/><V64/><F64/><T123/><D93/><U41/><E58/><V49/><F49/><T43/><D0/><U46/><E51/><V127/><F127/><T135/><D129/><RYUUKYOKU ba="0,1" sc="319,-20,662,10,59,10,0,0" hai1="40,41,46,48,52,72,75,85,88,95,100,101,102" hai2="47,50,54,56,62,63,66,67,80,83,96,103,107" /><INIT seed="6,1,1,1,2,47" ten="299,672,69,0" oya="2" hai0="101,42,43,77,110,120,84,67,80,96,36,83,131" hai1="55,98,48,44,81,97,49,107,40,90,65,73,75" hai2="70,135,45,34,64,91,117,130,99,38,37,104,116" hai3="" shuffle="mt19937ar,E620D13E,D219DDAF,DFD1873F,8A87920E,4F76AC6D,D5D90EDF,469F0B4C,4D4C108B"/><V103/><F34/><T62/><N who="0" m="30752" /><T133/><D110/><U71/><E75/><V82/><F135/><T114/><D133/><U122/><N who="1" m="31264" /><U56/><E107/><V59/><F130/><T78/><D131/><U123/><N who="1" m="31520" /><U92/><E71/><V57/><F70/><T52/><D114/><U66/><REACH who="1" step="1"/><E98/><REACH who="1" step="2"/><V100/><F100/><T115/><D115/><U113/><E113/><V51/><F37/><T53/><D83/><U126/><E126/><V32/><F38/><T54/><D67/><U69/><E69/><V94/><F32/><T93/><D54/><U132/><E132/><V118/><F64/><T1/><D77/><AGARI ba="1,2" hai="40,44,48,49,55,56,65,66,73,77,81,90,92,97" m="31520,31264" machi="77" ten="40,12000,2" yaku="1,1,52,4,53,1" doraHai="47" doraHaiUra="79" who="1" fromWho="0" sc="299,-122,662,142,69,0,0,0" owari="177,-22,804,75,69,-53,0,0" /></mjloggm>