<mjloggm ver="2.3"><GO type="225"/><UN n0="%4E%6F%2E%32" n1="%E3%81%B5%E3%82%8B%E3%81%AD%E3%81%93%40%E4%BD%95%E5%88%87%E3%82%8B" n2="%E3%81%B6%E3%81%A3%E3%81%A8%E3%81%B3%E4%BE%8D" n3="%E3%82%88%E3%81%A3%E3%81%A1" dan="16,16,16,16" rate="2069,2072,2076,2079" sx="M,M,M,M"/><TAIKYOKU oya="0"/><INIT seed="0,0,0,2,0,0" ten="250,250,250,250" oya="0" hai0="71,106,49,135,77,46,67,117,86,17,42,11,101" hai1="78,19,3,33,60,31,1,85,80,76,72,65,82" hai2="8,120,75,50,54,13,29,97,15,98,27,43,12" hai3="96,14,18,9,7,58,63,70,111,134,26,21,81" shuffle="mt19937ar,7E249B4D,55CEDAF7,7E38188A,B5A9BA8F,AC58E68C,DC07B650,B1FDD0E8,B7AFE318"/><T41/><D117/><U94/><E19/><V133/><F75/><W131/><G70/><T22/><D135/><U109/><E109/><V132/><F43/><W124/><G134/><N who="2" m="51817" /><F120/><W128/><G124/><T118/><D118/><U90/><E31/><V10/><F98/><W56/><G111/><T5/><D106/><U127/><E33/><N who="2" m="20671" /><F97/><W95/><G81/><N who="0" m="47407" /><D101/><U103/><E103/><V79/><F79/><W107/><G107/><T44/><D71/><U68/><REACH who="1" step="1"/><E127/><REACH who="1" step="2"/><V89/><F89/><W2/><G128/><T119/><D119/><U100/><E100/><V47/><AGARI ba="0,1" hai="8,10,12,13,15,47,50,54" m="20671,51817" machi="47" ten="30,1100,0" yaku="20,1" doraHai="0" who="2" fromWho="2" sc="250,-5,240,-3,250,21,250,-3" /><INIT seed="1,0,0,5,1,41" ten="245,237,271,247" oya="1" hai0="7,109,14,33,89,21,12,103,113,38,94,117,19" hai1="85,0,124,86,106,83,66,75,111,43,108,37,20" hai2="97,104,3,120,118,58,92,128,63,5,1,2,56" hai3="110,11,133,131,36,134,98,101,62,77,29,116,59" shuffle="mt19937ar,DDD51EF7,49999407,2266CCF1,FBCEA308,22647957,FCB0DEEB,8D9F81EA,7BD583A0"/><U51/><E106/><V69/><F104/><W80/><G36/><T95/><D113/><U8/><E124/><V73/><F73/><W48/><G116/><T79/><D33/><U107/><E107/><V102/><F118/><W30/><G131/><T31/><D117/><U22/><E51/><V34/><F34/><W135/><G11/><T72/><D38/><U32/><E32/><V90/><F120/><W53/><G62/><T132/><D132/><U55/><E55/><V71/><F58/><W27/><G110/><N who="1" m="42026" /><E66/><V44/><F128/><W74/><G27/><T65/><D65/><U26/><E75/><V47/><F5/><W45/><REACH who="3" step="1"/><G59/><REACH who="3" step="2"/><T50/><D109/><U67/><E26/><V125/><F125/><W60/><G60/><T42/><D7/><N who="1" m="1127" /><E67/><V121/><F121/><W129/><G129/><T91/><D72/><U96/><E20/><V123/><F123/><W78/><G78/><T35/><D21/><U10/><E22/><V82/><F71/><W127/><G127/><T54/><D79/><U119/><E10/><V9/><F9/><W15/><G15/><T114/><D12/><U49/><E37/><V76/><F69/><W105/><AGARI ba="0,1" hai="29,30,45,48,53,74,77,80,98,101,105,133,134,135" machi="105" ten="30,7900,0" yaku="1,1,0,1,20,1,52,1,53,0" doraHai="41" doraHaiUra="70" who="3" fromWho="3" sc="245,-20,237,-39,271,-20,237,89" /><INIT seed="2,0,0,5,0,31" ten="225,198,251,326" oya="2" hai0="115,127,77,14,10,33,118,23,11,3,47,131,0" hai1="39,34,87,50,68,82,55,100,38,134,85,106,7" hai2="6,26,102,124,133,16,5,78,125,9,24,69,17" hai3="40,62,107,113,67,89,59,12,108,44,103,56,43" shuffle="mt19937ar,1FBB315A,224CC89A,A0A6571A,ADC093FF,E67C4D17,919C6C6E,DB260351,8E9E5867"/><V135/><F69/><W60/><G113/><T92/><D115/><U94/><E68/><V63/><F63/><W80/><G107/><T81/><D127/><N who="2" m="48714" /><F78/><W74/><G103/><T19/><D131/><U46/><E106/><V73/><F102/><W122/><G122/><T84/><D118/><U121/><E134/><N who="2" m="51211" /><F73/><W25/><G108/><T128/><D128/><U64/><E121/><V41/><F41/><W129/><G129/><T15/><D33/><U45/><E34/><V4/><F9/><W52/><G74/><T99/><D47/><U32/><E64/><V70/><F70/><W130/><G130/><T30/><D30/><U75/><E75/><V42/><F42/><W29/><G89/><T114/><D114/><U96/><E87/><V83/><F83/><W111/><G80/><T117/><D117/><U28/><E46/><V91/><F91/><W119/><G119/><T2/><D99/><U109/><E109/><V132/><N who="2" m="51219" /><V95/><DORA hai="27" /><F95/><W93/><G111/><T65/><D92/><U126/><E126/><V116/><F116/><W13/><G93/><T123/><D123/><U8/><E85/><V112/><F112/><W104/><G104/><T88/><D77/><U101/><E82/><V51/><F51/><N who="3" m="27039" /><G40/><T49/><D49/><U90/><E39/><V57/><F57/><W110/><G110/><T48/><D48/><U35/><E38/><V105/><F105/><W97/><G97/><T53/><D81/><U61/><E96/><V1/><F1/><W22/><AGARI ba="0,0" hai="12,13,22,25,29,52,56,59,60,62,67" m="27039" machi="22" ten="30,4000,0" yaku="8,1,52,1,54,1" doraHai="31,27" who="3" fromWho="3" sc="225,-10,198,-10,251,-20,326,40" /><INIT seed="3,0,0,0,5,76" ten="215,188,231,366" oya="3" hai0="88,120,127,38,54,79,40,21,61,39,49,132,133" hai1="15,32,117,78,103,91,98,24,63,71,97,53,17" hai2="119,109,26,1,8,55,14,114,95,122,2,123,72" hai3="115,68,124,135,16,34,70,83,12,13,25,30,86" shuffle="mt19937ar,693513C9,F5E86696,5BDD20AD,6A86778D,347050AC,826A913A,166F5845,2CBB4C03"/><W35/><G35/><T112/><D120/><N who="2" m="46122" /><F109/><W5/><G115/><T57/><D112/><U130/><E117/><V22/><F114/><W56/><G135/><N who="0" m="51787" /><D127/><U126/><E130/><V121/><F121/><W47/><G124/><T77/><D88/><U36/><E36/><N who="0" m="13865" /><D21/><U20/><E126/><V58/><F95/><W100/><G100/><T66/><D40/><U89/><E78/><V43/><F72/><W94/><G94/><T106/><D106/><U6/><E98/><V31/><F43/><W101/><G101/><T75/><D75/><U102/><E102/><V99/><F99/><W96/><G96/><T33/><D33/><U65/><E53/><V46/><F46/><AGARI ba="0,0" hai="46,49,54,57,61,66,77,79" m="13865,51787" machi="46" ten="30,1000,0" yaku="20,1" doraHai="76" who="0" fromWho="2" sc="215,10,188,0,231,-10,366,0" owari="225,-2,188,-21,221,-13,366,36" /></mjloggm>