<mjloggm ver="2.3"><GO type="225"/><UN n0="%E9%9E%8D" n1="%E4%B8%80%E6%96%B9%E9%80%9A%E8%A1%8C" n2="%74%63%61%30%30" n3="%E3%81%B5%E3%82%8B%E3%81%AD%E3%81%93%40%E4%BD%95%E5%88%87%E3%82%8B" dan="16,16,16,16" rate="2017,2047,2044,2068" sx="M,M,M,M"/><TAIKYOKU oya="0"/><INIT seed="0,0,0,2,5,51" ten="250,250,250,250" oya="0" hai0="10,45,120,121,76,66,8,98,43,69,3,86,40" hai1="115,78,54,92,21,1,128,73,14,118,49,82,103" hai2="62,44,130,48,64,35,6,38,37,2,72,126,36" hai3="135,30,110,114,124,0,106,9,16,132,77,47,5" shuffle="mt19937ar,3AAA9CA8,DBBB9969,BD01F16B,C4989A42,1B832ACA,F0BABCA7,7F4F72DC,F8816BEE"/><T34/><D34/><U108/><E1/><V127/><F72/><W122/><G114/><T81/><D40/><U20/><E118/><V26/><F6/><W129/><G106/><T57/><D69/><U79/><E115/><V55/><F2/><W111/><G77/><T97/><D120/><U131/><E79/><V17/><F17/><W89/><G122/><T13/><D3/><U67/><E67/><V100/><F100/><W125/><G89/><T84/><D121/><U59/><E108/><N who="3" m="41514" /><G30/><T52/><D66/><U119/><E119/><V15/><F15/><W23/><G47/><T116/><D116/><U93/><E93/><V85/><F85/><W31/><G31/><T46/><D86/><U33/><E33/><V102/><F102/><W101/><G101/><T56/><D56/><U11/><E92/><V96/><F96/><N who="0" m="36970" /><D43/><U58/><E103/><V50/><F26/><N who="3" m="14695" /><G129/><N who="1" m="49738" /><E59/><N who="2" m="36959" /><F35/><W60/><G60/><N who="0" m="35879" /><D8/><U90/><E90/><V95/><F95/><W63/><G63/><T105/><D105/><U134/><E134/><AGARI ba="0,0" hai="0,5,9,124,125,132,134,135" m="14695,41514" machi="134" ten="30,8000,1" yaku="20,1,14,1,34,2,54,1" doraHai="51" who="3" fromWho="1" sc="250,0,250,-80,250,0,250,80" /><INIT seed="1,0,0,0,0,32" ten="250,170,250,330" oya="1" hai0="92,95,13,130,7,35,53,100,128,16,120,28,15" hai1="133,38,8,88,84,10,40,4,103,3,44,81,97" hai2="93,131,22,29,124,11,34,76,106,47,89,56,78" hai3="67,122,63,60,65,12,54,14,85,87,55,68,125" shuffle="mt19937ar,2163BA7A,09BF609A,F2A8FF89,FDCAD857,FE1FC87F,D4DF8074,48850FA5,EED793BB"/><U1/><E133/><V36/><F106/><W134/><G134/><T102/><D120/><U57/><E57/><V82/><F124/><W62/><G125/><T51/><D28/><U114/><E114/><V117/><F34/><W41/><G41/><T31/><D31/><U86/><E86/><V109/><F117/><W132/><G132/><T75/><D35/><U50/><E38/><V119/><F119/><W105/><G105/><T66/><D66/><U25/><E25/><V20/><F131/><N who="0" m="50218" /><D7/><U52/><E40/><V96/><F109/><W5/><G5/><T104/><D75/><U48/><E48/><V127/><F127/><W0/><G0/><T123/><D123/><U21/><E21/><V37/><F78/><W112/><G112/><T39/><D39/><U45/><E45/><V24/><F47/><W101/><G122/><T72/><D72/><U26/><E26/><V69/><F69/><W27/><G27/><T126/><D126/><U49/><E49/><V64/><F22/><W94/><G68/><T129/><D129/><U30/><E30/><V108/><F11/><W18/><G67/><T91/><D104/><U107/><E10/><V19/><F29/><W99/><G65/><T118/><D118/><U59/><E44/><V71/><F71/><W77/><G14/><AGARI ba="0,0" hai="1,3,4,8,14,50,52,59,81,84,88,97,103,107" machi="14" ten="30,12000,1" yaku="7,1,52,2,54,2" doraHai="32" who="1" fromWho="3" sc="250,0,170,120,250,0,330,-120" /><INIT seed="1,1,0,4,5,60" ten="250,290,250,210" oya="1" hai0="29,69,0,45,6,77,120,38,52,99,47,51,63" hai1="13,87,95,131,25,4,94,98,43,68,1,36,3" hai2="18,48,130,32,132,88,71,109,7,10,100,5,59" hai3="20,65,30,50,57,49,76,119,121,16,135,75,62" shuffle="mt19937ar,94570364,A278F25F,EE77D562,95E68E77,5C8131C9,62F41536,A82DA0B0,F2A0A4F4"/><U122/><E122/><V126/><F32/><W108/><G121/><T91/><D120/><U31/><E68/><V14/><F71/><W93/><G108/><T107/><D77/><U104/><E104/><V117/><F117/><W64/><G119/><T23/><D0/><U11/><E131/><V79/><F130/><W42/><G135/><T84/><D6/><U115/><E115/><V78/><F132/><W53/><G30/><T15/><D38/><U101/><E36/><V106/><F126/><W96/><G76/><N who="2" m="29225" /><F100/><N who="3" m="60431" /><G75/><T129/><D129/><U97/><E43/><V2/><F2/><W8/><G8/><T124/><D29/><U28/><E87/><V112/><F106/><W22/><G22/><T125/><D99/><U81/><E31/><V56/><F109/><W55/><G42/><T102/><D102/><U21/><REACH who="1" step="1"/><E81/><REACH who="1" step="2"/><V86/><F112/><W90/><G90/><AGARI ba="1,1" hai="1,3,4,11,13,21,25,28,90,94,95,97,98,101" machi="90" ten="30,5800,0" yaku="1,1,2,1,7,1,53,0" doraHai="60" doraHaiUra="74" who="1" fromWho="3" sc="250,0,280,71,250,0,210,-61" /><INIT seed="1,2,0,3,2,66" ten="250,351,250,149" oya="1" hai0="104,2,132,79,5,73,9,129,115,40,46,74,130" hai1="53,97,1,33,35,65,13,20,112,17,72,126,60" hai2="89,90,108,125,15,63,95,70,114,51,49,19,120" hai3="24,103,3,100,94,121,22,37,87,98,31,29,4" shuffle="mt19937ar,9A7D69B6,5D3B77DB,B8BE0733,04B3F835,0E2C902A,87E3D652,486269E7,0C17BB69"/><U93/><E112/><V52/><F120/><W56/><G37/><N who="0" m="21775" /><D115/><U96/><E126/><V58/><F125/><W83/><G121/><T6/><D6/><U69/><E72/><N who="0" m="27753" /><D79/><U43/><E1/><V68/><F114/><W12/><G3/><T48/><D48/><U107/><E43/><V110/><F90/><W135/><G135/><T109/><D132/><U88/><REACH who="1" step="1"/><E53/><REACH who="1" step="2"/><V123/><F123/><W75/><G75/><T117/><D117/><U106/><E106/><V59/><F110/><W8/><G103/><AGARI ba="2,1" hai="13,17,20,33,35,60,65,69,88,93,96,97,103,107" machi="103" ten="40,7700,0" yaku="1,1,52,1,54,1,53,0" doraHai="66" doraHaiUra="78" who="1" fromWho="3" sc="250,0,341,93,250,0,149,-83" /><INIT seed="1,3,0,5,0,22" ten="250,434,250,66" oya="1" hai0="122,51,107,50,19,102,126,20,98,47,70,27,5" hai1="92,84,78,48,87,15,101,69,37,26,110,132,88" hai2="134,21,119,103,53,93,61,66,118,38,106,71,95" hai3="86,128,3,56,90,64,39,23,8,133,59,65,41" shuffle="mt19937ar,2296AE4C,628903A8,1E2F4E98,351166BE,96617039,9C183393,5B937FD5,D93E6D1A"/><U57/><E69/><V54/><F38/><W109/><G128/><T58/><D70/><U76/><E37/><V111/><F134/><W104/><G104/><T10/><D122/><U79/><E132/><V34/><F111/><W113/><G133/><T129/><D129/><U32/><E110/><V63/><F21/><W2/><G109/><T29/><D126/><U89/><E101/><V124/><F124/><W73/><G73/><T7/><D58/><U12/><E32/><V4/><F4/><W117/><G117/><T33/><D10/><U97/><E26/><V121/><F121/><W68/><G113/><T83/><D83/><N who="1" m="49279" /><E97/><V123/><F123/><W94/><G68/><T13/><REACH who="0" step="1"/><D51/><REACH who="0" step="2"/><U18/><E57/><V45/><F71/><W99/><G59/><T80/><D80/><U31/><E48/><V46/><F119/><W91/><G8/><T0/><D0/><U60/><E60/><V14/><F63/><W24/><G3/><T108/><D108/><U120/><E120/><V131/><F61/><W100/><G2/><T116/><D116/><U115/><E115/><V55/><F131/><W43/><G39/><T85/><D85/><U127/><E84/><V25/><F118/><W11/><G11/><T6/><D6/><U40/><E127/><V30/><F66/><N who="3" m="25707" /><G56/><T72/><D72/><U42/><E79/><V36/><F36/><W96/><G96/><T82/><D82/><U135/><E78/><V112/><F112/><W1/><G1/><T49/><D49/><U9/><E76/><V67/><F67/><W75/><G75/><T16/><D16/><RYUUKYOKU ba="3,1" sc="240,30,434,-10,250,-10,66,-10" hai0="5,7,13,19,20,27,29,33,47,50,98,102,107" /><INIT seed="2,4,1,5,1,94" ten="270,424,240,56" oya="2" hai0="19,34,21,31,43,128,76,134,59,71,32,122,9" hai1="22,12,79,13,4,48,104,67,66,131,24,69,8" hai2="53,109,95,81,44,117,106,119,5,84,107,37,86" hai3="78,0,114,55,113,93,88,26,121,46,96,25,56" shuffle="mt19937ar,D916237E,2A1DA4C8,A0792BF3,C6E36132,7949A12D,9659E1F2,B6D591B4,0A187607"/><V63/><F5/><W23/><G0/><T36/><D71/><U41/><E104/><N who="2" m="39979" /><F63/><N who="3" m="36255" /><G121/><T83/><D122/><U82/><E69/><V28/><F28/><W90/><G78/><T123/><D123/><U35/><E35/><V92/><F53/><W2/><G2/><T111/><D9/><U85/><E13/><V29/><F29/><W115/><G46/><T73/><D31/><N who="1" m="17815" /><E131/><V65/><F65/><W50/><G50/><T130/><D130/><U58/><E58/><V49/><F49/><W108/><G108/><T127/><D59/><U118/><E118/><N who="2" m="45067" /><F44/><AGARI ba="4,1" hai="4,8,12,41,44,48,66,67,79,82,85" m="17815" machi="44" ten="30,2000,0" yaku="25,1,8,1" doraHai="94" who="1" fromWho="2" sc="270,0,424,42,240,-32,56,0" /><INIT seed="3,0,0,5,1,65" ten="270,466,208,56" oya="3" hai0="20,42,89,117,24,5,46,97,88,25,68,79,76" hai1="63,67,119,70,3,108,28,16,39,40,1,14,72" hai2="8,84,22,69,11,9,37,126,15,18,61,93,101" hai3="120,23,53,10,32,87,94,62,127,56,26,66,130" shuffle="mt19937ar,D0BD8921,F39D973C,398A88E9,7A8C75F5,CC8AA749,3C4B5846,FF0F4475,E3867988"/><W132/><G120/><T122/><D122/><U128/><E72/><V4/><F37/><W91/><G127/><T123/><D123/><U125/><E108/><V83/><F126/><W58/><G130/><T74/><D117/><U113/><E125/><V78/><F101/><W7/><G32/><T98/><D68/><U41/><E128/><V48/><F93/><W38/><G38/><T100/><D5/><U2/><E113/><V107/><F107/><W33/><G33/><T30/><D25/><U106/><E106/><V0/><REACH who="2" step="1"/><F48/><REACH who="2" step="2"/><N who="3" m="30759" /><G132/><T114/><D114/><U35/><E41/><V31/><F31/><N who="3" m="17887" /><G7/><T71/><D100/><U131/><E35/><V49/><F49/><W105/><G105/><T90/><D30/><U17/><E28/><V129/><F129/><W29/><G29/><T124/><D124/><U13/><E2/><V121/><F121/><W75/><G75/><T86/><D74/><U59/><E70/><V134/><F134/><W54/><G10/><T99/><D71/><U21/><E119/><V135/><F135/><W19/><G19/><T55/><D20/><U133/><E21/><V95/><F95/><W51/><G51/><T103/><D103/><U57/><E16/><V12/><F12/><W45/><G45/><T47/><D47/><U110/><E17/><V77/><F77/><W36/><G36/><T104/><D104/><U73/><E39/><V60/><F60/><W64/><AGARI ba="0,1" hai="54,58,62,64,66,87,91,94" m="17887,30759" machi="64" ten="30,1500,0" yaku="8,1" doraHai="65" who="3" fromWho="3" sc="270,-5,466,-5,198,-5,56,25" /><INIT seed="3,1,0,0,1,116" ten="265,461,193,81" oya="3" hai0="32,33,120,50,12,60,10,68,135,7,127,102,45" hai1="129,52,122,134,113,41,110,85,91,31,79,126,18" hai2="47,20,77,64,28,14,65,43,92,94,6,72,11" hai3="101,86,58,124,78,130,34,13,37,105,123,119,4" shuffle="mt19937ar,34076363,23D455EA,6DBCFA17,3D99E05B,B1554B93,CF26FB4A,68119A76,0F9AF1A3"/><W71/><G119/><T100/><D127/><U109/><E122/><V56/><F77/><W23/><G71/><T103/><D135/><U15/><E134/><V74/><F74/><W112/><G34/><T70/><D120/><U99/><E113/><V5/><F72/><W62/><G123/><T118/><D118/><U49/><E129/><V106/><F106/><W128/><G112/><T87/><D70/><U89/><E126/><V30/><F56/><W26/><G37/><T93/><D68/><U76/><E41/><V40/><F20/><W57/><G124/><T66/><D66/><U8/><E31/><V9/><REACH who="2" step="1"/><F14/><REACH who="2" step="2"/><W46/><G46/><AGARI ba="1,1" hai="5,6,9,11,28,30,40,43,46,47,64,65,92,94" machi="46" ten="25,8000,1" yaku="1,1,2,1,22,2,8,1,53,0" doraHai="116" doraHaiUra="81" who="2" fromWho="3" sc="265,0,461,0,183,93,81,-83" owari="265,-8,461,45,276,3,-2,-40" /></mjloggm>