<mjloggm ver="2.3"><GO type="185"/><UN n0="%E5%83%8D%E3%81%8D%E3%81%9F%E3%81%8F%E3%81%AA%E3%81%84" n1="%E5%8D%81%E5%85%AD%E5%A4%9C%E2%80%A0%E5%92%B2%E5%A4%9C" n2="%E3%81%B5%E3%81%8F%EF%BC%A3%EF%BD%88%EF%BD%81%EF%BD%8E%E2%99%AA" n3="" dan="17,16,16,0" rate="2210,2168,2165,1500" sx="M,F,F,C"/><TAIKYOKU oya="0"/><INIT seed="0,0,0,4,1,52" ten="350,350,350,0" oya="0" hai0="40,110,107,88,35,93,128,94,46,118,68,80,36" hai1="38,132,60,79,51,129,49,102,112,131,123,63,55" hai2="33,126,101,99,69,50,124,130,97,1,81,120,37" hai3="" shuffle="mt19937ar,B6179C38,FAD046C6,5E3331F2,6CB0BD93,AE47663A,043D4AB5,787661A0,ACC702CA"/><T135/><D35/><U89/><N who="1" m="31520" /><U91/><E38/><V56/><N who="2" m="30752" /><V111/><F37/><T92/><D118/><U57/><E102/><V34/><F69/><T64/><D107/><U134/><E79/><V54/><F1/><T87/><D135/><N who="1" m="51755" /><E112/><V116/><F116/><T82/><D128/><N who="1" m="49227" /><E49/><V100/><F81/><T90/><D110/><U2/><E2/><V98/><F111/><T127/><D127/><N who="2" m="48682" /><F130/><T76/><REACH who="0" step="1"/><D80/><REACH who="0" step="2"/><U121/><N who="1" m="31008" /><U61/><AGARI ba="0,1" hai="51,55,57,60,61,63,89,91" m="31008,49227,51755,31520" machi="61" ten="40,9000,2" yaku="4,1,20,1,19,1,52,3" doraHai="52" who="1" fromWho="1" sc="340,-60,350,100,350,-30,0,0" /><INIT seed="1,0,0,1,4,127" ten="280,450,320,0" oya="1" hai0="34,69,45,114,105,76,59,96,61,32,62,113,101" hai1="110,53,35,93,65,124,103,63,2,44,33,70,3" hai2="49,133,123,58,47,36,82,130,85,121,111,81,87" hai3="" shuffle="mt19937ar,A9C5D7AC,E78FC149,3963F501,5B503BC4,D58E9E9D,FDC76458,2181831F,E6305F86"/><U98/><E124/><V104/><N who="2" m="31008" /><V135/><N who="2" m="31520" /><V72/><F111/><T41/><D69/><U37/><E110/><V39/><F104/><T88/><D76/><U92/><E92/><V134/><F72/><T99/><D62/><U84/><E84/><V56/><F130/><T79/><D79/><U102/><E102/><V55/><F87/><T132/><D132/><U125/><E125/><V106/><F106/><T42/><D42/><U73/><E73/><V77/><F81/><T115/><D96/><U40/><REACH who="1" step="1"/><E53/><REACH who="1" step="2"/><V74/><F74/><T50/><REACH who="0" step="1"/><D88/><REACH who="0" step="2"/><U78/><E78/><V97/><F97/><T128/><D128/><U57/><E57/><AGARI ba="0,2" hai="36,39,47,49,55,56,57,58,77,82,85,133,134,135" m="31520,31008" machi="57" ten="40,5200,0" yaku="20,1,52,2" doraHai="127" who="2" fromWho="1" sc="270,0,440,-52,320,72,0,0" /><INIT seed="2,0,0,1,3,65" ten="270,388,392,0" oya="2" hai0="99,69,100,79,0,33,107,60,115,73,78,57,93" hai1="103,109,110,85,84,46,123,68,134,36,126,116,130" hai2="83,88,37,50,41,42,54,102,127,56,58,114,101" hai3="" shuffle="mt19937ar,0F5CF4B5,76FF3DAC,E764A577,4F791857,C11FA271,B581E954,9358947A,9D18E675"/><V51/><F114/><T128/><D0/><U45/><N who="1" m="31520" /><U75/><E75/><V86/><F127/><T43/><D115/><U55/><E103/><N who="2" m="39435" /><F37/><T113/><D33/><U40/><E126/><V129/><F129/><T76/><D128/><U59/><E130/><V2/><F2/><T53/><D113/><U119/><E84/><V131/><F131/><T32/><D32/><U112/><E85/><V81/><F81/><T34/><D34/><U74/><E74/><V70/><F70/><T135/><D135/><U108/><E112/><V104/><F104/><T91/><D43/><N who="2" m="16394" /><F51/><T97/><D69/><U125/><E125/><V133/><F133/><T87/><REACH who="0" step="1"/><D99/><REACH who="0" step="2"/><U124/><E124/><V35/><F35/><T44/><D44/><AGARI ba="0,1" hai="44,50,54,56,58,83,86,88" m="16394,39435" machi="44" ten="30,2900,0" yaku="8,1,54,1" doraHai="65" who="2" fromWho="0" sc="260,-29,388,0,392,39,0,0" /><INIT seed="2,1,0,5,3,87" ten="231,388,431,0" oya="2" hai0="105,115,89,37,80,65,70,3,76,84,127,33,64" hai1="54,61,112,60,95,38,50,79,134,32,49,129,42" hai2="98,99,85,114,131,68,82,116,0,86,110,121,57" hai3="" shuffle="mt19937ar,84DA88C5,A0FCC0B7,297DE90F,8A0ED430,E517F197,4BE5BFCD,0762CD5D,E7BE1DF3"/><V92/><N who="2" m="31008" /><V94/><F68/><T130/><D3/><U43/><E32/><V71/><F71/><T44/><D33/><U111/><E79/><V120/><N who="2" m="30752" /><V128/><F0/><T132/><D130/><N who="2" m="49706" /><F116/><T108/><D127/><U52/><E129/><V119/><F119/><T56/><D132/><U124/><E95/><N who="2" m="36395" /><F114/><T69/><D69/><U101/><E101/><V113/><F113/><T81/><D70/><U55/><E112/><V39/><F39/><T36/><D37/><U135/><E124/><V109/><F57/><T78/><D56/><U59/><E38/><V104/><F86/><T72/><D84/><U74/><E59/><V126/><F126/><T100/><D36/><U83/><E74/><V93/><F104/><T122/><N who="0" m="31264" /><T106/><D72/><U73/><E73/><V1/><F1/><T58/><D115/><U77/><E135/><V75/><F75/><T117/><D58/><U125/><E134/><V46/><F46/><T103/><D117/><U41/><E125/><V48/><F48/><T133/><D44/><U47/><E47/><V62/><F62/><T67/><D133/><U34/><E61/><V91/><F99/><T123/><N who="0" m="31520" /><T97/><D97/><U102/><E60/><RYUUKYOKU ba="1,0" sc="231,-10,388,-10,431,20,0,0" hai2="82,85,91,93,98,109,110" /><INIT seed="2,2,0,4,5,112" ten="221,378,451,0" oya="2" hai0="92,120,130,47,56,52,49,55,76,46,89,58,97" hai1="65,72,35,119,34,115,94,111,100,87,71,1,60" hai2="131,113,85,126,48,95,66,123,80,39,122,59,105" hai3="" shuffle="mt19937ar,925E29AF,CA6B88E2,B8D34200,041C0C4A,BE058CE1,B828F1DC,EDA86E29,46BFE83C"/><V118/><N who="2" m="31264" /><V54/><N who="2" m="31520" /><V67/><F105/><T127/><N who="0" m="30752" /><T43/><D130/><U102/><E1/><V0/><F113/><T86/><D127/><U101/><E115/><V62/><F0/><T32/><D32/><U117/><E72/><V93/><F39/><T69/><D69/><U125/><E125/><V2/><F2/><T42/><D76/><U103/><E111/><V33/><F33/><T135/><D135/><U73/><E73/><V133/><F118/><N who="1" m="45065" /><E101/><V124/><F133/><T83/><D43/><U45/><E45/><V37/><F37/><T64/><D64/><N who="2" m="24618" /><F131/><T110/><D42/><U116/><E116/><V134/><F134/><T74/><D74/><U109/><E109/><V3/><F3/><T108/><D110/><U104/><E104/><V82/><F126/><T41/><D108/><U121/><N who="1" m="31008" /><U129/><E129/><V78/><F124/><T53/><D47/><U91/><AGARI ba="2,0" hai="34,35,60,65,71,87,91,94,100,102,103" m="31008,45065" machi="91" ten="40,6000,1" yaku="12,1,52,4" doraHai="112" who="1" fromWho="1" sc="221,-22,378,64,451,-42,0,0" /><INIT seed="4,0,0,0,0,103" ten="199,442,409,0" oya="0" hai0="3,91,59,126,114,89,121,43,56,35,66,86,132" hai1="106,131,33,88,36,40,125,62,113,118,71,64,42" hai2="100,53,81,116,97,57,80,102,52,90,111,46,117" hai3="" shuffle="mt19937ar,A3AAAC0C,3B1F1F38,E4404AFF,4854CCE0,F48D3350,590DB13B,C903560E,B98234BC"/><T115/><N who="0" m="31008" /><T108/><D3/><U55/><E33/><V78/><F111/><T44/><D108/><U104/><E118/><N who="2" m="45675" /><F102/><T85/><D35/><U95/><E131/><V0/><F0/><T41/><D66/><U69/><E69/><V133/><F133/><T135/><REACH who="0" step="1"/><D44/><REACH who="0" step="2"/><U76/><E64/><V54/><F46/><T120/><N who="0" m="30752" /><T129/><D129/><U65/><E65/><V67/><F67/><T110/><D110/><U73/><E71/><V109/><F109/><T87/><D87/><U45/><E45/><V39/><F57/><T127/><AGARI ba="0,1" hai="41,43,56,59,85,86,89,91,114,115,126,127,132,135" m="30752,31008" machi="127" ten="25,12000,2" yaku="1,1,0,1,22,2,52,2,53,0" doraHai="103" doraHaiUra="60" who="0" fromWho="0" sc="189,130,442,-60,409,-60,0,0" /><INIT seed="4,1,0,3,4,115" ten="319,382,349,0" oya="0" hai0="130,42,99,63,55,112,126,57,105,92,50,86,80" hai1="108,100,96,62,1,135,121,74,53,103,104,94,69" hai2="49,125,101,45,61,110,102,59,3,93,77,109,2" hai3="" shuffle="mt19937ar,06127929,32E45FD0,F49A4FE6,862C9776,EDC56591,06D7F8F9,21882C90,5AC9BF13"/><T123/><N who="0" m="31520" /><T52/><D112/><U90/><N who="1" m="31008" /><U70/><E1/><V65/><F125/><T119/><D126/><U91/><E108/><V131/><F131/><T81/><D130/><U132/><E74/><V124/><F124/><T71/><D105/><U116/><E91/><V95/><F77/><T78/><D119/><U120/><N who="1" m="30752" /><U44/><E103/><V88/><F109/><T76/><D42/><U0/><E0/><V41/><F110/><T113/><D113/><U114/><E114/><V85/><F2/><T58/><D71/><U97/><E116/><V89/><F3/><T134/><D134/><N who="1" m="51243" /><E62/><V47/><REACH who="2" step="1"/><F47/><REACH who="2" step="2"/><T34/><D34/><U51/><AGARI ba="1,1" hai="44,51,53,69,70,90,94,96,97,100,104" m="51243,30752,31008" machi="51" ten="30,3000,0" yaku="20,1,52,2" doraHai="115" who="1" fromWho="1" sc="319,-21,382,42,339,-11,0,0" /><INIT seed="5,0,0,0,3,133" ten="298,424,328,0" oya="1" hai0="77,129,45,96,91,40,121,92,103,34,49,85,126" hai1="128,131,75,119,95,76,97,55,123,122,130,43,72" hai2="58,74,81,42,102,132,65,82,125,52,90,57,47" hai3="" shuffle="mt19937ar,D23BC1B6,AA41FA26,52A02106,A7D3AEAB,4A106C55,18868B6A,73931EF7,1AD5BAA9"/><U37/><N who="1" m="31264" /><U87/><N who="1" m="31520" /><U1/><E1/><V80/><F132/><T3/><N who="0" m="31008" /><T35/><D3/><U104/><E119/><V110/><F110/><T60/><D129/><U108/><E108/><V50/><F102/><T70/><D77/><U118/><E118/><V38/><F125/><T36/><D36/><U112/><E112/><V54/><F65/><T61/><D126/><U111/><E111/><V94/><F74/><T116/><D116/><U84/><E104/><V115/><F115/><T93/><REACH who="0" step="1"/><D70/><REACH who="0" step="2"/><U86/><E76/><V53/><REACH who="2" step="1"/><F38/><REACH who="2" step="2"/><T63/><AGARI ba="0,2" hai="34,35,40,45,49,60,61,63,85,91,92,93,96,103" m="31008" machi="63" ten="30,9000,2" yaku="1,1,2,1,0,1,52,1,53,3" doraHai="133" doraHaiUra="59" who="0" fromWho="0" sc="288,110,424,-60,318,-30,0,0" /><INIT seed="6,0,0,3,1,135" ten="398,364,288,0" oya="2" hai0="76,82,105,100,44,2,74,110,42,112,68,133,114" hai1="116,38,126,128,86,90,73,67,1,109,47,118,99" hai2="89,62,35,132,101,130,58,36,123,51,79,87,50" hai3="" shuffle="mt19937ar,48217909,E786DE8E,9A8699F3,1CA8250E,372EA9CF,9A50AF83,6D122D1C,B90AB2EA"/><V41/><N who="2" m="31520" /><V119/><F35/><T124/><D133/><U85/><E1/><V120/><N who="2" m="30752" /><V104/><F132/><T84/><D124/><U46/><E73/><V32/><F32/><T49/><D110/><U77/><E109/><V40/><F119/><N who="1" m="45609" /><E67/><V108/><F108/><T53/><D68/><U83/><E128/><V64/><F130/><T43/><D2/><U97/><E38/><V78/><F104/><T45/><D74/><U88/><E47/><V117/><F101/><T115/><D45/><U61/><E61/><V72/><F72/><T71/><D71/><U48/><E48/><N who="2" m="18475" /><F117/><T125/><D125/><U122/><N who="1" m="31264" /><U60/><E126/><V34/><F36/><T96/><AGARI ba="0,0" hai="42,43,44,49,53,76,82,84,96,100,105,112,114,115" machi="96" ten="40,3900,0" yaku="0,1,15,1,11,1" doraHai="135" who="0" fromWho="0" sc="398,39,364,-13,288,-26,0,0" owari="437,39,351,-5,262,-34,0,0" /></mjloggm>