<mjloggm ver="2.3"><GO type="225"/><UN n0="%E3%81%93%E3%82%93%E3%81%AB%E3%81%A1%E3%81%AF%E6%97%A5%E6%9B%9C%E6%97%A5" n1="%E6%9C%A7%E5%A4%8F%E6%9C%88" n2="%E3%83%9C%E3%83%84" n3="%73%69%64%65" dan="16,17,16,17" rate="2001,2140,2043,2089" sx="M,M,M,M"/><TAIKYOKU oya="0"/><INIT seed="0,0,0,0,5,8" ten="250,250,250,250" oya="0" hai0="134,130,31,50,115,48,123,81,93,13,0,95,59" hai1="6,107,112,12,45,102,52,132,92,49,23,113,126" hai2="127,101,116,117,77,133,120,100,72,114,41,43,15" hai3="38,118,98,89,3,96,105,56,65,42,129,97,2" shuffle="mt19937ar,436B909F,105CA3BD,51A49485,CCDFFAE9,05B388B7,341A4352,C9AB4121,2E2D99C7"/><T73/><D123/><U67/><E126/><V14/><F120/><W51/><G118/><T104/><D0/><U47/><E132/><V68/><F68/><W85/><G105/><T106/><D115/><N who="1" m="44107" /><E67/><V44/><F114/><W131/><G38/><T57/><D31/><U80/><E107/><V124/><F77/><W55/><G42/><T91/><D134/><U17/><E6/><V119/><F133/><W24/><G24/><T76/><D130/><N who="3" m="49673" /><G65/><T69/><D69/><U5/><E5/><V21/><F21/><W135/><G135/><T39/><D39/><U29/><E29/><V4/><F4/><W74/><G74/><T83/><D73/><U7/><E7/><V71/><F72/><W62/><G62/><T18/><D18/><U16/><E80/><AGARI ba="0,0" hai="2,3,51,55,56,80,85,89,96,97,98" m="49673" machi="80" ten="30,1000,0" yaku="19,1" doraHai="8" who="3" fromWho="1" sc="250,0,250,-10,250,0,250,10" /><INIT seed="1,0,0,5,3,11" ten="250,240,250,260" oya="1" hai0="59,74,4,96,17,48,15,49,21,35,129,39,28" hai1="64,134,7,87,68,53,104,113,24,10,32,62,82" hai2="13,58,23,1,83,98,27,92,26,118,91,19,102" hai3="57,128,14,8,77,109,67,126,41,72,84,116,20" shuffle="mt19937ar,8D9329C4,21BC901E,620C3881,6B8E1066,95CD0C01,291826A2,129AE8F4,ECBA08B2"/><U6/><E113/><V42/><F1/><W117/><G72/><T50/><D39/><U119/><E119/><N who="3" m="45642" /><G109/><T51/><D74/><U33/><E134/><V38/><F118/><W94/><G41/><T44/><D129/><U16/><E104/><V78/><F102/><W112/><G112/><T71/><D71/><U0/><E6/><V55/><F42/><W34/><G34/><T101/><D4/><U107/><E107/><V124/><F38/><W61/><G128/><T66/><D35/><U22/><REACH who="1" step="1"/><E53/><REACH who="1" step="2"/><V125/><F124/><W5/><G126/><T103/><D44/><U30/><E30/><V47/><F125/><W45/><G45/><T81/><D28/><U63/><E63/><V106/><F47/><W130/><G130/><T3/><D3/><U85/><E85/><N who="2" m="48375" /><F106/><W40/><G84/><T127/><D127/><U121/><E121/><V120/><F120/><W132/><G132/><T114/><D114/><U60/><E60/><AGARI ba="0,1" hai="13,19,23,26,27,55,58,60,91,92,98" m="48375" machi="60" ten="30,2000,0" yaku="8,1,52,1" doraHai="11" who="2" fromWho="1" sc="250,0,230,-20,250,30,260,0" /><INIT seed="2,0,0,4,4,51" ten="250,210,280,260" oya="2" hai0="100,59,95,44,77,89,127,42,55,98,106,13,3" hai1="102,93,84,0,97,49,105,64,11,14,69,118,78" hai2="4,66,17,20,90,15,126,110,133,79,22,63,85" hai3="40,53,116,62,103,115,73,28,50,61,6,94,81" shuffle="mt19937ar,8D272523,3DBBDB31,3FEBCC54,5007F80A,2922725F,EA391E21,E0DADA0A,5F196C69"/><V96/><F126/><W76/><G116/><T31/><D3/><U57/><E118/><V120/><F120/><W32/><G40/><T18/><D31/><U119/><E119/><V134/><F110/><W9/><G115/><T27/><D27/><U114/><E114/><V29/><F4/><W101/><G28/><T38/><D77/><U35/><E35/><V43/><F43/><W54/><G32/><T88/><D127/><U56/><E0/><V10/><F96/><W30/><G30/><T129/><D106/><U86/><E69/><V121/><F79/><W92/><G92/><T68/><D68/><U48/><E105/><V72/><F72/><W7/><G7/><T70/><D70/><U33/><E33/><V125/><F121/><W117/><G117/><T52/><D129/><U132/><E132/><N who="2" m="50795" /><F29/><W1/><G54/><T108/><D55/><N who="1" m="31847" /><E78/><V46/><F46/><W60/><REACH who="3" step="1"/><G94/><REACH who="3" step="2"/><T113/><D113/><U91/><E102/><V99/><F125/><W65/><G65/><T124/><D124/><U109/><E109/><V34/><F34/><W131/><G131/><T21/><REACH who="0" step="1"/><D108/><REACH who="0" step="2"/><U104/><E104/><V135/><F135/><W26/><G26/><T122/><D122/><U19/><E64/><V12/><F12/><W75/><G75/><T107/><D107/><U80/><E80/><V39/><F15/><W67/><G67/><T123/><D123/><U82/><E82/><V41/><F66/><W58/><AGARI ba="0,2" hai="1,6,9,50,53,58,60,61,62,73,76,81,101,103" machi="58" ten="30,4000,0" yaku="1,1,0,1,52,1,53,0" doraHai="51" doraHaiUra="128" who="3" fromWho="3" sc="240,-10,210,-10,280,-20,250,60" /><INIT seed="3,0,0,5,3,120" ten="230,200,260,310" oya="3" hai0="86,60,77,116,28,26,95,71,102,3,94,51,30" hai1="97,118,36,110,0,121,98,31,4,126,58,57,11" hai2="25,131,45,103,128,134,80,2,20,99,106,34,132" hai3="73,92,63,83,16,68,10,24,42,27,59,88,117" shuffle="mt19937ar,794EB2DD,FD2A8072,70EEE09E,3076A2F3,F4E6E1DB,40C31E3F,806AD997,8F6DE677"/><W55/><G117/><T129/><D116/><U7/><E118/><V82/><F2/><W124/><G124/><T33/><D3/><U130/><E121/><V6/><F6/><W96/><G68/><T66/><D129/><N who="2" m="49738" /><F34/><W65/><G42/><T64/><D64/><U101/><E130/><V135/><F45/><W133/><G133/><N who="2" m="34049" /><V23/><DORA hai="122" /><F23/><W32/><G32/><T109/><D30/><AGARI ba="0,0" hai="20,25,30,80,82,99,103,106" m="34049,49738" machi="30" ten="40,2600,0" yaku="19,1,20,1" doraHai="120,122" who="2" fromWho="0" sc="230,-26,200,0,260,26,310,0" owari="204,-15,200,-20,286,4,310,31" /></mjloggm>