<mjloggm ver="2.3"><GO type="225"/><UN n0="%E9%9B%81%E7%BA%8F" n1="%E3%82%AF%E3%83%AB%E3%83%AB%E2%98%86" n2="%EF%BC%88%EF%BC%8A%EF%BC%9E%EF%BC%9C%EF%BC%89" n3="%E3%82%B9%E3%83%91%E3%83%BC%E3%82%AF%E3%82%B9" dan="16,16,17,16" rate="2041,2054,2181,2080" sx="M,F,F,F"/><TAIKYOKU oya="0"/><INIT seed="0,0,0,1,5,66" ten="250,250,250,250" oya="0" hai0="111,55,31,77,60,116,106,4,74,92,118,107,65" hai1="17,82,18,7,72,13,0,63,88,132,96,95,119" hai2="126,71,83,54,80,104,37,41,100,89,79,33,58" hai3="124,23,67,48,9,14,122,108,2,36,61,121,131" shuffle="mt19937ar,AB8CD05E,76E67D67,76517998,344F898D,24485FA5,AE0E966B,66E9A9B3,E756CA49"/><T38/><D92/><U91/><E119/><V25/><F126/><W40/><G36/><T49/><D31/><U98/><E0/><V97/><F41/><W105/><G105/><T62/><D38/><U19/><E132/><V68/><F37/><W93/><G124/><T125/><D4/><U109/><E109/><V123/><F123/><W127/><G127/><T87/><D125/><U120/><E120/><V130/><F130/><W110/><G2/><T64/><D74/><U85/><E72/><V42/><F42/><W90/><G23/><T10/><D10/><N who="1" m="4319" /><E63/><V75/><F33/><W21/><G21/><T133/><D133/><U32/><E32/><V59/><F59/><W8/><G131/><T102/><D111/><N who="3" m="42537" /><G40/><T29/><D118/><U129/><E129/><V56/><F56/><N who="3" m="37287" /><G48/><T28/><D116/><U113/><E113/><V53/><F25/><W47/><G47/><T117/><D106/><U3/><E3/><V50/><REACH who="2" step="1"/><F54/><REACH who="2" step="2"/><W70/><G121/><T81/><D55/><U69/><E69/><V16/><F16/><W135/><G122/><T134/><D117/><U20/><E98/><V26/><F26/><AGARI ba="0,1" hai="17,18,19,20,26,82,85,88,91,95,96" m="4319" machi="26" ten="30,2000,0" yaku="8,1,54,1" doraHai="66" who="1" fromWho="2" sc="250,0,250,30,240,-20,250,0" /><INIT seed="1,0,0,2,0,67" ten="250,280,220,250" oya="1" hai0="21,37,2,109,23,14,60,57,74,62,4,132,131" hai1="25,42,110,27,114,6,80,19,66,85,121,123,3" hai2="50,43,1,38,93,68,45,10,86,118,30,124,34" hai3="116,125,130,65,63,13,117,102,17,26,56,36,100" shuffle="mt19937ar,B535E771,718C142F,98BE06AA,6049DBF1,324B73DF,1BB4222E,EBBBF287,480647F2"/><U104/><E104/><V89/><F118/><W87/><G36/><T91/><D74/><U58/><E114/><V49/><F124/><W64/><G125/><T54/><D37/><U103/><E103/><V126/><F126/><W39/><G39/><T127/><D127/><U12/><E42/><V31/><F68/><W134/><G134/><T97/><D132/><U0/><E110/><V55/><F38/><W32/><G130/><T18/><D131/><U11/><E3/><V40/><F34/><W47/><G47/><T108/><D62/><U101/><E101/><V99/><F40/><W52/><G87/><T5/><D2/><U96/><E96/><V98/><F10/><W59/><G100/><T120/><D120/><U73/><E73/><V106/><F1/><W46/><G102/><T53/><D53/><U8/><E66/><V7/><F7/><W61/><G46/><T29/><D29/><N who="2" m="10762" /><F106/><W16/><G32/><T92/><REACH who="0" step="1"/><D21/><REACH who="0" step="2"/><U77/><E123/><V107/><F107/><W105/><G105/><T119/><D119/><U111/><E121/><V51/><F51/><W128/><G128/><T90/><D90/><U83/><E0/><V82/><F49/><W94/><G116/><T122/><D122/><U15/><E111/><AGARI ba="0,1" hai="4,5,14,18,23,54,57,60,91,92,97,108,109,111" machi="111" ten="40,2600,0" yaku="1,1,14,1,53,0" doraHai="67" doraHaiUra="113" who="0" fromWho="1" sc="240,36,280,-26,220,0,250,0" /><INIT seed="2,0,0,0,1,106" ten="276,254,220,250" oya="2" hai0="7,120,84,36,133,110,80,26,59,8,129,49,86" hai1="100,122,117,118,97,21,28,108,53,102,98,88,101" hai2="70,113,128,67,17,34,41,2,38,89,132,134,47" hai3="0,4,119,66,125,130,82,69,1,62,20,3,87" shuffle="mt19937ar,58FABE4C,3D1F659A,A900A673,A537DA0A,3E3B08A5,EB3D72EA,9256A60B,409510B0"/><V57/><F34/><W60/><G119/><T44/><D120/><U93/><E122/><V116/><F116/><W90/><G125/><T112/><D112/><U73/><E108/><V14/><F2/><W40/><G130/><T16/><D110/><U135/><E135/><N who="2" m="51755" /><F113/><W114/><G114/><T27/><D133/><U104/><E118/><V45/><F128/><W121/><G121/><T81/><D129/><U115/><E115/><V31/><F31/><W10/><G40/><T51/><D36/><U48/><E117/><V79/><F47/><W127/><G127/><T13/><D59/><U30/><E73/><V105/><F105/><W75/><G20/><N who="0" m="13575" /><D27/><U103/><REACH who="1" step="1"/><E21/><REACH who="1" step="2"/><N who="2" m="11447" /><F89/><W32/><G32/><T39/><D39/><U99/><E99/><V65/><F79/><W74/><REACH who="3" step="1"/><G62/><REACH who="3" step="2"/><T5/><D86/><U11/><E11/><V72/><F72/><AGARI ba="0,2" hai="0,1,3,4,10,60,66,69,72,74,75,82,87,90" machi="72" ten="40,8000,1" yaku="1,1,2,1,52,3,53,0" doraHai="106" doraHaiUra="91" who="3" fromWho="2" sc="276,0,244,0,220,-80,240,100" /><INIT seed="3,0,0,0,3,92" ten="276,244,140,340" oya="3" hai0="126,121,106,68,34,49,135,98,0,134,86,96,51" hai1="80,85,132,19,112,95,72,103,116,79,99,29,28" hai2="15,7,32,97,63,6,30,130,59,14,3,20,108" hai3="47,53,84,69,94,127,24,37,73,2,56,115,50" shuffle="mt19937ar,EA0514F1,F39ACFE8,091AEE2D,3B47E7B5,FE122794,1DCA4529,9CB0209E,A6872257"/><W35/><G73/><T27/><D121/><U44/><E112/><V125/><F97/><W38/><G2/><T23/><D34/><U41/><E132/><N who="0" m="50729" /><D68/><U18/><E116/><V110/><F59/><W42/><G115/><T13/><D0/><U81/><E29/><V113/><F63/><W120/><G120/><T48/><D126/><U10/><E28/><V111/><F113/><W70/><G127/><T123/><D123/><U133/><E10/><V114/><F114/><W129/><G129/><T77/><D106/><U21/><E133/><V76/><F76/><W131/><G131/><T118/><D118/><U62/><E62/><V117/><F130/><W104/><G104/><T101/><D101/><U109/><E21/><V17/><F117/><W122/><G122/><T55/><D13/><U88/><REACH who="1" step="1"/><E109/><REACH who="1" step="2"/><V64/><F125/><W25/><G35/><T75/><D75/><U105/><E105/><V4/><F64/><W1/><G69/><T22/><D55/><U128/><E128/><V52/><F52/><W89/><G53/><T78/><D22/><U31/><E31/><V5/><F14/><W60/><G70/><T43/><D43/><U46/><E46/><V102/><F102/><W74/><G42/><T39/><D23/><U54/><E54/><V9/><REACH who="2" step="1"/><F4/><REACH who="2" step="2"/><W67/><G67/><T45/><D45/><U61/><E61/><V119/><F119/><W83/><G47/><T91/><D77/><U66/><E66/><V124/><F124/><W12/><G60/><T100/><D78/><U93/><E93/><V33/><F33/><W11/><G12/><RYUUKYOKU ba="0,2" sc="276,-15,234,15,130,15,340,-15" hai1="18,19,41,44,72,79,80,81,85,88,95,99,103" hai2="3,5,6,7,9,15,17,20,30,32,108,110,111" owari="261,1,249,-10,145,-25,345,34" /></mjloggm>