<mjloggm ver="2.3"><GO type="225"/><UN n0="%74%EF%BC%9C%6E" n1="%73%69%67%65%6E%6F%72%69" n2="%E3%83%9C%E3%83%84" n3="%52%65%64%4D%61%67%69%63" dan="16,17,16,16" rate="2082,2107,2046,2035" sx="F,M,M,M"/><TAIKYOKU oya="0"/><INIT seed="0,0,0,1,2,36" ten="250,250,250,250" oya="0" hai0="64,69,17,123,23,11,109,22,45,59,101,19,3" hai1="111,32,84,57,43,70,86,2,75,24,14,48,40" hai2="79,62,110,105,1,96,39,12,104,65,80,58,56" hai3="25,27,37,20,129,67,124,15,30,61,42,120,26" shuffle="mt19937ar,C82FA198,DCC2B2D5,C9E956B3,9992541B,3B6C3971,14A71B35,9A7CD3BC,44277A40"/><T106/><D123/><U114/><E2/><V41/><F1/><W107/><G107/><T98/><D69/><U4/><E75/><V90/><F110/><W82/><G124/><T63/><D109/><U130/><E70/><V60/><F12/><W119/><G119/><T49/><D19/><U131/><E111/><V51/><F39/><W47/><G120/><T52/><REACH who="0" step="1"/><D17/><REACH who="0" step="2"/><U16/><E114/><V10/><F10/><W53/><G129/><T9/><D9/><N who="1" m="4391" /><E130/><V68/><F68/><W35/><G82/><T91/><D91/><U88/><E131/><V92/><F80/><W71/><G53/><T87/><D87/><U66/><E86/><V55/><F79/><W135/><G135/><T93/><D93/><U13/><E84/><V44/><AGARI ba="0,1" hai="41,44,51,55,56,58,60,62,65,90,92,96,104,105" machi="44" ten="30,2000,0" yaku="0,1,52,1" doraHai="36" who="2" fromWho="2" sc="240,-10,250,-5,250,30,250,-5" /><INIT seed="1,0,0,1,2,48" ten="230,245,280,245" oya="1" hai0="71,125,83,103,45,22,25,92,134,135,85,35,52" hai1="82,18,78,68,12,121,80,128,53,94,100,42,57" hai2="65,2,81,107,58,26,84,79,5,69,41,110,49" hai3="112,123,27,19,62,43,96,99,17,75,101,118,34" shuffle="mt19937ar,C156D7CB,F9028CB0,8A38333A,273326D2,A643FFA1,FAAA2ECB,F3CBC994,F018AD67"/><U6/><E121/><V51/><F107/><W127/><G75/><T102/><D71/><U46/><E128/><V38/><F110/><W77/><G77/><T56/><D35/><U126/><E68/><V21/><F69/><W95/><G112/><T11/><D11/><U124/><E6/><V0/><F38/><W13/><G123/><T98/><D45/><U36/><E100/><V91/><F0/><W130/><G130/><T8/><D8/><U129/><E129/><V63/><F41/><W67/><G127/><N who="1" m="48682" /><E94/><V20/><F20/><W86/><G43/><T14/><D14/><U16/><E12/><V10/><REACH who="2" step="1"/><F79/><REACH who="2" step="2"/><W39/><G39/><T9/><D125/><U72/><E80/><V3/><F3/><W40/><G40/><T104/><D104/><U50/><AGARI ba="0,1" hai="16,18,36,42,46,50,53,57,72,78,82" m="48682" machi="50" ten="30,6000,0" yaku="18,1,52,1,54,1" doraHai="48" who="1" fromWho="1" sc="230,-20,245,70,270,-20,245,-20" /><INIT seed="1,1,0,2,4,102" ten="210,315,250,225" oya="1" hai0="40,35,116,74,65,120,61,98,62,28,128,20,64" hai1="50,127,91,112,58,29,30,77,63,85,68,14,135" hai2="122,84,132,60,59,88,15,45,1,81,19,78,134" hai3="8,89,38,76,31,23,41,5,0,54,133,82,56" shuffle="mt19937ar,6874FD37,6523C0C5,F50BB8A0,92459954,B9CADD12,25AE73EB,E6ACC164,E8581565"/><U113/><E127/><V26/><F1/><W11/><G133/><N who="2" m="51305" /><F122/><W94/><G41/><T106/><D116/><U69/><E135/><V39/><F26/><W24/><G38/><T18/><D40/><U9/><E77/><V46/><F39/><W67/><G67/><T115/><D115/><U107/><E107/><V3/><F78/><W71/><G71/><N who="0" m="42383" /><D74/><U49/><E69/><V110/><F3/><W44/><G44/><T99/><D99/><U25/><E68/><V101/><F101/><W92/><G11/><T118/><D118/><U119/><E119/><V123/><F110/><W36/><G89/><T83/><D120/><U33/><E29/><V48/><F48/><W51/><REACH who="3" step="1"/><G36/><REACH who="3" step="2"/><T80/><D65/><U2/><E113/><V13/><F123/><W10/><G10/><T79/><D79/><U109/><E112/><V37/><F37/><W70/><G70/><T111/><D111/><U27/><E109/><V6/><F46/><W126/><G126/><T66/><D66/><U103/><E9/><V16/><F45/><W12/><G12/><N who="2" m="4681" /><F6/><W57/><G57/><T104/><D128/><U4/><E14/><V96/><F96/><W130/><G130/><T108/><D98/><U125/><E4/><V129/><F129/><W72/><AGARI ba="1,1" hai="0,5,8,23,24,31,51,54,56,72,76,82,92,94" machi="72" ten="20,2700,0" yaku="1,1,0,1,7,1,53,0" doraHai="102" doraHaiUra="100" who="3" fromWho="3" sc="210,-8,315,-14,250,-8,215,40" /><INIT seed="2,0,0,1,0,129" ten="202,301,242,255" oya="2" hai0="7,104,99,41,121,40,91,75,44,35,45,12,32" hai1="72,47,43,74,33,62,34,39,37,5,0,86,79" hai2="55,1,17,8,110,70,66,31,97,128,103,46,134" hai3="77,135,131,58,112,90,130,119,124,51,22,6,120" shuffle="mt19937ar,DCCDF349,96C22F1F,F725D1A0,A3D79728,15596B57,CF1451CA,AA49A3F7,31E43DFC"/><V111/><F128/><W116/><G120/><T89/><D75/><U101/><E39/><V53/><F31/><W56/><G77/><T27/><D121/><U24/><E101/><V3/><F70/><W52/><G6/><T18/><D7/><U81/><E62/><V125/><F66/><W126/><G22/><T80/><D27/><U107/><E107/><V123/><F123/><W94/><G112/><T29/><D29/><U132/><E132/><V19/><F125/><N who="3" m="48235" /><G135/><T50/><D80/><N who="1" m="45159" /><E24/><V117/><F117/><N who="3" m="45131" /><G56/><T23/><D104/><U14/><E14/><V73/><F73/><W16/><G16/><N who="2" m="6217" /><F134/><W102/><G102/><T106/><D106/><U67/><E74/><V115/><F115/><W48/><G51/><T118/><D118/><U83/><E33/><V88/><F103/><W10/><G10/><T36/><REACH who="0" step="1"/><D99/><AGARI ba="0,0" hai="48,52,58,90,94,99,130,131" m="45131,48235" machi="99" ten="30,2000,0" yaku="18,1,54,1" doraHai="129" who="3" fromWho="0" sc="202,-20,301,0,242,0,255,20" /><INIT seed="3,0,0,4,1,131" ten="182,301,242,275" oya="3" hai0="119,37,17,38,116,125,47,25,26,100,128,43,64" hai1="35,111,94,65,41,16,48,46,104,106,108,101,14" hai2="89,70,117,62,2,23,69,36,5,28,80,135,79" hai3="127,15,56,76,122,59,133,110,72,7,114,130,27" shuffle="mt19937ar,5930530C,73195E73,2E90FB0A,0D951314,7CDC0E67,DF51F101,7F7C3FE3,B1ED9350"/><W39/><G39/><T45/><D100/><U52/><E35/><V51/><F117/><N who="0" m="45130" /><D17/><U22/><E65/><V0/><F89/><W58/><G122/><T132/><D25/><U66/><E66/><V67/><F69/><W57/><G114/><T9/><D9/><U88/><E41/><V44/><F36/><N who="0" m="13930" /><D26/><U19/><E19/><V68/><F68/><W121/><G130/><T107/><D107/><U8/><E8/><V95/><F5/><W83/><G121/><T96/><D96/><N who="1" m="57415" /><E101/><V78/><F0/><W81/><G127/><T90/><D90/><U92/><E92/><V129/><F2/><W4/><G27/><T71/><D128/><U93/><E93/><V3/><F95/><W109/><G81/><T118/><N who="0" m="45138" /><T97/><DORA hai="99" /><D97/><U10/><E10/><V84/><F3/><W60/><G15/><T53/><D125/><U87/><E87/><V75/><F129/><W61/><G4/><T115/><D115/><U54/><E106/><V134/><F28/><W32/><G7/><T11/><D11/><U63/><E104/><V91/><F23/><W21/><G32/><T124/><D124/><U113/><E113/><V24/><F24/><W33/><G21/><T126/><D126/><U77/><E77/><V1/><F1/><W34/><G33/><T82/><D82/><U13/><E13/><V74/><F79/><W49/><G34/><T120/><D43/><U29/><E29/><V98/><F98/><W123/><G83/><T6/><D120/><U55/><E14/><V40/><F78/><W18/><G123/><T85/><D85/><RYUUKYOKU ba="0,0" sc="182,-10,301,-10,242,30,275,-10" hai2="40,44,51,62,67,70,74,75,80,84,91,134,135" /><INIT seed="4,1,0,4,1,63" ten="172,291,272,265" oya="0" hai0="60,123,69,17,49,130,72,36,26,84,32,64,74" hai1="71,128,115,108,4,133,96,57,58,13,11,89,83" hai2="5,105,77,46,82,113,56,27,124,86,30,122,70" hai3="90,111,85,93,112,7,31,51,117,39,68,67,12" shuffle="mt19937ar,266B7E2F,DA5905C1,FDD9F70D,0063BBF5,A3987D31,7F187F15,272109EE,75C864DB"/><T125/><D123/><U33/><E108/><V38/><F122/><W110/><G39/><T40/><D36/><U10/><E71/><V132/><F70/><W126/><G117/><T104/><D125/><U119/><E119/><V61/><F105/><W79/><G112/><T21/><D130/><U2/><E33/><V100/><F100/><W131/><G131/><T92/><D104/><U54/><E128/><V19/><F113/><W87/><G126/><T121/><D121/><U47/><E115/><V8/><F132/><W15/><G31/><T0/><D0/><U52/><E133/><V103/><F103/><W18/><G7/><T35/><D35/><U65/><E47/><V114/><F19/><W23/><G51/><T50/><D32/><U53/><E65/><V29/><F124/><W97/><G15/><T45/><REACH who="0" step="1"/><D50/><REACH who="0" step="2"/><U88/><E2/><V16/><F114/><W9/><G110/><T28/><D28/><U48/><E48/><V80/><F30/><W129/><G129/><T81/><D81/><U34/><E83/><V99/><F80/><W43/><G111/><T1/><D1/><U106/><E34/><V73/><F82/><W76/><G76/><T75/><D75/><U134/><E134/><V98/><F77/><W116/><G79/><T37/><D37/><U44/><E106/><V127/><F73/><W24/><G116/><T101/><D101/><U62/><E89/><AGARI ba="1,1" hai="17,21,26,40,45,49,60,64,69,72,74,84,89,92" machi="89" ten="40,3900,0" yaku="1,1,52,1,53,0" doraHai="63" doraHaiUra="6" who="0" fromWho="1" sc="162,52,291,-42,272,0,265,0" /><INIT seed="4,2,0,2,1,127" ten="214,249,272,265" oya="0" hai0="4,84,50,103,15,20,71,63,77,38,54,104,131" hai1="130,133,23,12,25,109,81,123,108,102,1,0,66" hai2="45,122,100,31,113,65,51,73,26,27,126,22,89" hai3="29,88,32,41,69,121,53,87,47,118,76,95,18" shuffle="mt19937ar,7964FEE7,37654A5B,BEC3EFEF,9A222584,F3EFC0DE,B6128917,D4BDA6EB,714347B5"/><T67/><D38/><U92/><E123/><V44/><F122/><W21/><G121/><T120/><D120/><U48/><E66/><V33/><F73/><W17/><G118/><T42/><D42/><U70/><E70/><V39/><F126/><W30/><G69/><T2/><D2/><U128/><E133/><V24/><F113/><W49/><G76/><T86/><D77/><U117/><E117/><V10/><F100/><W9/><G32/><T99/><D131/><N who="1" m="50219" /><E12/><V58/><F10/><W7/><G41/><T112/><D112/><U55/><E81/><V96/><F65/><W114/><G114/><T119/><D119/><U132/><E132/><V111/><F39/><W129/><G129/><T83/><D83/><U57/><E92/><V82/><F33/><W35/><G35/><T61/><D61/><U37/><E102/><V60/><F82/><W36/><G36/><T3/><D3/><N who="1" m="1099" /><E37/><V134/><F134/><W34/><G34/><T64/><D64/><U11/><E11/><V125/><F125/><W56/><G95/><T74/><D74/><U94/><E94/><V91/><F26/><W5/><G9/><T46/><REACH who="0" step="1"/><D4/><REACH who="0" step="2"/><U43/><E43/><V59/><F60/><W78/><G5/><T75/><D75/><U16/><AGARI ba="2,1" hai="16,23,25,48,55,57,108,109" m="1099,50219" machi="16" ten="30,8000,1" yaku="19,1,52,3,54,1" doraHai="127" who="1" fromWho="1" sc="204,-42,249,96,272,-22,265,-22" owari="162,-24,345,35,250,0,243,-11" /></mjloggm>