<mjloggm ver="2.3"><GO type="185"/><UN n0="%E3%81%B5%E3%81%8F%EF%BC%A3%EF%BD%88%EF%BD%81%EF%BD%8E%E2%99%AA" n1="%EF%BC%BC%28%EF%BC%BE%6F%EF%BC%BE%29%EF%BC%8F%E2%98%85" n2="%E4%B8%89%E7%94%B0%E6%9D%91%E8%8C%9C" n3="" dan="16,17,17,0" rate="2192,2136,2201,1500" sx="F,M,F,C"/><TAIKYOKU oya="0"/><INIT seed="0,0,0,2,4,75" ten="350,350,350,0" oya="0" hai0="67,100,86,65,39,62,76,116,112,53,108,77,73" hai1="54,82,120,94,35,41,121,61,106,114,47,48,119" hai2="128,103,52,95,60,97,87,104,50,105,115,46,69" hai3="" shuffle="mt19937ar,A219D76F,4EF89B05,1CBFBBFA,883493F1,5C754F6B,10C8A18E,D5837738,4D839896"/><T84/><D116/><U122/><N who="1" m="30752" /><U111/><N who="1" m="31008" /><U79/><N who="1" m="31264" /><U59/><E35/><V91/><F115/><T71/><D112/><U38/><E114/><V42/><F128/><T64/><D73/><U80/><E106/><V126/><F126/><T96/><D39/><U101/><E119/><V49/><F69/><T66/><D108/><U3/><E3/><V129/><F60/><T68/><D71/><U102/><E111/><V110/><F110/><T133/><D53/><U32/><E32/><V113/><F113/><T85/><REACH who="0" step="1"/><D133/><REACH who="0" step="2"/><U36/><E82/><V125/><F129/><T74/><D74/><U34/><E34/><V58/><REACH who="2" step="1"/><F125/><REACH who="2" step="2"/><T0/><D0/><U132/><E132/><V109/><F109/><T89/><D89/><U99/><REACH who="1" step="1"/><E102/><REACH who="1" step="2"/><V88/><F88/><T83/><D83/><AGARI ba="0,3" hai="42,46,49,50,52,58,83,87,91,95,97,103,104,105" machi="83" ten="30,7700,0" yaku="1,1,7,1,54,1,53,1" doraHai="75" doraHaiUra="93" who="2" fromWho="0" sc="340,-77,340,0,340,107,0,0" /><INIT seed="1,0,0,0,4,82" ten="263,340,447,0" oya="1" hai0="71,95,63,132,126,44,51,37,128,104,84,58,79" hai1="69,115,61,94,57,83,91,121,64,81,49,77,87" hai2="131,55,90,59,122,33,70,85,72,67,102,116,135" hai3="" shuffle="mt19937ar,B2ED63D9,BC8E2A80,87B752FA,49AA4F71,44D34A30,09A52689,1714EFC9,06236FA4"/><U74/><N who="1" m="31008" /><U125/><E125/><V43/><N who="2" m="31264" /><V100/><F116/><T120/><N who="0" m="30752" /><T123/><N who="0" m="31520" /><T73/><D104/><U101/><E115/><V114/><F33/><T1/><D1/><U127/><E127/><V129/><F72/><T68/><D73/><U134/><E134/><V106/><F106/><T56/><D84/><U78/><E101/><V107/><F107/><T3/><D95/><U108/><E108/><V109/><F135/><T105/><D79/><U48/><REACH who="1" step="1"/><E69/><REACH who="1" step="2"/><V124/><F114/><T110/><D110/><U75/><AGARI ba="0,1" hai="48,49,57,61,64,74,75,77,78,81,83,87,91,94" m="31008" machi="75" ten="20,16000,3" yaku="1,1,2,1,0,1,7,1,9,1,52,2,53,1" doraHai="82" doraHaiUra="119" who="1" fromWho="1" sc="263,-80,330,170,447,-80,0,0" /><INIT seed="1,1,0,1,0,135" ten="183,500,367,0" oya="1" hai0="62,75,84,58,39,79,52,65,46,78,89,60,40" hai1="69,134,45,55,67,41,108,93,51,50,83,68,118" hai2="80,106,37,114,44,3,70,122,77,91,105,61,53" hai3="" shuffle="mt19937ar,ACCD99D2,C346BCE1,85C03B4D,8FD0BF4B,FF0385F2,FB238813,FE1722B6,8AEAB6F8"/><U64/><E118/><V94/><N who="2" m="31264" /><V32/><F114/><T66/><D66/><U0/><E0/><V130/><F32/><T102/><D102/><U121/><N who="1" m="31008" /><U99/><E134/><V43/><F3/><T73/><D73/><U110/><E83/><V34/><F130/><T59/><REACH who="0" step="1"/><D75/><REACH who="0" step="2"/><U107/><E67/><V117/><F117/><T131/><D131/><U47/><E107/><V86/><F34/><T56/><D56/><U133/><E133/><V124/><F106/><T128/><D128/><U57/><E57/><V119/><F105/><T1/><D1/><U95/><E64/><V63/><F119/><T115/><D115/><U100/><REACH who="1" step="1"/><E95/><AGARI ba="1,1" hai="39,40,46,52,58,59,60,62,65,78,79,84,89,95" machi="95" ten="30,3900,0" yaku="1,1,7,1,54,1,53,0" doraHai="135" doraHaiUra="126" who="0" fromWho="1" sc="173,51,500,-41,367,0,0,0" /><INIT seed="2,0,0,1,2,60" ten="224,459,367,0" oya="2" hai0="68,78,38,110,37,104,86,96,95,58,101,124,3" hai1="0,135,111,80,33,1,79,65,98,107,126,90,123" hai2="127,85,35,131,63,71,133,49,82,48,118,34,106" hai3="" shuffle="mt19937ar,61A92B42,A95D5F79,F18F88E6,5C5AE1C9,242E0B9F,2C571CAF,4C0AB959,CCDA5FBC"/><V64/><F118/><T134/><D68/><U84/><N who="1" m="31520" /><U43/><E33/><V74/><F133/><T72/><D3/><U105/><E135/><V97/><F131/><T41/><D41/><U122/><N who="1" m="31264" /><U81/><E126/><V115/><F74/><T116/><D124/><U69/><E111/><V132/><F127/><T45/><D45/><U56/><E69/><V113/><F132/><T53/><D110/><U100/><E107/><V67/><F64/><T70/><D70/><U73/><REACH who="1" step="1"/><E43/><REACH who="1" step="2"/><V112/><F34/><T44/><D134/><U75/><E75/><V62/><F35/><T57/><D104/><U76/><E76/><V99/><F106/><T125/><D72/><U117/><E117/><V119/><F119/><T130/><D116/><U88/><E88/><V103/><F112/><T59/><D125/><U52/><E52/><V83/><F115/><T47/><D53/><U36/><E36/><V129/><F71/><T114/><D114/><U61/><AGARI ba="0,1" hai="0,1,56,61,65,73,79,80,81,84,90,98,100,105" m="31264,31520" machi="61" ten="30,9000,2" yaku="1,1,0,1,52,3,53,1" doraHai="60" doraHaiUra="102" who="1" fromWho="1" sc="224,-30,449,100,367,-60,0,0" /><INIT seed="4,0,0,1,2,105" ten="194,549,307,0" oya="0" hai0="79,85,76,50,112,48,92,75,88,115,87,122,43" hai1="58,80,54,33,71,57,113,104,67,129,124,63,91" hai2="44,102,39,38,93,59,68,45,119,94,111,134,103" hai3="" shuffle="mt19937ar,226C99BD,BFE521CD,87E46B89,2696FCEB,1309BA32,5B3BDB64,D0DDACD2,4EC60980"/><T1/><N who="0" m="31264" /><T65/><D1/><U116/><E33/><V108/><F68/><T84/><D65/><U46/><E104/><V98/><F134/><T118/><D118/><U89/><E116/><V106/><F119/><T81/><D76/><U51/><E124/><V3/><F106/><T2/><D2/><U40/><E129/><V133/><F133/><T69/><D69/><U90/><E113/><N who="0" m="43593" /><D43/><U73/><E58/><V128/><F3/><T120/><N who="0" m="30752" /><T123/><N who="0" m="31520" /><T47/><D47/><U77/><REACH who="1" step="1"/><E91/><REACH who="1" step="2"/><V78/><F128/><T61/><D61/><AGARI ba="0,1" hai="40,46,51,54,57,61,63,67,71,73,77,80,89,90" machi="61" ten="30,7700,0" yaku="1,1,2,1,7,1,52,1,53,0" doraHai="105" doraHaiUra="34" who="1" fromWho="0" sc="194,-77,539,87,307,0,0,0" /><INIT seed="5,0,0,0,0,68" ten="117,626,307,0" oya="1" hai0="67,116,63,100,128,0,53,83,92,1,89,99,49" hai1="102,95,55,84,125,62,119,97,79,108,98,76,42" hai2="106,94,122,44,72,101,73,32,91,59,130,124,135" hai3="" shuffle="mt19937ar,AD1B39A5,F9C59BD7,3F31EF76,E7B1F4E1,4867945F,50218400,32D944A1,6C5D26C5"/><U114/><E119/><V105/><N who="2" m="31264" /><V96/><F32/><T85/><D116/><U123/><N who="1" m="31520" /><U51/><E125/><V52/><F124/><T118/><D118/><U35/><E35/><V134/><F130/><T110/><D128/><U109/><E114/><V104/><F44/><T61/><D110/><U38/><E62/><V70/><F70/><T39/><D0/><U50/><E84/><V111/><F101/><T65/><D1/><U74/><E74/><V60/><F111/><N who="1" m="42569" /><E98/><V129/><REACH who="2" step="1"/><F129/><REACH who="2" step="2"/><T48/><D67/><U120/><N who="1" m="30752" /><U66/><E66/><V133/><AGARI ba="0,1" hai="52,59,60,72,73,91,94,96,104,105,106,133,134,135" m="31264" machi="133" ten="40,6000,1" yaku="1,1,0,1,20,1,52,1,54,1,53,0" doraHai="68" doraHaiUra="113" who="2" fromWho="2" sc="117,-20,626,-40,297,70,0,0" /><INIT seed="6,0,0,5,4,53" ten="97,586,367,0" oya="2" hai0="117,78,135,80,71,44,100,97,48,112,113,88,3" hai1="54,55,121,41,122,118,58,76,79,111,33,51,62" hai2="107,91,70,116,98,104,35,73,84,106,134,89,0" hai3="" shuffle="mt19937ar,22ED985C,AC3B6944,7BAE505D,20B620E6,1A6DDFAE,BC2AA5BC,09E59788,C4223AEA"/><V45/><F0/><T37/><D48/><U63/><N who="1" m="31008" /><U92/><N who="1" m="31264" /><U74/><E33/><V40/><F35/><T72/><D44/><U124/><E111/><V50/><F116/><T125/><D37/><U60/><E118/><V95/><F73/><T103/><D71/><U108/><E108/><V96/><F134/><T46/><D46/><U110/><E110/><V114/><F70/><T129/><D3/><U120/><N who="1" m="30752" /><U94/><E124/><V66/><F66/><T64/><D64/><U36/><E74/><V65/><F65/><T49/><D49/><U34/><E34/><V93/><REACH who="2" step="1"/><F114/><REACH who="2" step="2"/><T42/><D117/><U75/><E75/><V68/><F68/><T86/><D135/><U67/><E67/><V59/><F59/><T77/><D72/><U82/><E58/><V99/><AGARI ba="0,1" hai="40,45,50,84,89,91,93,95,96,98,99,104,106,107" machi="99" ten="40,2600,0" yaku="1,1,0,1,53,0" doraHai="53" doraHaiUra="61" who="2" fromWho="2" sc="97,-13,586,-13,357,36,0,0" /><INIT seed="6,1,0,1,3,63" ten="84,573,393,0" oya="2" hai0="130,87,116,42,57,113,41,107,123,54,71,66,135" hai1="103,40,94,79,1,124,102,104,121,58,48,109,134" hai2="0,49,37,38,80,35,98,74,39,90,96,55,85" hai3="" shuffle="mt19937ar,01215272,C20FD262,695EE986,59080A84,5AD2FC89,5444FE51,53CE3C0E,540EA621"/><V52/><F0/><T59/><D87/><U127/><N who="1" m="31008" /><U62/><E109/><V89/><F35/><T132/><N who="0" m="31520" /><T92/><D92/><U118/><E1/><V51/><F74/><T73/><D107/><U53/><E104/><V44/><REACH who="2" step="1"/><F90/><REACH who="2" step="2"/><T91/><D91/><U129/><E118/><V105/><F105/><T32/><D73/><U45/><E79/><V115/><F115/><T75/><D75/><U110/><E110/><V117/><F117/><T128/><D32/><U76/><E76/><V114/><F114/><T46/><D113/><U120/><N who="1" m="30752" /><U100/><E129/><V65/><F65/><T97/><D116/><U50/><E134/><V111/><F111/><T43/><D130/><U34/><E34/><V60/><F60/><T93/><D128/><U82/><E62/><V2/><F2/><T95/><D66/><U64/><E64/><V133/><F133/><T88/><D88/><U78/><E78/><V131/><F131/><T86/><D135/><U99/><E82/><V70/><F70/><T67/><D71/><U33/><E33/><V108/><F108/><T106/><D106/><U69/><E69/><V3/><F3/><T61/><D67/><U77/><E77/><V101/><F101/><AGARI ba="1,1" hai="40,45,48,50,53,58,94,99,100,101,102,103,124,127" m="30752,31008" machi="101" ten="40,5200,0" yaku="6,1,52,2" doraHai="63" who="1" fromWho="2" sc="84,0,573,64,383,-54,0,0" owari="84,-52,637,59,329,-7,0,0" /></mjloggm>