<mjloggm ver="2.3"><GO type="225"/><UN n0="%E3%81%B6%E3%81%A3%E3%81%A8%E3%81%B3%E4%BE%8D" n1="%23%37%34%E5%A4%A7%E6%B2%BB%E9%83%8E" n2="%E5%85%AD%E5%88%86%E5%84%80%E3%82%B2%E3%83%B3%E3%83%89%E3%82%A6" n3="%E3%83%9B%E3%83%A2%E3%83%8F%E3%83%A0" dan="16,16,16,16" rate="2091,2031,2124,2087" sx="M,M,F,M"/><TAIKYOKU oya="0"/><INIT seed="0,0,0,5,1,7" ten="250,250,250,250" oya="0" hai0="18,16,99,128,40,58,97,117,19,70,46,80,79" hai1="109,8,53,111,66,90,57,38,44,63,108,14,62" hai2="124,24,2,132,100,27,15,92,67,35,10,107,3" hai3="25,31,34,118,83,91,93,29,123,61,32,64,54" shuffle="mt19937ar,D81B05BB,9537187C,EB52CF5D,C83B4F37,5EC414A1,CB337827,15970B7A,A739A2FB"/><T126/><D70/><U102/><E102/><V112/><F112/><W52/><G118/><T36/><D117/><U131/><E90/><V71/><F92/><W56/><G123/><T82/><D128/><U72/><E72/><V129/><F129/><W89/><G83/><T130/><D130/><U50/><E131/><V121/><F121/><W0/><G0/><T119/><D119/><U39/><REACH who="1" step="1"/><E63/><REACH who="1" step="2"/><V98/><F100/><W65/><G65/><T23/><D99/><U26/><E26/><V49/><F27/><W81/><G31/><T5/><D97/><U113/><E113/><V84/><F67/><W86/><G34/><T74/><D82/><U41/><E41/><V88/><F35/><W33/><G33/><T59/><D23/><U120/><E120/><V135/><F88/><W103/><G103/><T75/><D75/><U69/><E69/><V51/><F71/><W37/><G37/><T9/><REACH who="0" step="1"/><D126/><REACH who="0" step="2"/><U133/><E133/><V45/><F124/><W94/><REACH who="3" step="1"/><G81/><REACH who="3" step="2"/><T30/><D30/><U76/><E76/><V20/><F132/><W28/><G28/><T127/><D127/><U78/><E78/><V87/><F135/><W6/><G6/><AGARI ba="0,3" hai="6,8,14,38,39,44,50,53,57,62,66,108,109,111" machi="6" ten="40,8000,1" yaku="1,1,14,1,52,1,53,1" doraHai="7" doraHaiUra="60" who="1" fromWho="3" sc="240,0,240,110,250,0,240,-80" /><INIT seed="1,0,0,3,4,33" ten="240,350,250,160" oya="1" hai0="102,91,35,100,66,98,73,4,103,108,132,46,93" hai1="58,1,85,25,59,23,20,14,88,124,104,60,94" hai2="101,12,2,118,31,70,40,0,74,79,76,56,109" hai3="36,64,129,68,131,77,130,72,28,111,92,78,117" shuffle="mt19937ar,097768EA,457C926C,C6985651,13288696,95356907,8FA5DA12,F4C6D449,FC9A668A"/><U45/><E104/><V39/><F70/><W47/><G117/><T89/><D35/><U15/><E124/><V65/><F118/><W96/><G111/><T134/><D66/><U17/><E1/><V5/><F109/><W43/><G28/><T38/><D108/><U11/><E45/><V83/><F79/><W13/><G13/><T42/><D73/><U119/><E119/><V52/><F65/><W115/><G115/><T54/><D91/><U24/><E11/><V53/><F31/><W10/><G10/><T57/><REACH who="0" step="1"/><D4/><REACH who="0" step="2"/><U69/><E69/><V9/><F101/><W113/><G113/><T26/><D26/><U21/><E21/><V19/><F5/><W32/><G32/><T50/><AGARI ba="0,1" hai="38,42,46,50,54,57,89,93,98,100,102,103,132,134" machi="50" ten="30,2000,0" yaku="1,1,0,1,53,0" doraHai="33" doraHaiUra="105" who="0" fromWho="0" sc="230,30,350,-10,250,-5,160,-5" /><INIT seed="2,0,0,1,4,31" ten="260,340,245,155" oya="2" hai0="111,17,19,119,9,44,66,34,103,35,76,50,67" hai1="116,123,23,21,58,91,51,126,14,98,0,80,55" hai2="127,112,26,27,113,100,129,132,16,4,62,93,32" hai3="33,131,65,92,107,105,90,52,135,22,110,56,25" shuffle="mt19937ar,C540E43E,321117BB,CFFD9BE6,388A6EC3,227EA7BC,60EA6A81,E2CD8EEF,81E3EF05"/><V5/><F127/><W117/><G117/><T15/><D119/><U30/><E116/><V37/><F37/><W28/><G135/><T6/><D103/><U114/><E0/><V125/><F125/><W7/><G110/><T124/><D124/><U81/><E126/><V99/><F132/><W77/><G131/><T70/><D111/><U128/><E114/><V87/><F129/><W61/><G77/><T2/><D76/><U1/><E1/><V78/><F62/><W130/><G130/><T75/><D75/><U54/><E128/><V8/><F113/><W69/><G22/><T10/><D19/><N who="1" m="10487" /><E123/><V85/><F112/><W24/><G24/><N who="2" m="9257" /><F32/><W3/><G7/><N who="2" m="2633" /><F78/><W68/><G3/><T101/><D101/><U74/><E74/><V73/><F73/><W104/><REACH who="3" step="1"/><G65/><REACH who="3" step="2"/><T42/><REACH who="0" step="1"/><D67/><REACH who="0" step="2"/><U12/><E30/><V86/><F16/><W18/><G18/><T20/><D20/><U47/><E23/><V53/><F8/><W133/><G133/><T134/><D134/><U36/><E12/><V39/><F39/><W71/><G71/><T120/><D120/><U106/><E36/><V121/><F121/><W109/><G109/><T41/><D41/><U60/><E106/><V102/><F53/><W13/><G13/><T40/><D40/><U82/><E55/><V48/><F102/><W29/><G29/><T45/><D45/><U108/><E108/><V118/><F118/><W38/><G38/><T97/><D97/><AGARI ba="0,2" hai="25,28,33,52,56,61,68,69,90,92,97,104,105,107" machi="97" ten="40,8000,1" yaku="1,1,52,1,54,1,53,1" doraHai="31" doraHaiUra="59" who="3" fromWho="0" sc="250,-80,340,0,245,0,145,100" /><INIT seed="3,0,0,5,4,82" ten="170,340,245,245" oya="3" hai0="66,53,13,54,135,71,100,81,52,46,115,92,107" hai1="17,128,40,56,63,91,33,109,73,44,70,27,21" hai2="41,117,47,114,103,65,42,67,74,57,89,120,127" hai3="8,58,97,118,48,133,75,29,55,61,101,9,50" shuffle="mt19937ar,63979DF0,18FE67DD,70DC1150,034871B1,88D50D38,34D576B4,80B89BBE,4474A82D"/><W95/><G75/><T51/><D135/><U93/><E73/><V83/><F114/><W86/><G133/><T7/><D115/><U124/><E70/><V1/><F117/><W131/><G131/><T39/><D107/><U69/><E69/><V6/><F127/><W26/><G118/><T105/><D105/><U34/><E128/><V19/><F103/><W78/><G50/><T80/><D39/><U94/><E124/><V113/><F113/><W24/><G48/><T16/><D7/><U15/><E109/><V4/><F19/><W10/><REACH who="3" step="1"/><G29/><REACH who="3" step="2"/><T31/><D31/><U130/><E130/><V12/><F74/><W32/><G32/><T2/><D2/><U96/><E34/><V126/><F1/><W5/><G5/><T45/><D71/><U122/><E33/><V79/><F4/><W108/><G108/><T37/><D66/><U121/><E44/><V102/><F47/><W35/><G35/><T99/><D37/><U43/><E122/><V68/><F65/><W38/><G38/><T23/><REACH who="0" step="1"/><D46/><REACH who="0" step="2"/><U60/><E121/><V123/><F123/><W62/><G62/><T106/><D106/><U18/><E63/><V129/><F67/><W77/><G77/><T98/><D98/><U119/><E119/><V20/><F68/><W22/><G22/><T90/><D90/><U59/><E60/><V49/><F89/><W88/><G88/><T72/><D72/><U110/><E91/><V76/><F76/><W85/><G85/><T36/><D36/><U0/><E96/><V104/><F79/><W30/><G30/><T87/><D87/><RYUUKYOKU ba="0,2" sc="160,15,340,-15,245,-15,235,15" hai0="13,16,23,45,51,52,53,54,80,81,92,99,100" hai3="8,9,10,24,26,55,58,61,78,86,95,97,101" /><INIT seed="3,1,2,3,0,127" ten="175,325,230,250" oya="3" hai0="93,49,120,75,88,41,76,80,26,87,0,31,37" hai1="51,104,25,116,19,78,107,52,74,103,95,1,14" hai2="119,13,44,130,54,98,16,124,10,9,85,69,109" hai3="89,82,30,122,27,113,135,68,8,12,5,35,121" shuffle="mt19937ar,BC52300E,A0C7F855,140C510B,BB0D1C0E,C4D20B8E,D8153E7B,EC710126,0B123A76"/><W92/><G68/><T111/><D111/><U114/><E114/><V70/><F119/><W71/><G71/><T21/><D120/><U29/><E1/><V18/><F124/><W112/><G135/><T39/><REACH who="0" step="1"/><D0/><REACH who="0" step="2"/><U11/><E116/><V64/><F109/><W33/><G122/><T106/><D106/><U133/><E133/><V23/><F130/><W7/><G121/><T118/><D118/><U83/><E107/><V55/><F70/><W77/><G113/><T66/><D66/><U94/><E104/><V129/><F129/><W90/><G112/><T46/><AGARI ba="1,3" hai="21,26,31,37,39,41,46,49,75,76,80,87,88,93" machi="46" ten="30,4000,0" yaku="1,1,0,1,54,1,53,0" doraHai="127" doraHaiUra="102" who="0" fromWho="0" sc="165,73,325,-11,230,-11,250,-21" owari="238,-1,314,31,219,-18,229,-12" /></mjloggm>