<mjloggm ver="2.3"><GO type="225"/><UN n0="%E5%BE%85%E3%81%A1%E3%81%A8%E3%82%89%E3%81%9A" n1="%E9%9B%AA%E5%9B%BD%E8%82%B2%E3%81%A1" n2="%E5%88%BB%E5%AD%90%E5%B8%82%E6%B0%91" n3="%4E%6F%2E%32" dan="16,17,17,16" rate="2045,2187,2123,2085" sx="M,M,M,M"/><TAIKYOKU oya="0"/><INIT seed="0,0,0,0,3,30" ten="250,250,250,250" oya="0" hai0="12,56,8,102,51,93,54,26,97,92,6,13,109" hai1="134,23,47,46,61,27,71,91,95,126,65,45,116" hai2="7,117,70,125,20,66,132,104,90,114,74,106,18" hai3="108,118,83,103,123,75,62,133,29,21,128,55,110" shuffle="mt19937ar,E01F1128,9390AE33,1505C471,6D974807,4C91E950,9979D5FD,1AE09584,094A4528"/><T38/><D38/><U96/><E116/><V34/><F74/><W85/><G118/><T15/><D109/><U112/><E134/><V82/><F104/><W64/><G133/><T36/><D36/><U84/><E126/><V107/><F106/><W135/><G103/><T16/><D92/><U88/><E112/><V79/><F107/><W24/><G135/><T25/><REACH who="0" step="1"/><D12/><REACH who="0" step="2"/><U9/><E9/><AGARI ba="0,1" hai="6,8,9,13,15,16,25,26,51,54,56,93,97,102" machi="9" ten="30,12000,1" yaku="1,1,2,1,7,1,8,1,54,1,53,0" doraHai="30" doraHaiUra="80" who="0" fromWho="1" sc="240,130,250,-120,250,0,250,0" /><INIT seed="0,1,0,4,2,134" ten="370,130,250,250" oya="0" hai0="20,108,57,11,19,114,26,29,63,119,106,130,128" hai1="103,50,71,33,37,125,80,17,96,55,18,69,42" hai2="75,1,44,38,67,48,41,85,131,115,102,66,60" hai3="94,56,39,53,109,77,47,10,76,100,45,52,82" shuffle="mt19937ar,BC2D5259,54F1E11A,43CC2C0F,29EC2E34,027B1D37,63E158A4,FE5F3194,8B06AB89"/><T110/><D119/><U93/><E33/><V70/><F75/><W111/><G10/><T78/><D106/><U79/><E69/><V58/><F1/><W61/><G53/><T73/><D73/><U84/><E71/><V107/><F107/><W14/><G14/><N who="0" m="7647" /><D114/><U72/><E125/><V13/><F102/><W35/><G35/><T22/><D78/><N who="3" m="30313" /><G82/><T25/><D57/><U51/><E37/><V117/><F117/><W112/><G112/><T101/><D101/><U90/><E42/><V31/><F31/><W97/><G39/><T86/><D86/><U68/><E68/><V3/><F3/><W129/><G129/><N who="0" m="49771" /><D63/><U121/><E121/><V28/><F60/><W98/><G98/><T89/><D89/><U120/><E120/><V104/><F58/><W105/><G105/><T99/><D99/><U87/><E72/><V54/><F104/><W59/><G59/><T64/><D64/><U124/><E124/><V88/><F67/><W46/><G46/><T122/><D122/><U74/><E74/><V65/><F66/><W126/><G126/><T116/><D116/><U24/><E79/><V34/><F70/><W21/><G21/><T15/><D15/><U135/><E84/><V118/><F34/><W49/><G49/><T8/><D8/><U95/><E51/><V81/><F48/><W113/><G113/><T4/><D4/><U5/><E5/><V91/><F115/><W6/><G6/><T27/><D27/><U123/><E24/><V7/><F131/><W43/><G43/><T30/><AGARI ba="1,0" hai="20,22,25,26,29,30,108,110" m="49771,7647" machi="30" ten="30,6000,0" yaku="19,1,34,2" doraHai="134" who="0" fromWho="0" sc="370,63,130,-21,250,-21,250,-21" /><INIT seed="0,2,0,2,2,52" ten="433,109,229,229" oya="0" hai0="68,63,123,41,125,19,37,54,77,2,108,111,72" hai1="120,12,13,84,70,55,18,95,93,4,101,43,30" hai2="39,24,45,20,87,81,119,53,47,91,49,124,5" hai3="116,29,44,83,51,121,34,56,66,126,133,69,104" shuffle="mt19937ar,1FD65DBD,64B581B3,556322E1,C1020792,F306A6C2,8CDA9D93,B12CFB15,B2B148BF"/><T33/><D2/><U27/><E120/><V46/><F124/><W89/><G104/><T16/><D123/><U90/><E70/><V42/><F119/><W50/><G121/><T92/><D33/><U35/><E43/><V88/><F5/><W135/><G116/><T65/><D125/><U117/><E117/><V48/><F39/><W132/><G126/><T97/><D77/><U110/><E110/><N who="0" m="42025" /><D72/><U73/><E73/><V67/><F67/><W8/><G8/><T14/><D54/><U31/><E31/><V80/><F47/><W76/><G89/><N who="2" m="34377" /><F87/><W99/><G99/><T75/><D75/><U82/><E101/><V122/><F122/><W71/><G29/><AGARI ba="2,0" hai="20,24,29,42,45,46,48,49,53,80,81" m="34377" machi="29" ten="30,2000,0" yaku="8,1,54,1" doraHai="52" who="2" fromWho="3" sc="433,0,109,0,229,26,229,-26" /><INIT seed="1,0,0,0,2,131" ten="433,109,255,203" oya="1" hai0="1,20,18,13,100,84,43,10,75,33,81,92,127" hai1="135,34,85,101,83,39,16,109,82,60,115,8,64" hai2="54,95,112,114,103,9,19,35,42,113,22,65,62" hai3="134,27,77,29,59,93,72,97,88,133,125,121,110" shuffle="mt19937ar,9763F5C5,43B27A0E,91F5E207,8F0663F4,D0D9F7F4,BE62F34B,9258C133,73F227E9"/><U86/><E115/><V40/><F35/><W53/><G121/><T68/><D33/><U44/><E34/><V52/><F9/><W41/><G41/><N who="2" m="15977" /><F95/><W122/><G122/><T94/><D68/><U37/><E109/><V56/><F103/><W91/><G110/><T130/><D75/><U105/><E135/><N who="3" m="51722" /><G125/><T12/><D1/><U70/><E101/><V49/><F49/><N who="3" m="31151" /><G91/><T87/><D100/><U45/><E105/><V0/><F0/><W67/><G67/><T30/><D127/><U73/><E73/><V96/><F96/><W46/><G46/><T98/><D98/><U66/><E66/><V14/><AGARI ba="0,0" hai="14,19,22,52,54,56,62,65,112,113,114" m="15977" machi="14" ten="40,2700,0" yaku="11,1,54,1" doraHai="131" who="2" fromWho="2" sc="433,-7,109,-13,255,27,203,-7" /><INIT seed="2,0,0,3,4,84" ten="426,96,282,196" oya="2" hai0="63,79,72,55,69,44,93,52,108,0,56,115,20" hai1="131,116,124,114,86,103,119,36,78,14,61,16,50" hai2="106,109,30,67,85,92,19,12,82,122,66,29,62" hai3="127,88,51,91,135,54,1,58,101,46,133,80,23" shuffle="mt19937ar,FC3ECCA1,842346C1,9F8E5983,4924C0DD,7845B816,59DE26A0,278415C0,3472B7B2"/><V34/><F106/><W37/><G1/><T59/><D108/><U7/><E36/><V9/><F122/><W68/><G68/><T4/><D69/><U15/><E114/><V75/><F75/><W96/><G127/><T35/><D35/><U48/><E124/><V31/><F109/><W28/><G28/><T123/><D20/><U112/><E112/><V130/><F130/><W8/><G8/><T117/><D44/><U120/><E120/><V57/><F92/><N who="3" m="58503" /><G23/><T110/><D4/><U104/><E131/><V53/><REACH who="2" step="1"/><F34/><REACH who="2" step="2"/><W90/><G80/><T6/><D110/><U81/><E81/><V83/><F83/><W21/><G37/><T17/><D72/><U24/><E104/><V70/><F70/><W60/><G21/><T65/><D123/><U11/><E119/><V26/><F26/><W22/><G22/><T38/><D38/><U99/><E24/><V105/><F105/><W42/><G135/><T102/><D117/><U43/><E116/><V10/><F10/><W64/><G133/><T25/><D25/><U32/><E11/><V87/><F87/><W76/><G76/><AGARI ba="0,1" hai="9,12,19,29,30,31,53,57,62,66,67,76,82,85" machi="76" ten="40,3900,0" yaku="1,1,8,1,53,0" doraHai="84" doraHaiUra="2" who="2" fromWho="3" sc="426,0,96,0,272,49,196,-39" /><INIT seed="2,1,0,4,0,79" ten="426,96,321,157" oya="2" hai0="124,22,127,93,60,133,94,108,107,128,12,8,38" hai1="29,132,10,16,129,119,120,103,57,106,87,24,72" hai2="67,78,25,100,66,36,118,14,53,125,135,92,19" hai3="37,11,115,0,45,96,34,90,48,39,77,18,84" shuffle="mt19937ar,067682CF,571A9614,2E87EC9D,ED339913,3944BD4B,8F35EE1B,FD68F0DF,6630517A"/><V75/><F36/><W102/><G34/><T59/><D38/><U4/><E72/><V20/><F118/><W126/><G77/><T69/><D108/><U114/><E120/><V117/><F117/><W44/><G126/><N who="0" m="48171" /><D107/><U86/><E119/><V1/><F1/><W101/><G115/><T26/><D69/><U6/><E114/><V70/><F125/><W80/><G0/><T89/><D133/><U43/><E132/><V122/><F122/><W51/><G39/><T35/><D89/><U28/><E43/><V3/><F3/><W61/><G61/><T27/><D35/><U130/><E57/><V64/><F135/><W104/><G37/><T13/><D27/><U110/><E110/><V98/><F70/><W88/><G102/><T105/><D13/><N who="1" m="7223" /><E103/><V65/><N who="2" m="16384" /><DORA hai="81" /><V2/><F2/><W91/><G45/><T131/><D59/><U41/><E106/><V111/><F111/><W17/><G48/><T134/><D60/><U42/><E42/><V56/><F75/><W113/><G113/><T83/><D105/><U23/><E41/><V30/><F78/><W109/><G109/><T95/><D12/><U15/><E29/><V55/><REACH who="2" step="1"/><F56/><REACH who="2" step="2"/><W82/><G11/><AGARI ba="1,1" hai="11,14,19,20,25,30,53,55,92,98,100" m="16384" machi="11" ten="50,18000,2" yaku="1,1,2,1,8,1,53,4" doraHai="79,81" doraHaiUra="46,63" who="2" fromWho="3" sc="426,0,96,0,311,193,157,-183" owari="426,18,96,-25,504,50,-26,-43" /></mjloggm>