<mjloggm ver="2.3"><GO type="185"/><UN n0="%E4%B8%89%E7%94%B0%E6%9D%91%E8%8C%9C" n1="%E6%84%9F%E8%AC%9D%E3%81%A7%E3%81%99" n2="%E3%80%93%E3%81%84%E3%81%A1%E3%81%AF%E3%82%89%E3%80%93" n3="" dan="17,17,18,0" rate="2170,2214,2243,1500" sx="F,M,M,C"/><TAIKYOKU oya="0"/><INIT seed="0,0,0,4,3,110" ten="350,350,350,0" oya="0" hai0="88,51,99,42,134,125,109,59,44,64,32,122,108" hai1="102,65,82,38,36,34,39,79,86,61,96,78,55" hai2="71,111,135,93,128,133,54,92,69,116,124,129,85" hai3="" shuffle="mt19937ar,1C2AA291,5723B743,9AA7EFE7,E0B40D0D,DF097024,7EB046C6,B4BCAFE6,CFDEC421"/><T33/><N who="0" m="31264" /><T90/><D134/><N who="2" m="51210" /><F111/><N who="0" m="42570" /><D125/><U107/><E34/><N who="0" m="13417" /><D99/><U53/><REACH who="1" step="1"/><E79/><REACH who="1" step="2"/><V115/><F124/><T75/><D75/><U74/><E74/><V113/><F116/><T87/><D87/><U80/><E80/><V131/><F85/><T60/><AGARI ba="0,1" hai="42,44,51,59,60,64,88,90" m="13417,42570,31264" machi="60" ten="40,8000,1" yaku="14,1,10,1,52,1,54,1" doraHai="110" who="0" fromWho="0" sc="350,90,340,-40,350,-40,0,0" /><INIT seed="0,1,0,1,0,108" ten="440,300,310,0" oya="0" hai0="102,131,75,48,54,79,60,115,0,59,83,46,38" hai1="42,81,129,33,135,117,109,56,88,96,71,112,119" hai2="63,94,2,82,49,65,118,133,32,80,110,44,78" hai3="" shuffle="mt19937ar,282893A1,9FB324EC,F181BBCD,6EAE48A4,F15313D2,5CC50371,5D378527,E5BDB0E4"/><T90/><D0/><U55/><E33/><V113/><F32/><T62/><D131/><U100/><E129/><V85/><F2/><T35/><D35/><U116/><E71/><V37/><F37/><T36/><D102/><U3/><E3/><V125/><F110/><T47/><D47/><U43/><E109/><V70/><F118/><T61/><D115/><U40/><E135/><V105/><F105/><T91/><D91/><U77/><E112/><V103/><F133/><T134/><D134/><U124/><E124/><V128/><F125/><T89/><D89/><U76/><E81/><V121/><N who="2" m="31008" /><V72/><F128/><T120/><N who="0" m="30752" /><T57/><D57/><U58/><E58/><V92/><F103/><T64/><D90/><U132/><E132/><V106/><F106/><T127/><D127/><U97/><E97/><V104/><F104/><T114/><D114/><U87/><E87/><V95/><F113/><T73/><D75/><U74/><E74/><V86/><REACH who="2" step="1"/><F82/><REACH who="2" step="2"/><T45/><D36/><U123/><N who="1" m="31520" /><U41/><E100/><V111/><F111/><T130/><D130/><U51/><N who="1" m="10240" /><DORA hai="68" /><U50/><E119/><V126/><F126/><T122/><D122/><U67/><E117/><V98/><F98/><RYUUKYOKU ba="1,1" sc="440,10,300,-20,300,10,0,0" hai0="38,45,46,48,54,59,60,61,62,64,73,79,83" hai2="44,49,63,65,70,72,78,80,85,86,92,94,95" /><INIT seed="0,2,1,5,5,53" ten="450,280,310,0" oya="0" hai0="90,74,73,46,78,91,83,49,85,34,0,129,36" hai1="2,67,48,69,57,62,105,135,99,51,39,127,132" hai2="95,72,41,81,117,104,102,101,77,80,47,58,118" hai3="" shuffle="mt19937ar,52A10BB2,A155D84D,75A1DFBB,0BBF2A2D,46477036,FE09F8DE,8FDC53A0,D49D393A"/><T115/><D0/><U96/><E2/><V112/><F112/><T84/><D34/><U119/><E119/><V111/><F111/><T75/><D115/><U65/><E127/><V35/><F35/><T43/><D129/><U40/><E105/><V133/><F133/><T97/><D97/><U124/><E124/><V68/><F68/><T92/><REACH who="0" step="1"/><D36/><REACH who="0" step="2"/><U32/><E32/><V82/><F118/><T33/><D33/><U60/><E99/><V120/><F117/><T59/><D59/><U71/><E96/><V106/><F58/><T42/><D42/><U134/><E57/><V88/><F41/><T114/><D114/><U44/><AGARI ba="2,2" hai="39,40,44,48,51,60,62,65,67,69,71,132,134,135" machi="44" ten="40,9000,2" yaku="0,1,9,1,20,1,34,3" doraHai="53" who="1" fromWho="1" sc="440,-62,280,114,310,-32,0,0" /><INIT seed="1,0,0,5,1,33" ten="378,394,278,0" oya="1" hai0="90,95,104,105,66,77,56,89,36,114,72,97,35" hai1="44,117,99,128,34,122,84,110,3,55,65,123,76" hai2="39,61,91,51,135,96,1,48,64,134,79,43,70" hai3="" shuffle="mt19937ar,3BCB09F7,24992A19,9739514F,EF20E2EA,512C9340,62E1DBBE,D1D67115,D8560593"/><U0/><N who="1" m="31264" /><U87/><N who="1" m="31520" /><U118/><E34/><V81/><F1/><T120/><N who="0" m="30752" /><T69/><D69/><U119/><E128/><V124/><F124/><T132/><D114/><U101/><E110/><V127/><F127/><T116/><D35/><U47/><E65/><V109/><F109/><T49/><D36/><U57/><E47/><V126/><F126/><T68/><D68/><U121/><N who="1" m="31008" /><U92/><E44/><V75/><F39/><T107/><D66/><U37/><E37/><V113/><F113/><T130/><D49/><U83/><REACH who="1" step="1"/><E87/><REACH who="1" step="2"/><V38/><F38/><T42/><D42/><U59/><E59/><V125/><F125/><T88/><D56/><U50/><AGARI ba="0,1" hai="0,3,50,55,57,76,83,84,92,99,101,117,118,119" m="31008,31520,31264" machi="50" ten="30,16000,3" yaku="1,1,0,1,52,5,53,3" doraHai="33" doraHaiUra="112" who="1" fromWho="1" sc="378,-80,384,170,278,-80,0,0" /><INIT seed="1,1,0,5,4,42" ten="298,554,198,0" oya="1" hai0="57,127,63,83,53,132,111,106,82,100,64,130,0" hai1="65,120,109,55,118,131,50,103,32,74,70,35,102" hai2="101,52,133,122,87,56,105,76,92,69,112,47,62" hai3="" shuffle="mt19937ar,D1C98A1B,12EF1CE8,8027E76E,B4E28C2F,6093308E,BA01230B,1E24B7B5,4BD5C9B3"/><U51/><N who="1" m="30752" /><U129/><E118/><V110/><N who="2" m="31264" /><V86/><F110/><T2/><D111/><U49/><E109/><V77/><F112/><T88/><D132/><U124/><E74/><V96/><F133/><T99/><D130/><N who="1" m="49675" /><E124/><V46/><F69/><T68/><D127/><U67/><E55/><V91/><F77/><T90/><D83/><U72/><E72/><V3/><F3/><T126/><D126/><U125/><E125/><V44/><F76/><T33/><D33/><N who="1" m="12875" /><E70/><V115/><F115/><T73/><D73/><U107/><E107/><V39/><REACH who="2" step="1"/><F87/><REACH who="2" step="2"/><T93/><D0/><U38/><E38/><AGARI ba="1,1" hai="38,39,44,46,47,52,56,62,86,91,92,96,101,105" m="31264" machi="38" ten="40,12000,2" yaku="1,1,2,1,52,4,54,1,53,0" doraHai="42" doraHaiUra="1" who="2" fromWho="1" sc="298,0,554,-122,188,132,0,0" /><INIT seed="2,0,0,0,4,71" ten="298,432,320,0" oya="2" hai0="43,32,99,117,56,90,127,61,125,103,83,37,51" hai1="135,50,52,81,121,98,115,79,35,2,114,68,69" hai2="47,67,42,41,1,133,94,85,33,105,39,74,59" hai3="" shuffle="mt19937ar,26E0ED6D,D5E9D2DD,EE8CCDEE,D9A5393E,741B9414,611AEC13,02B7B761,4E2724F4"/><V112/><F33/><T129/><D117/><U82/><N who="1" m="31008" /><U84/><E35/><V57/><F105/><T54/><D32/><U113/><E2/><V45/><F74/><T63/><D129/><U102/><E135/><V92/><F1/><T131/><D131/><U109/><E81/><V36/><F133/><T55/><D83/><U95/><REACH who="1" step="1"/><E109/><REACH who="1" step="2"/><V64/><REACH who="2" step="1"/><F85/><REACH who="2" step="2"/><T70/><D127/><U73/><E73/><V104/><F104/><T77/><D125/><U44/><AGARI ba="0,2" hai="44,50,52,68,69,79,82,84,95,98,102,113,114,115" m="31008" machi="44" ten="30,6000,1" yaku="1,1,0,1,52,1,54,1,53,1" doraHai="71" doraHaiUra="96" who="1" fromWho="1" sc="298,-20,422,80,310,-40,0,0" /><INIT seed="4,0,0,2,1,42" ten="278,502,270,0" oya="0" hai0="98,109,93,37,74,119,122,49,89,45,61,35,63" hai1="105,43,66,114,130,82,133,59,36,92,95,104,73" hai2="96,33,64,32,129,97,51,135,83,118,101,99,68" hai3="" shuffle="mt19937ar,15BB32A8,92F557C8,60422D86,7019E09C,43834EB8,1A43AAED,CCA5212E,828D8963"/><T67/><N who="0" m="31264" /><T91/><D35/><U94/><E133/><V132/><F118/><T121/><N who="0" m="31008" /><T0/><D119/><U112/><E130/><V106/><F129/><T84/><D0/><U120/><N who="1" m="30752" /><U76/><E43/><V72/><F64/><T103/><D74/><U38/><E36/><V111/><F68/><T41/><D109/><U69/><E38/><V102/><F111/><T123/><N who="0" m="31520" /><T113/><D113/><N who="1" m="43627" /><E69/><V86/><F72/><T54/><D67/><U127/><E127/><V125/><F125/><T48/><D37/><U70/><E70/><V34/><F51/><T60/><REACH who="0" step="1"/><D84/><REACH who="0" step="2"/><U52/><E66/><V79/><REACH who="2" step="1"/><F99/><REACH who="2" step="2"/><T1/><D1/><U87/><E73/><V90/><F90/><T81/><D81/><U77/><E77/><V115/><F115/><T134/><D134/><U56/><E82/><V107/><AGARI ba="0,2" hai="32,33,34,79,83,86,96,97,101,102,106,107,132,135" machi="107" ten="40,3900,0" yaku="1,1,0,1,9,1,53,0" doraHai="42" doraHaiUra="40" who="2" fromWho="2" sc="268,-26,502,-13,260,59,0,0" /><INIT seed="5,0,0,4,5,72" ten="242,489,319,0" oya="1" hai0="45,91,104,134,44,129,73,57,69,130,128,113,2" hai1="51,126,108,87,122,62,93,59,48,90,89,96,66" hai2="46,33,38,114,88,41,0,86,49,125,95,65,78" hai3="" shuffle="mt19937ar,170758B0,B87381C5,C575A4A3,680A8E61,241C471D,E1E6D5E1,2C725B70,15E4A002"/><U1/><N who="1" m="31264" /><U119/><E1/><V123/><N who="2" m="31520" /><V68/><F33/><T107/><D2/><U63/><E126/><V120/><N who="2" m="30752" /><V103/><F125/><T3/><D3/><U35/><E119/><V58/><F0/><T97/><D69/><U55/><E108/><V81/><F114/><T105/><D73/><U34/><E34/><V54/><F103/><T92/><D113/><U131/><E131/><V85/><F65/><T52/><REACH who="0" step="1"/><D134/><REACH who="0" step="2"/><U77/><E35/><V99/><REACH who="2" step="1"/><F68/><REACH who="2" step="2"/><T83/><D83/><U61/><E66/><V102/><F102/><T70/><D70/><U116/><E116/><V135/><F135/><T109/><D109/><U124/><E124/><V115/><F115/><T64/><D64/><U127/><E127/><V60/><F60/><AGARI ba="0,2" hai="44,45,52,57,60,91,92,97,104,105,107,128,129,130" machi="60" ten="50,6400,0" yaku="1,1,19,1,54,1,53,0" doraHai="72" doraHaiUra="47" who="0" fromWho="2" sc="232,84,489,0,309,-64,0,0" /><INIT seed="6,0,0,2,3,78" ten="316,489,245,0" oya="2" hai0="53,67,54,132,69,44,85,51,2,49,115,59,89" hai1="107,35,74,91,1,134,129,99,125,103,111,72,47" hai2="97,101,45,52,130,80,83,40,68,43,36,119,120" hai3="" shuffle="mt19937ar,69480DEA,6F7B6B09,A2342C5D,B5F2C332,7A082B1F,7F8B8A30,C6F4F6B7,985A24BB"/><V109/><N who="2" m="30752" /><V71/><F119/><T131/><D2/><U73/><E1/><V32/><F32/><T123/><N who="0" m="31520" /><T90/><D115/><U124/><E111/><V3/><F3/><T114/><D114/><U76/><E35/><V84/><F109/><T133/><D131/><U61/><E129/><V95/><F130/><T100/><D100/><U87/><E134/><N who="0" m="51817" /><D85/><U98/><E98/><V48/><F43/><T126/><D126/><U112/><E112/><V70/><REACH who="2" step="1"/><F84/><REACH who="2" step="2"/><T39/><D39/><U88/><E87/><V96/><F96/><T108/><D108/><U57/><E99/><V37/><F37/><T106/><D106/><U92/><E107/><V66/><F66/><T64/><D64/><U46/><E125/><V121/><N who="2" m="31008" /><V56/><AGARI ba="0,1" hai="36,40,45,48,52,56,68,70,71,80,83,95,97,101" m="31008,30752" machi="56" ten="30,16000,3" yaku="1,1,4,1,0,1,52,4,54,1,53,0" doraHai="78" doraHaiUra="104" who="2" fromWho="2" sc="316,-80,489,-80,235,170,0,0" /><INIT seed="6,1,0,5,3,97" ten="236,409,405,0" oya="2" hai0="129,103,105,126,90,98,33,92,70,128,66,95,121" hai1="87,1,118,102,49,65,39,50,107,38,2,72,68" hai2="88,84,106,80,52,125,48,45,74,116,0,44,96" hai3="" shuffle="mt19937ar,9429CCC0,08F53896,295AADEA,A04BD184,D7B0ACCC,61E1356F,0803B4A4,16F56C31"/><V122/><N who="2" m="31264" /><V108/><F116/><T117/><N who="0" m="31008" /><T53/><D66/><U89/><E72/><V100/><F108/><T51/><D53/><U93/><E118/><V57/><F0/><T46/><D51/><U113/><E113/><V61/><F125/><T79/><D46/><U115/><E115/><V119/><F119/><T124/><D70/><U35/><E35/><V94/><F61/><T32/><D32/><U62/><E50/><V132/><F132/><T130/><D33/><U123/><N who="1" m="31520" /><U47/><E102/><V37/><F37/><T134/><D117/><U131/><E107/><V64/><F64/><T71/><D71/><U40/><REACH who="1" step="1"/><E131/><REACH who="1" step="2"/><V120/><N who="2" m="30752" /><V76/><AGARI ba="1,1" hai="44,45,48,52,57,74,76,80,84,88,94,96,100,106" m="30752,31264" machi="76" ten="30,16000,3" yaku="4,1,0,1,24,2,52,3,54,2" doraHai="97" who="2" fromWho="2" sc="236,-81,399,-81,405,172,0,0" owari="155,-44,318,-8,577,52,0,0" /></mjloggm>