<mjloggm ver="2.3"><GO type="225"/><UN n0="%E3%82%AF%E3%83%AB%E3%83%AB%E2%98%86" n1="%E8%B6%85%E3%83%92%E3%83%A2%E3%83%AA%E3%83%AD" n2="%74%EF%BC%9C%6E" n3="%EF%BC%A6%EF%BC%B8%E9%9B%80%E5%A3%AB" dan="16,17,16,16" rate="2051,2103,2070,2048" sx="F,F,F,M"/><TAIKYOKU oya="0"/><INIT seed="0,0,0,1,3,124" ten="250,250,250,250" oya="0" hai0="31,50,127,27,74,73,38,13,101,61,10,7,30" hai1="85,14,70,4,126,69,121,1,2,18,17,75,43" hai2="79,20,8,42,54,122,111,62,35,97,19,21,123" hai3="109,113,66,63,3,83,23,130,46,47,60,119,33" shuffle="mt19937ar,C46F6510,C07B96FC,9AC0C2A4,C3190C96,B1EFF418,FD15DF36,6A770905,EA544CEE"/><T53/><D38/><U5/><E75/><V12/><F35/><W117/><G33/><T115/><D115/><U11/><E121/><V93/><F79/><W6/><G3/><T76/><D127/><U52/><E43/><V95/><F42/><W114/><G6/><T84/><D101/><U59/><E126/><V16/><F111/><W71/><G83/><T99/><D99/><U105/><E105/><V34/><F34/><W108/><G23/><T102/><D102/><U91/><E5/><V133/><F133/><W29/><G29/><T24/><D61/><U132/><E2/><V64/><F54/><W40/><G40/><T56/><D74/><U98/><E98/><V26/><F8/><W15/><G15/><T9/><D73/><U89/><E132/><V25/><F12/><W120/><G66/><T36/><D36/><U55/><E55/><V110/><F110/><W51/><G51/><T96/><D96/><U77/><E77/><V90/><REACH who="2" step="1"/><F93/><REACH who="2" step="2"/><W107/><G107/><T104/><D104/><U88/><E85/><V39/><F39/><W106/><G106/><T82/><REACH who="0" step="1"/><D10/><REACH who="0" step="2"/><U131/><E11/><V49/><F49/><W129/><REACH who="3" step="1"/><G71/><AGARI ba="0,2" hai="16,19,20,21,25,26,62,64,71,90,95,97,122,123" machi="71" ten="30,7700,0" yaku="1,1,7,1,9,1,54,1,53,0" doraHai="124" doraHaiUra="103" who="2" fromWho="3" sc="240,0,250,0,240,97,250,-77" /><INIT seed="1,0,0,3,1,21" ten="240,250,337,173" oya="1" hai0="83,130,93,49,32,3,111,5,27,129,113,103,31" hai1="78,16,47,36,1,0,67,61,70,128,115,121,72" hai2="24,58,12,59,19,122,85,89,87,127,11,94,39" hai3="56,42,64,120,105,51,135,99,40,73,80,131,48" shuffle="mt19937ar,EE792652,F6FBB241,99CCD2E3,F6DC3886,C1CAC4E5,DED3F72C,1245FA2E,9DCF10C6"/><U106/><E115/><V66/><F39/><W107/><G120/><T17/><D113/><U6/><E121/><V4/><F122/><W52/><G135/><T7/><D111/><U109/><E106/><V116/><F116/><W125/><G125/><T38/><D38/><U71/><E109/><V98/><F127/><W20/><G131/><N who="0" m="50187" /><D3/><U22/><E128/><V134/><F134/><W23/><G64/><T102/><D83/><U43/><E71/><V95/><F66/><W101/><G105/><T37/><D37/><U62/><E62/><V74/><F74/><W10/><G10/><T90/><D49/><U28/><E28/><V15/><F24/><W14/><G14/><T57/><D57/><N who="2" m="21514" /><F94/><W114/><G114/><T126/><D17/><U68/><E68/><V25/><F25/><W79/><REACH who="3" step="1"/><G42/><REACH who="3" step="2"/><T46/><D126/><U33/><E43/><V53/><F53/><W82/><G82/><T123/><D123/><U104/><E104/><V69/><F69/><W63/><G63/><T60/><D60/><U8/><E0/><V29/><F12/><W96/><G96/><N who="0" m="57399" /><D46/><AGARI ba="0,1" hai="20,23,40,46,48,51,52,56,73,79,80,99,101,107" machi="46" ten="40,5200,0" yaku="1,1,54,1,53,1" doraHai="21" doraHaiUra="55" who="3" fromWho="0" sc="240,-52,250,0,337,0,163,62" /><INIT seed="2,0,0,4,5,17" ten="188,250,337,225" oya="2" hai0="67,119,135,58,132,54,37,62,123,8,47,122,9" hai1="121,79,111,110,56,25,11,20,26,134,105,2,94" hai2="39,96,0,86,68,131,126,12,43,60,81,69,34" hai3="44,28,63,65,78,13,115,38,98,24,72,66,104" shuffle="mt19937ar,164366B9,17725EE5,F79D0716,15F3FCDD,519CE832,7EAC13E2,7C295708,6E038ADA"/><V83/><F0/><W64/><G115/><T29/><D29/><U80/><E105/><V21/><F34/><W130/><G130/><T42/><D8/><U7/><E134/><N who="0" m="51241" /><D9/><U114/><E114/><V55/><F131/><W99/><G13/><T52/><D119/><U14/><E121/><AGARI ba="0,0" hai="37,42,47,52,54,58,62,67,121,122,123" m="51241" machi="121" ten="30,7700,0" yaku="20,1,34,2,54,1" doraHai="17" who="0" fromWho="1" sc="188,77,250,-77,337,0,225,0" /><INIT seed="3,0,0,4,0,9" ten="265,173,337,225" oya="3" hai0="85,103,68,54,44,106,128,47,130,55,132,64,121" hai1="88,61,62,73,98,19,48,97,90,66,46,101,58" hai2="112,99,36,27,92,133,15,14,6,4,42,117,17" hai3="104,38,95,120,75,13,20,33,49,12,39,91,122" shuffle="mt19937ar,56D90E85,1FF21E38,C6CE3FE8,A00FEA3A,865109C0,451215B4,5D7D22B7,B823E9AF"/><W129/><G33/><T81/><D121/><U94/><E73/><V119/><F112/><W127/><G104/><T100/><D132/><U22/><E62/><V125/><F117/><W59/><G75/><T135/><D135/><U11/><E11/><V1/><F1/><W76/><G76/><T67/><D68/><U102/><E90/><V111/><F119/><W30/><G39/><T53/><D106/><U35/><E98/><V108/><F133/><W52/><G38/><T56/><D56/><U63/><E63/><V23/><F125/><W50/><G127/><T43/><D85/><U80/><E80/><V34/><F42/><W21/><G129/><N who="0" m="49771" /><D81/><U113/><E35/><V16/><F36/><W7/><G7/><T41/><D41/><U93/><E93/><V18/><F34/><W77/><G77/><T29/><D29/><U10/><E10/><N who="2" m="6263" /><F108/><W105/><G105/><T126/><D126/><U71/><E71/><V118/><F111/><W24/><G50/><N who="0" m="26911" /><D47/><U110/><E113/><V109/><F109/><W32/><G32/><T69/><D69/><U65/><E65/><AGARI ba="0,0" hai="53,54,55,64,65,67,100,103" m="26911,49771" machi="65" ten="30,1000,0" yaku="19,1" doraHai="9" who="0" fromWho="1" sc="265,10,173,-10,337,0,225,0" owari="275,3,163,-24,337,33,225,-12" /></mjloggm>