<mjloggm ver="2.3"><GO type="225"/><UN n0="%73%70%6F%69%6C%65%64" n1="%E3%83%81%E3%83%A3%E3%82%AA%E3%83%AA" n2="%E9%95%B7%E5%B2%A1%E5%A4%A7%E6%98%8E%E7%A5%9E" n3="%E8%80%81%E9%A6%AC" dan="16,17,16,16" rate="2041,2100,2068,2014" sx="M,M,F,M"/><TAIKYOKU oya="0"/><INIT seed="0,0,0,4,0,10" ten="250,250,250,250" oya="0" hai0="129,19,120,125,75,15,11,71,95,42,104,101,34" hai1="119,60,63,23,80,110,39,69,47,51,24,14,135" hai2="90,26,92,81,115,17,30,118,94,128,122,88,13" hai3="38,21,48,56,45,76,36,91,5,62,83,130,84" shuffle="mt19937ar,09A29C01,EEB242A0,69B36D23,BFF19EB9,C364CCF2,8A459332,36C51A36,5785F069"/><T82/><D120/><U9/><E119/><V6/><F122/><W111/><G111/><T86/><D34/><U41/><E110/><V133/><F118/><W49/><G130/><T65/><D129/><U55/><E80/><V27/><F128/><W96/><G5/><T72/><D125/><U25/><E135/><V87/><F133/><W78/><G38/><T74/><D42/><U70/><E63/><V114/><F6/><W1/><G1/><T22/><D104/><U20/><E20/><V109/><F109/><W64/><G36/><T112/><D112/><U16/><E60/><V37/><F37/><W32/><G32/><T0/><D65/><U12/><E25/><V52/><F52/><N who="3" m="29711" /><G96/><T108/><D71/><U117/><E117/><V53/><F53/><N who="3" m="31791" /><G21/><T31/><D108/><U67/><E67/><V29/><F81/><W46/><G46/><T66/><D66/><U44/><E24/><N who="2" m="9259" /><F115/><W132/><G132/><T18/><D0/><U127/><E127/><V107/><F107/><W116/><G116/><T89/><D74/><U93/><E93/><V85/><F114/><W106/><G106/><T102/><D75/><U2/><E2/><V113/><F113/><W28/><G28/><T59/><D31/><U50/><E39/><V100/><F100/><W99/><G99/><T58/><D72/><U57/><E44/><V134/><F134/><W4/><G4/><AGARI ba="0,0" hai="4,9,12,14,16,23,41,47,50,51,55,57,69,70" machi="4" ten="30,7700,0" yaku="7,1,52,2,54,1" doraHai="10" who="1" fromWho="3" sc="250,0,250,77,250,0,250,-77" /><INIT seed="1,0,0,0,2,2" ten="250,327,250,173" oya="1" hai0="59,77,90,44,81,65,109,48,127,74,63,94,95" hai1="111,35,123,23,118,115,1,99,72,68,78,0,30" hai2="38,28,69,93,108,43,55,103,14,15,12,45,57" hai3="132,114,75,37,51,117,8,105,58,129,100,82,42" shuffle="mt19937ar,ACE963DA,1CF6D835,13D0CEF9,0A4821FA,94F0A9B1,B58603B4,DD5EB041,900BE6EC"/><U62/><E23/><V16/><F69/><W19/><G114/><T113/><D109/><U11/><E99/><V66/><F108/><W130/><G132/><T91/><D113/><U131/><E115/><V84/><F28/><W79/><G117/><T64/><D127/><U13/><E111/><V46/><F66/><W135/><G135/><T101/><D64/><N who="1" m="40983" /><E13/><V61/><F46/><W83/><G83/><T31/><D31/><U50/><E50/><V106/><F106/><W87/><G75/><T32/><D32/><U47/><E47/><V128/><F128/><N who="3" m="49259" /><G37/><T21/><D21/><U17/><E17/><V39/><F39/><W98/><G19/><T6/><D101/><U89/><E89/><V20/><REACH who="2" step="1"/><F84/><REACH who="2" step="2"/><W27/><G87/><T34/><D65/><U110/><E131/><V56/><F56/><W104/><G104/><T86/><D59/><U97/><E110/><V126/><F126/><W133/><G133/><T5/><D44/><U52/><E118/><V116/><F116/><W9/><G58/><T80/><D86/><U71/><E71/><V18/><F18/><W54/><G105/><T24/><D74/><U22/><E72/><V41/><F41/><W7/><G42/><T102/><D63/><U88/><E30/><V3/><F3/><W112/><G112/><T134/><D134/><U124/><E124/><V10/><F10/><W96/><G9/><T4/><D48/><U36/><E11/><V119/><F119/><W67/><G8/><T26/><D34/><U53/><E35/><V107/><F107/><W60/><G60/><T25/><D77/><RYUUKYOKU ba="0,1" sc="250,-10,327,-10,240,30,173,-10" hai2="12,14,15,16,20,38,43,45,55,57,61,93,103" /><INIT seed="2,1,1,5,0,49" ten="240,317,270,163" oya="2" hai0="65,129,33,76,44,127,0,75,18,79,131,34,115" hai1="45,25,26,95,125,48,43,53,86,12,61,6,16" hai2="3,56,101,114,87,96,72,123,88,98,106,68,50" hai3="37,97,55,122,20,60,62,91,54,40,41,116,117" shuffle="mt19937ar,5D0F513C,FAD7C8D7,32508878,7C8F272B,B8021684,1303A573,07590998,0D1B32AA"/><V132/><F3/><W70/><G20/><T103/><D115/><U11/><E125/><V51/><F68/><W35/><G35/><N who="0" m="13323" /><D0/><U112/><E112/><V130/><F72/><W15/><G15/><T30/><D30/><U17/><E43/><N who="3" m="16458" /><G91/><T27/><D75/><U2/><E61/><N who="3" m="23658" /><G97/><T73/><D73/><U59/><E59/><V47/><F114/><W78/><G78/><T133/><D127/><U119/><E119/><N who="3" m="45642" /><G37/><T69/><D79/><U109/><E2/><V108/><F98/><W1/><G1/><T7/><D76/><U67/><E26/><V22/><F88/><W94/><G94/><T13/><D18/><U46/><E25/><V42/><F96/><W99/><G99/><T39/><D27/><U63/><E86/><V104/><F101/><W83/><G83/><T126/><D103/><U100/><E95/><V113/><F87/><W19/><G19/><T4/><D13/><U64/><E100/><V38/><F22/><W134/><G122/><T14/><D39/><U107/><E17/><V102/><F102/><W128/><G128/><T81/><D14/><U105/><E16/><V120/><F130/><W23/><G23/><T80/><D131/><U58/><E12/><V93/><F93/><W118/><N who="3" m="45650" /><W66/><DORA hai="74" /><G134/><T85/><D129/><U52/><E105/><V29/><F132/><W90/><G90/><T135/><D133/><U32/><E107/><V111/><F38/><W5/><G5/><T10/><D135/><U92/><E92/><V8/><F106/><W9/><G9/><T21/><D4/><U71/><E11/><RYUUKYOKU ba="1,1" sc="240,-10,317,-10,270,-10,163,30" hai3="54,55,66,70" /><INIT seed="3,2,1,1,5,5" ten="230,307,260,193" oya="3" hai0="39,49,61,72,16,57,53,89,66,105,63,2,45" hai1="97,92,87,18,107,68,23,19,29,58,108,96,11" hai2="121,1,7,31,38,133,51,79,109,32,74,122,10" hai3="60,91,98,123,94,129,110,0,90,114,52,71,131" shuffle="mt19937ar,1316F19F,5E4D09ED,5873E676,DB449F8E,E3932965,946CE674,B6D944B3,C4695F4A"/><W112/><G123/><N who="2" m="47113" /><F133/><W35/><G35/><T12/><D2/><U21/><E68/><V22/><F51/><W26/><G0/><T20/><D105/><U117/><E108/><V13/><F109/><W43/><G110/><T15/><D72/><U17/><E117/><V6/><F6/><W86/><G43/><T124/><D124/><U55/><E107/><V44/><F32/><W102/><G26/><T62/><D39/><U120/><E120/><V3/><F31/><W40/><G40/><T88/><D15/><N who="1" m="9471" /><E11/><V101/><F101/><W99/><G91/><AGARI ba="2,1" hai="12,16,20,45,49,53,57,61,62,63,66,88,89,91" machi="91" ten="40,5200,0" yaku="8,1,54,2" doraHai="5" who="0" fromWho="3" sc="230,68,307,0,260,0,193,-58" owari="298,5,307,30,260,-9,135,-26" /></mjloggm>