<mjloggm ver="2.3"><GO type="225"/><UN n0="%E7%90%86%E6%83%B3%E9%9B%80%E5%A3%AB" n1="%E3%83%81%E3%83%A3%E3%82%AA%E3%83%AA" n2="%E3%82%B9%E3%83%91%E3%83%BC%E3%82%AF%E3%82%B9" n3="%73%69%67%65%6E%6F%72%69" dan="16,17,16,17" rate="2031,2099,2044,2164" sx="M,M,F,M"/><TAIKYOKU oya="0"/><INIT seed="0,0,0,3,5,11" ten="250,250,250,250" oya="0" hai0="65,94,48,124,2,1,20,6,75,113,39,22,17" hai1="95,121,3,27,52,108,91,118,10,73,34,43,83" hai2="23,86,116,24,112,62,126,26,130,99,81,54,67" hai3="63,44,59,74,69,82,120,19,58,71,119,61,37" shuffle="mt19937ar,ABC28F25,25004C36,A14EDD83,C6447570,2F425B9D,655B63C3,05E6487C,E76499F7"/><T0/><D113/><U32/><E118/><V70/><F112/><W77/><G119/><T8/><D39/><U114/><E121/><V30/><F116/><W117/><G117/><T90/><D75/><U93/><E43/><V15/><F126/><W111/><G120/><T72/><D72/><U47/><E114/><V134/><F134/><W78/><G111/><T45/><D65/><U109/><E73/><V105/><F130/><W49/><G37/><T85/><D124/><U56/><E47/><V79/><F54/><W125/><G125/><T53/><REACH who="0" step="1"/><D22/><REACH who="0" step="2"/><U33/><E109/><V129/><F129/><W122/><G122/><T38/><D38/><U4/><E108/><V88/><F67/><W51/><G74/><T12/><AGARI ba="0,1" hai="0,1,2,6,8,12,17,20,45,48,53,85,90,94" machi="12" ten="20,12000,1" yaku="1,1,0,1,7,1,52,1,53,1" doraHai="11" doraHaiUra="40" who="0" fromWho="0" sc="240,130,250,-40,250,-40,250,-40" /><INIT seed="0,1,0,4,3,111" ten="370,210,210,210" oya="0" hai0="45,35,50,114,117,30,86,20,83,37,41,110,17" hai1="131,49,64,27,62,115,97,125,0,12,47,78,112" hai2="96,9,53,21,103,109,57,19,71,124,67,10,129" hai3="84,104,120,11,16,61,118,135,39,55,89,107,73" shuffle="mt19937ar,D96FF458,F1251A48,9F9905C4,9FA5A84C,5EBEE918,6D823A69,68286308,078AFC5D"/><T132/><D117/><U87/><E0/><V25/><F109/><W72/><G118/><T43/><D110/><U4/><E97/><V108/><F108/><W58/><G39/><T130/><D35/><U63/><E27/><V22/><F124/><W32/><G32/><T81/><D30/><U14/><E125/><V65/><F129/><W76/><G135/><T70/><D70/><U8/><E14/><V6/><F22/><W95/><G120/><T94/><D130/><U82/><E131/><V91/><F71/><W74/><REACH who="3" step="1"/><G76/><REACH who="3" step="2"/><T105/><D37/><U24/><E24/><V60/><F91/><W101/><G101/><T28/><D132/><U80/><E80/><V31/><F31/><W99/><G99/><T36/><D83/><U68/><REACH who="1" step="1"/><E63/><REACH who="1" step="2"/><V46/><F60/><W34/><G34/><T33/><D81/><U116/><E116/><V15/><F96/><W56/><G56/><T18/><D33/><U38/><E38/><V13/><F103/><W98/><G98/><T93/><D36/><U48/><E48/><V7/><F25/><W128/><G128/><T52/><D50/><U90/><E90/><V126/><F126/><W26/><G26/><T42/><D28/><U77/><E77/><V40/><F57/><W127/><G127/><T85/><D45/><U113/><E113/><V100/><F100/><W106/><G106/><T92/><D114/><U122/><E122/><V54/><F46/><W3/><G3/><T123/><D105/><U51/><E51/><V5/><F15/><AGARI ba="1,2" hai="11,15,16,55,58,61,72,73,74,84,89,95,104,107" machi="15" ten="40,2600,0" yaku="1,1,54,1,53,0" doraHai="111" doraHaiUra="2" who="3" fromWho="2" sc="370,0,200,0,210,-29,200,49" /><INIT seed="1,0,0,2,0,29" ten="370,200,181,249" oya="1" hai0="130,6,92,24,26,67,22,72,134,47,84,18,52" hai1="21,43,9,64,51,56,110,89,107,10,57,93,88" hai2="103,3,63,73,59,32,33,30,116,42,82,86,62" hai3="129,14,127,121,19,12,53,80,123,25,46,0,28" shuffle="mt19937ar,FF723A28,395AE7E8,EE990383,ABA96264,1F861ED6,EC3AA6E0,E5E0294A,4FF5B2C8"/><U37/><E107/><V126/><F116/><W1/><G80/><T81/><D6/><U31/><E37/><V7/><F73/><W104/><G104/><T96/><D72/><U112/><E112/><V125/><F30/><W91/><G91/><T71/><D71/><U69/><E69/><V78/><F42/><W109/><G46/><T60/><D67/><U66/><E110/><V76/><F76/><W108/><G53/><T45/><D134/><U75/><E75/><V100/><F7/><W95/><G95/><T40/><D40/><U35/><E35/><N who="2" m="13387" /><F3/><N who="3" m="1099" /><G127/><N who="2" m="48649" /><F63/><W85/><G28/><T36/><D36/><U99/><E43/><V113/><F113/><W98/><G109/><T41/><D60/><U83/><E31/><V105/><F105/><W128/><G108/><T90/><D41/><U11/><E21/><V65/><AGARI ba="0,0" hai="59,62,65,78,82,86,100,103" m="48649,13387" machi="65" ten="30,7900,0" yaku="18,1,52,3" doraHai="29" who="2" fromWho="2" sc="370,-20,200,-39,181,79,249,-20" /><INIT seed="2,0,0,2,5,70" ten="350,161,260,229" oya="2" hai0="49,131,102,32,104,24,33,55,117,43,78,6,134" hai1="77,110,129,28,135,1,20,65,72,120,59,63,126" hai2="46,47,57,75,106,18,81,105,13,124,51,83,115" hai3="61,4,68,22,85,71,53,89,35,34,125,15,96" shuffle="mt19937ar,922C1F7C,073E61B3,358B0BE8,AC6D946D,4E6DFDD9,4DDC2693,68997ED5,4A9ED74A"/><V38/><F115/><W60/><G125/><T25/><D43/><U108/><E1/><V11/><F124/><W84/><G96/><N who="0" m="61511" /><D6/><U94/><E126/><V7/><F57/><W10/><G85/><T128/><D78/><U30/><E120/><V62/><F62/><W100/><G100/><T0/><D0/><U54/><E135/><V21/><F81/><W133/><G133/><T123/><D134/><U41/><E129/><N who="0" m="49737" /><D117/><U16/><E94/><V116/><F116/><W79/><G79/><T29/><D123/><U12/><E65/><V130/><F130/><W52/><G68/><T119/><D119/><U40/><E77/><V82/><F82/><W67/><G22/><N who="0" m="15511" /><D25/><U69/><E72/><V19/><F75/><W45/><G53/><T122/><D122/><U109/><E69/><V3/><F83/><W48/><REACH who="3" step="1"/><G61/><REACH who="3" step="2"/><T73/><D73/><U99/><E99/><V8/><F105/><W31/><G31/><AGARI ba="0,1" hai="12,16,20,28,30,31,40,41,54,59,63,108,109,110" machi="31" ten="40,2600,0" yaku="14,1,54,1" doraHai="70" who="1" fromWho="3" sc="350,0,161,36,260,0,219,-26" /><INIT seed="3,0,0,4,1,70" ten="350,197,260,193" oya="3" hai0="26,88,36,87,99,58,93,69,63,131,17,103,68" hai1="18,112,44,75,80,51,11,104,15,89,41,65,118" hai2="84,56,60,77,135,46,127,108,86,6,25,45,0" hai3="55,81,122,98,52,74,12,2,95,123,114,83,59" shuffle="mt19937ar,8F8AE2B9,ED61B0FB,32FCC1C0,5910E308,F08F6863,828489B6,5998470A,373C4C19"/><W132/><G2/><T129/><D36/><U30/><E104/><V22/><F127/><W3/><G3/><T37/><D37/><U19/><E112/><V92/><F135/><W79/><G114/><T73/><D73/><U66/><E30/><V115/><F115/><W7/><G132/><T13/><D26/><U134/><E134/><V107/><F107/><W10/><G83/><T48/><D48/><U126/><E126/><V5/><F108/><W105/><G105/><T124/><D124/><U8/><E118/><V106/><F106/><W119/><G119/><T91/><D68/><U90/><E75/><V14/><F0/><W49/><REACH who="3" step="1"/><G55/><REACH who="3" step="2"/><N who="0" m="34271" /><D131/><U117/><E117/><V33/><F92/><W133/><G133/><T64/><D129/><U110/><E110/><V57/><F33/><W109/><G109/><T29/><D93/><U35/><E35/><V32/><F32/><W31/><G31/><T47/><D29/><U9/><E80/><V100/><F100/><AGARI ba="0,1" hai="7,10,12,49,52,59,74,79,81,95,98,100,122,123" machi="100" ten="30,5800,0" yaku="1,1,7,1,54,1,53,0" doraHai="70" doraHaiUra="38" who="3" fromWho="2" sc="350,0,197,0,260,-58,183,68" /><INIT seed="3,1,0,4,2,11" ten="350,197,202,251" oya="3" hai0="35,89,104,90,19,40,13,36,12,84,80,0,97" hai1="70,65,48,123,127,46,9,8,76,21,67,118,5" hai2="24,129,53,30,99,50,110,18,29,79,59,56,86" hai3="43,39,7,22,113,88,69,61,75,77,125,23,111" shuffle="mt19937ar,18E99E27,51929DE9,14CAACDB,826DDC1D,29356CD1,569E8067,869A311B,E3156203"/><W27/><G113/><T128/><D0/><U115/><E115/><V91/><F129/><W100/><G100/><T66/><D35/><U37/><E37/><V95/><F110/><W58/><G69/><T124/><D66/><U44/><E123/><V3/><F3/><W57/><G125/><T17/><D36/><U54/><E127/><V38/><F38/><W41/><G111/><T101/><D124/><U116/><E44/><V1/><F1/><W108/><G108/><T81/><D40/><U15/><E76/><V74/><F74/><W98/><G39/><T133/><D133/><U28/><E9/><V102/><F79/><W6/><G77/><T105/><D128/><U135/><E135/><V87/><F87/><W122/><G75/><T72/><D72/><U47/><E47/><V2/><F2/><W96/><G122/><T114/><D114/><U51/><E51/><V119/><F119/><N who="1" m="45609" /><E70/><V20/><F59/><W85/><G61/><T120/><D120/><U82/><E82/><AGARI ba="1,0" hai="18,20,24,29,30,50,53,56,82,86,91,95,99,102" machi="82" ten="30,2000,0" yaku="7,1,8,1" doraHai="11" who="2" fromWho="1" sc="350,0,197,-23,202,23,251,0" owari="350,35,174,-23,225,-12,251,0" /></mjloggm>