<mjloggm ver="2.3"><GO type="225"/><UN n0="%E5%85%8B%E5%88%A9%E5%A5%A5%E4%BD%A9%E7%89%B9%E5%89%8C%CE%B6" n1="%E5%9B%BD%E7%AB%8B%E5%90%9B" n2="%E9%9B%AA%E5%9B%BD%E8%82%B2%E3%81%A1" n3="%73%69%67%65%6E%6F%72%69" dan="16,17,17,17" rate="2153,2069,2065,2131" sx="F,M,M,M"/><TAIKYOKU oya="0"/><INIT seed="0,0,0,5,4,61" ten="250,250,250,250" oya="0" hai0="40,2,129,114,47,100,34,83,26,87,20,68,4" hai1="81,123,70,118,64,22,117,32,107,24,94,35,66" hai2="62,109,14,88,99,59,86,76,77,21,101,111,90" hai3="115,49,30,37,80,56,82,128,106,9,5,125,104" shuffle="mt19937ar,3A2D6E03,FD716053,EF1BD40D,9D7FF2E4,DAD08B12,2E6DE20E,B408E488,32B50417"/><T1/><D114/><U13/><E107/><V48/><F48/><W95/><G37/><T84/><D129/><U113/><E123/><V58/><F14/><W27/><G115/><T74/><D34/><U108/><E113/><V93/><F21/><W98/><G128/><T130/><D130/><U102/><E108/><N who="2" m="41547" /><F90/><W131/><G131/><T19/><D100/><U54/><E13/><V126/><F126/><W116/><G125/><T3/><D68/><U41/><E41/><V0/><F0/><W28/><G104/><T17/><D17/><U110/><E110/><V112/><F112/><W133/><G106/><T120/><D120/><U134/><E70/><V39/><F39/><W96/><G96/><T124/><D124/><U18/><E118/><V119/><F119/><W31/><G27/><T12/><D74/><U73/><E117/><V69/><F69/><W79/><G116/><T97/><D97/><U51/><E35/><V75/><F75/><W46/><G79/><N who="2" m="30281" /><F62/><W50/><G49/><T132/><D83/><AGARI ba="0,0" hai="58,59,83,86,88,93,99,101" m="30281,41547" machi="83" ten="30,2000,0" yaku="14,1,54,1" doraHai="61" who="2" fromWho="0" sc="250,-20,250,0,250,20,250,0" /><INIT seed="1,0,0,4,3,71" ten="230,250,270,250" oya="1" hai0="11,60,119,51,76,122,103,83,84,82,63,29,61" hai1="105,44,121,114,48,117,116,21,37,45,93,99,98" hai2="30,24,28,55,127,104,68,79,32,43,124,57,97" hai3="133,126,78,58,19,15,123,131,52,128,56,109,2" shuffle="mt19937ar,529AC5D8,C3964509,33C16A93,1C8272F9,5DD02CA5,D0179827,437BCDFA,74BDB26D"/><U9/><E121/><V54/><F79/><W87/><G123/><T49/><D122/><U125/><E114/><V39/><F68/><W18/><G2/><T130/><D119/><U40/><E125/><N who="2" m="48203" /><F30/><W91/><G126/><T47/><D130/><N who="3" m="49705" /><G109/><T22/><D103/><U14/><E21/><V46/><F57/><W100/><G100/><AGARI ba="0,0" hai="24,28,32,39,43,46,54,55,97,100,104" m="48203" machi="100" ten="30,2000,0" yaku="18,1,52,1" doraHai="71" who="2" fromWho="3" sc="230,0,250,0,270,20,250,-20" /><INIT seed="2,0,0,4,4,22" ten="230,250,290,230" oya="2" hai0="50,54,42,18,12,63,30,38,92,53,106,107,24" hai1="72,130,80,23,110,46,97,35,47,52,98,89,79" hai2="105,31,113,93,125,14,16,128,21,40,88,45,85" hai3="5,75,122,100,108,2,123,1,71,111,51,132,26" shuffle="mt19937ar,09D5DA8E,4D1FD62A,64C7ECFC,09E8A4D7,B6B1707E,B4084F6C,2DDFF902,F99169D1"/><V112/><F125/><W34/><G75/><T55/><D38/><U49/><E35/><V41/><F128/><W9/><G71/><T83/><D83/><U76/><E130/><V43/><F105/><W37/><G100/><T94/><D63/><U60/><E110/><N who="3" m="42026" /><G37/><T84/><D106/><U70/><E79/><V101/><F101/><W36/><G51/><T6/><D107/><U32/><E32/><V135/><F135/><W15/><G36/><T129/><D6/><U39/><E23/><V68/><F68/><W44/><G44/><N who="0" m="25879" /><D84/><U91/><E97/><V96/><F96/><W29/><G132/><T4/><D4/><U116/><E116/><V74/><F74/><W48/><G48/><T81/><D81/><U115/><E115/><V82/><F82/><W66/><G66/><T3/><D3/><AGARI ba="0,0" hai="1,2,3,5,9,15,26,29,34,122,123" m="42026" machi="3" ten="30,7700,0" yaku="14,1,34,2,52,1" doraHai="22" who="3" fromWho="0" sc="230,-77,250,0,290,0,230,77" /><INIT seed="3,0,0,2,2,31" ten="153,250,290,307" oya="3" hai0="128,10,114,26,41,123,95,81,18,68,35,6,62" hai1="44,60,98,107,101,96,9,83,120,134,39,59,82" hai2="131,45,86,112,97,13,0,66,104,28,111,90,25" hai3="48,61,19,77,106,89,46,55,22,4,80,79,93" shuffle="mt19937ar,E01B0977,6059DF9F,6B07BF6B,3B37A97A,720F01A8,18EB8DE8,F1EB0F38,26464AB1"/><W23/><G106/><T102/><D123/><U121/><E134/><V53/><F112/><W27/><G4/><T130/><D41/><U30/><E121/><V126/><F0/><W32/><G32/><T113/><D81/><U87/><E120/><V51/><F126/><W49/><G61/><T57/><D68/><U125/><E125/><V16/><F131/><N who="0" m="50218" /><D95/><U116/><E116/><V105/><F111/><W12/><G49/><T2/><D102/><U92/><E30/><V67/><F104/><W3/><G3/><T11/><D57/><U58/><E9/><N who="2" m="6191" /><F97/><N who="3" m="57519" /><G80/><T21/><D62/><U52/><E59/><V14/><F14/><W33/><G33/><T72/><D72/><U78/><E83/><N who="2" m="49503" /><F105/><W115/><G115/><N who="0" m="44043" /><D11/><U118/><E118/><V38/><F38/><W132/><G132/><T127/><D127/><U122/><E122/><V5/><F5/><W47/><G47/><T24/><D35/><AGARI ba="0,0" hai="25,28,35,45,51,53,66,67" m="49503,6191" machi="35" ten="30,3900,0" yaku="25,1,52,1,54,1" doraHai="31" who="2" fromWho="0" sc="153,-39,250,0,290,39,307,0" owari="114,-29,250,-10,329,33,307,6" /></mjloggm>