<mjloggm ver="2.3"><GO type="225"/><UN n0="%E9%9E%8D" n1="%E3%82%88%E3%81%A3%E3%81%A1" n2="%4E%6F%2E%32" n3="%E9%9B%81%E7%BA%8F" dan="16,16,16,16" rate="2020,2069,2083,2075" sx="M,M,M,M"/><TAIKYOKU oya="0"/><INIT seed="0,0,0,0,3,43" ten="250,250,250,250" oya="0" hai0="96,81,23,110,22,85,84,90,21,55,39,20,7" hai1="122,38,52,130,118,125,88,13,61,3,133,49,115" hai2="104,116,42,48,65,16,106,103,30,76,19,111,83" hai3="26,89,15,17,69,117,98,121,77,101,44,70,73" shuffle="mt19937ar,7610B35E,BD8B1F6C,B362D393,5AA98F9E,11ECD12E,4394E04D,274273AB,94D7345A"/><T10/><D39/><U105/><RYUUKYOKU type="yao9" ba="0,0" sc="250,0,250,0,250,0,250,0" hai1="3,13,38,49,52,61,88,105,115,118,122,125,130,133" /><INIT seed="0,1,0,3,2,79" ten="250,250,250,250" oya="0" hai0="116,92,123,18,12,83,37,118,85,14,113,64,94" hai1="81,0,31,23,39,128,56,122,40,63,100,105,91" hai2="104,86,27,9,125,10,55,33,24,103,60,88,58" hai3="120,102,93,46,6,133,67,110,99,49,26,5,54" shuffle="mt19937ar,020A7A36,5B22088D,408A3753,05FD8AE4,F2A7757A,29100A27,FF229605,708EEE9F"/><T112/><D37/><U70/><E0/><V68/><F125/><W82/><G120/><T131/><D64/><U84/><E70/><V97/><F68/><W134/><G110/><T41/><D41/><U34/><E34/><V69/><F69/><W121/><G121/><T114/><D123/><U61/><E122/><V119/><F119/><W96/><G67/><T50/><D50/><U108/><E108/><V45/><F45/><W19/><G99/><T109/><D109/><U25/><E128/><V107/><F107/><W48/><G48/><T38/><D38/><U52/><E100/><V80/><REACH who="2" step="1"/><F33/><REACH who="2" step="2"/><W43/><G134/><T65/><D118/><U21/><E105/><V35/><F35/><W4/><G133/><T124/><D116/><U111/><E111/><V130/><F130/><W59/><G46/><T32/><D131/><U44/><REACH who="1" step="1"/><E21/><REACH who="1" step="2"/><V42/><F42/><W90/><G43/><T135/><D32/><U73/><E73/><V74/><F74/><W75/><G75/><T57/><D135/><U29/><E29/><V20/><F20/><W66/><G59/><T8/><D57/><U2/><E2/><V13/><F13/><W7/><G26/><AGARI ba="1,2" hai="9,10,24,26,27,55,58,60,80,86,88,97,103,104" machi="26" ten="40,5200,0" yaku="1,1,52,1,54,1,53,0" doraHai="79" doraHaiUra="16" who="2" fromWho="3" sc="250,0,240,0,240,75,250,-55" /><INIT seed="1,0,0,5,1,65" ten="250,240,315,195" oya="1" hai0="124,73,69,7,21,77,4,28,111,57,22,66,110" hai1="36,128,67,82,27,87,78,40,10,16,43,11,119" hai2="76,98,23,46,95,127,26,88,62,49,55,52,42" hai3="6,30,2,84,102,47,123,107,121,71,14,120,1" shuffle="mt19937ar,7439EB34,0D03E851,59252F81,81A7CA5F,22E2300D,F281AE40,6D15725E,7FE0070F"/><U32/><E119/><V115/><F127/><W50/><G30/><T63/><D124/><U116/><E116/><V135/><F115/><W41/><G84/><T15/><D77/><U94/><E128/><V130/><F135/><W33/><G33/><T34/><D73/><U18/><E67/><V31/><F130/><W97/><G6/><N who="0" m="2091" /><D57/><U54/><E54/><V51/><F76/><W91/><G14/><T114/><D114/><U118/><E94/><V101/><F62/><W3/><REACH who="3" step="1"/><G91/><REACH who="3" step="2"/><T81/><D15/><U126/><E126/><V103/><REACH who="2" step="1"/><F42/><REACH who="2" step="2"/><W37/><G37/><T122/><D122/><U44/><E118/><V75/><F75/><W8/><G8/><T92/><D111/><U60/><E43/><V112/><F112/><W85/><G85/><T109/><D110/><U86/><E86/><V113/><F113/><W89/><G89/><T58/><D109/><U19/><REACH who="1" step="1"/><E60/><REACH who="1" step="2"/><V13/><F13/><W25/><G25/><T106/><D63/><U38/><E38/><V99/><F99/><W48/><G48/><T35/><D106/><U24/><E24/><V80/><F80/><W108/><G108/><T72/><D81/><U93/><E93/><V29/><F29/><AGARI ba="0,3" hai="10,11,16,18,19,27,29,32,36,40,44,78,82,87" machi="29" ten="40,3900,0" yaku="1,1,54,1,53,0" doraHai="65" doraHaiUra="59" who="1" fromWho="2" sc="250,0,230,69,305,-39,185,0" /><INIT seed="1,1,0,2,1,53" ten="250,299,266,185" oya="1" hai0="105,69,38,115,89,12,23,130,42,106,64,100,128" hai1="6,67,27,132,124,92,13,114,62,29,30,0,61" hai2="120,99,79,34,78,87,88,96,93,14,104,81,70" hai3="47,129,112,28,109,24,46,110,19,9,127,95,63" shuffle="mt19937ar,EB9D0026,19484892,E31EECEA,AD8386CE,E4BB7840,B6548D72,9CAAEA18,B5D22334"/><U72/><E72/><V68/><F120/><W135/><G112/><T102/><D115/><U58/><E0/><V39/><F39/><W21/><G135/><T118/><D118/><U66/><E114/><V40/><F34/><W1/><G129/><T133/><D133/><U54/><E132/><V73/><F40/><W131/><G131/><T134/><D134/><U16/><E124/><V45/><F45/><W51/><G127/><T35/><D35/><U75/><E75/><V83/><F14/><N who="3" m="7631" /><G1/><T101/><D105/><U103/><E6/><V15/><F15/><W121/><G121/><T56/><D106/><U26/><E103/><N who="2" m="62591" /><F68/><W33/><G33/><T97/><D69/><U50/><E92/><N who="2" m="54303" /><F70/><W123/><G123/><T41/><D38/><U5/><E5/><V48/><F48/><W32/><G32/><T25/><D12/><U80/><E80/><N who="2" m="30795" /><F73/><W122/><G122/><T111/><D42/><U8/><E62/><V4/><F4/><W86/><G51/><T84/><D128/><U94/><E94/><V37/><F37/><W126/><G63/><T108/><D41/><U36/><E36/><V31/><F31/><N who="1" m="11785" /><E67/><V10/><F10/><W77/><G126/><T90/><D64/><U117/><E117/><V107/><F107/><W44/><G95/><T52/><D130/><U119/><E119/><V22/><F22/><W7/><G7/><T20/><D20/><U91/><E66/><V85/><F85/><W98/><G98/><T18/><D23/><U2/><E61/><V113/><F113/><W82/><G28/><T55/><D97/><U76/><E2/><RYUUKYOKU ba="1,0" sc="250,-15,299,-15,266,15,185,15" hai2="78,79,93,96" hai3="21,24,44,46,47,77,82,86,109,110" /><INIT seed="2,2,0,0,5,48" ten="235,284,281,200" oya="2" hai0="52,75,12,19,93,72,57,32,87,117,100,97,6" hai1="38,106,62,125,119,13,114,24,44,33,39,71,70" hai2="110,37,31,2,82,20,27,54,122,29,59,121,4" hai3="127,101,109,134,74,80,115,131,64,83,69,77,107" shuffle="mt19937ar,A9C3537B,0484D079,B44943E0,6A70C8AC,2E76A45F,3C6EC8AF,C59D02E1,23A93F17"/><V34/><F37/><W14/><G109/><T132/><D32/><U95/><E95/><V113/><F113/><W133/><G14/><T46/><D132/><N who="3" m="50793" /><G64/><T61/><D117/><U8/><E114/><V49/><F110/><W126/><G69/><T28/><D28/><U3/><E119/><V42/><F42/><W123/><G115/><T116/><D116/><U53/><E125/><N who="3" m="47626" /><G123/><T128/><D128/><U67/><E106/><V73/><F31/><W65/><G65/><T36/><D6/><U11/><E71/><V130/><F130/><W9/><G9/><T45/><D36/><U92/><E24/><V84/><F73/><W26/><G26/><T43/><D43/><U63/><E33/><V7/><F34/><W108/><G108/><T47/><REACH who="0" step="1"/><D87/><REACH who="0" step="2"/><U68/><E39/><V85/><F85/><W94/><G131/><T50/><D50/><U58/><E38/><V18/><F29/><W10/><G10/><AGARI ba="2,1" hai="10,12,19,45,46,47,52,57,61,72,75,93,97,100" machi="10" ten="40,12000,2" yaku="1,1,52,1,54,1,53,3" doraHai="48" doraHaiUra="40" who="0" fromWho="3" sc="225,136,284,0,281,0,200,-126" /><INIT seed="3,0,0,1,1,116" ten="361,284,281,74" oya="3" hai0="2,44,35,6,68,95,135,10,13,47,87,7,102" hai1="30,51,38,3,114,22,73,93,31,109,54,84,97" hai2="66,32,4,90,121,111,55,5,15,65,46,134,74" hai3="133,63,81,82,96,131,125,45,53,76,34,77,18" shuffle="mt19937ar,FEF6884F,6D7AAA94,68223CCB,67744572,489467F3,B521635F,D2552A14,F8135363"/><W27/><G125/><T33/><D68/><U50/><E73/><V106/><F32/><W126/><G126/><T107/><D107/><U70/><E38/><V48/><F74/><W57/><G133/><T29/><D47/><U103/><E70/><V56/><F106/><W112/><G112/><T59/><D44/><U8/><E114/><V36/><F36/><W85/><G131/><T128/><D128/><U104/><E109/><V69/><F111/><W52/><G96/><T58/><D35/><U75/><E75/><V39/><F39/><W71/><G71/><T41/><D41/><U124/><E124/><V108/><F69/><W42/><G53/><T115/><D115/><U61/><E61/><V127/><F55/><W98/><G98/><T110/><D110/><U123/><E123/><V1/><F121/><W19/><G34/><T24/><D135/><U12/><E3/><V0/><F65/><W14/><G27/><T101/><D101/><U119/><E119/><V40/><F66/><W118/><G118/><T113/><D113/><U64/><E64/><V17/><F0/><W94/><G94/><T120/><D120/><U130/><E130/><V67/><F1/><W62/><G62/><T86/><D102/><U37/><E37/><V72/><F67/><W83/><G85/><N who="0" m="32267" /><D95/><U21/><E104/><V91/><F127/><W25/><G25/><T49/><D49/><U78/><E51/><V79/><F108/><W60/><G60/><T26/><D26/><U23/><E84/><V89/><F134/><W132/><G132/><T9/><D2/><U80/><E50/><RYUUKYOKU ba="0,0" sc="361,30,284,-10,281,-10,74,-10" hai0="6,7,9,10,13,24,29,33,58,59" owari="391,40,274,2,271,-8,64,-34" /></mjloggm>