<mjloggm ver="2.3"><GO type="185"/><UN n0="%E3%81%B0%E3%81%8F%E3%81%92%E3%81%A3%E3%81%8D" n1="%E5%83%8D%E3%81%8D%E3%81%9F%E3%81%8F%E3%81%AA%E3%81%84" n2="%E3%81%AA%E3%83%BC%E3%81%8B%E3%82%80" n3="" dan="16,17,16,0" rate="2317,2217,2066,1500" sx="M,M,M,C"/><TAIKYOKU oya="0"/><INIT seed="0,0,0,5,4,92" ten="350,350,350,0" oya="0" hai0="66,134,83,60,75,106,51,43,103,48,118,52,72" hai1="124,0,38,96,123,87,57,78,49,69,99,80,94" hai2="36,50,45,135,113,117,95,121,120,59,111,90,70" hai3="" shuffle="mt19937ar,9C76C913,C0DA0EFD,934E5995,0BE63C8B,934DA6E5,923E6BD1,4BA843ED,A7D0C4AA"/><T71/><D118/><U104/><N who="1" m="31520" /><U62/><E0/><V105/><N who="2" m="30752" /><V93/><N who="2" m="31008" /><V109/><F105/><T37/><D51/><U2/><E2/><V61/><F113/><T102/><D134/><U133/><E38/><V35/><F35/><T54/><D54/><U101/><E133/><V58/><F135/><T53/><D53/><U81/><E124/><V125/><F125/><T68/><D68/><U85/><E69/><V55/><F117/><T126/><D126/><U108/><E49/><V116/><F116/><T77/><D75/><U47/><E47/><V67/><F93/><T44/><REACH who="0" step="1"/><D106/><REACH who="0" step="2"/><U127/><E127/><V107/><F107/><T79/><D79/><U34/><E78/><V110/><F36/><T129/><D129/><U97/><E104/><V32/><F32/><T39/><D39/><U40/><E34/><V63/><F61/><T73/><D73/><U128/><E62/><V84/><AGARI ba="0,1" hai="45,50,55,58,59,63,67,70,84,90,95,109,110,111" m="31008,30752" machi="84" ten="30,5900,0" yaku="0,1,14,1,52,2" doraHai="92" who="2" fromWho="2" sc="340,-39,350,-20,350,69,0,0" /><INIT seed="1,0,0,2,5,56" ten="301,330,419,0" oya="1" hai0="121,129,80,119,70,83,94,33,114,124,1,130,75" hai1="34,95,69,53,3,37,61,101,88,112,110,74,99" hai2="87,77,48,71,123,46,64,108,52,106,104,105,125" hai3="" shuffle="mt19937ar,15FB191E,037DBFF3,1BFF8A5D,2F317F6A,326D85A8,631FC337,F3AE96F4,33ACCC79"/><U51/><E34/><V39/><N who="2" m="31520" /><V76/><F125/><T96/><D94/><U103/><E3/><V90/><F108/><T97/><D97/><U92/><E37/><V126/><F126/><T54/><D80/><U59/><E110/><V131/><F131/><T0/><D0/><U109/><E109/><V44/><F39/><T49/><D96/><U50/><E112/><V120/><N who="2" m="30752" /><V38/><F38/><T43/><D83/><U67/><E74/><V128/><F128/><T82/><D82/><U102/><REACH who="1" step="1"/><E50/><REACH who="1" step="2"/><V63/><REACH who="2" step="1"/><F44/><REACH who="2" step="2"/><T133/><D130/><U68/><E68/><V116/><F116/><T35/><D35/><U45/><E45/><V135/><F135/><T118/><D118/><U66/><E66/><V2/><F2/><T72/><D119/><U134/><E134/><V32/><F32/><T36/><D33/><U111/><E111/><V81/><AGARI ba="0,2" hai="46,48,52,63,64,71,76,77,81,87,90,104,105,106" m="30752,31520" machi="81" ten="30,9000,2" yaku="1,1,0,1,52,3,54,1,53,0" doraHai="56" doraHaiUra="113" who="2" fromWho="2" sc="301,-30,320,-60,409,110,0,0" /><INIT seed="2,0,0,4,0,89" ten="271,260,519,0" oya="2" hai0="35,48,125,84,97,117,108,111,115,47,85,82,40" hai1="67,44,135,103,134,81,63,38,130,51,105,91,133" hai2="92,116,120,32,129,70,77,33,0,58,118,104,95" hai3="" shuffle="mt19937ar,48876DD6,06CB6138,C390B188,5BD36B51,35BBD713,547034E2,0FDFEF8C,B31BA367"/><V76/><N who="2" m="30752" /><V37/><F58/><T99/><D35/><U55/><E130/><V124/><F104/><T122/><N who="0" m="31264" /><T50/><D117/><U73/><E38/><V80/><F37/><T119/><D119/><U57/><E105/><V68/><F80/><T94/><D115/><U49/><E103/><V96/><F96/><T127/><D82/><U87/><E51/><V3/><F129/><T56/><D56/><U69/><REACH who="1" step="1"/><E73/><REACH who="1" step="2"/><V102/><F102/><T112/><D112/><U121/><N who="1" m="31008" /><U41/><E41/><V126/><AGARI ba="0,1" hai="0,3,32,33,68,70,76,77,92,95,116,118,124,126" m="30752" machi="126" ten="25,12000,2" yaku="0,1,22,2,52,3" doraHai="89" who="2" fromWho="2" sc="271,-60,250,-60,519,130,0,0" /><INIT seed="2,1,0,1,0,75" ten="211,190,649,0" oya="2" hai0="87,86,35,114,123,66,77,90,76,64,58,74,68" hai1="38,125,104,52,116,47,53,82,1,67,61,49,107" hai2="59,108,112,56,85,62,37,79,0,2,118,117,109" hai3="" shuffle="mt19937ar,1FA17AF1,9C8606E6,3189F397,F6ACAA00,002E6775,6A468A00,07C294B3,AEC81C50"/><V83/><F37/><T42/><N who="0" m="31520" /><T32/><D74/><U73/><E1/><V84/><F112/><T122/><N who="0" m="31264" /><T36/><D114/><U88/><E38/><V41/><F41/><T129/><D68/><U124/><E116/><V131/><F131/><T51/><D36/><U115/><E53/><V135/><F135/><T119/><D119/><U106/><E115/><V48/><F48/><T98/><D129/><U133/><E133/><V102/><F83/><T39/><D39/><U94/><E73/><V54/><F54/><T121/><N who="0" m="31008" /><T69/><D69/><U128/><E82/><V92/><F92/><T71/><D71/><U113/><E128/><V60/><F102/><T120/><N who="0" m="30752" /><T105/><D105/><U63/><E113/><V80/><F80/><T43/><D51/><U110/><E67/><V3/><F2/><T72/><D72/><U99/><REACH who="1" step="1"/><E110/><REACH who="1" step="2"/><V45/><F45/><T130/><D130/><U134/><E134/><V65/><F65/><T132/><D132/><U101/><E101/><V96/><F118/><T34/><D34/><U57/><E57/><V95/><F117/><T127/><D58/><U40/><E40/><V78/><F95/><T81/><D81/><U93/><E93/><RYUUKYOKU ba="1,1" sc="211,-20,180,10,649,10,0,0" hai1="47,49,52,61,63,88,94,99,104,106,107,124,125" hai2="0,3,56,59,60,62,78,79,84,85,96,108,109" /><INIT seed="2,2,1,3,1,70" ten="191,190,659,0" oya="2" hai0="80,43,132,96,54,72,40,67,104,107,41,102,36" hai1="44,2,99,84,66,134,113,75,55,52,1,131,129" hai2="124,50,65,86,94,58,32,37,73,128,115,97,53" hai3="" shuffle="mt19937ar,CD4B905E,AF393E1F,D06DFAF2,E49216A4,E1B14423,278A5141,44352E09,AE9C7D36"/><V71/><F73/><T68/><D132/><U34/><E134/><V118/><F86/><T76/><D104/><U82/><E75/><V121/><N who="2" m="31008" /><V42/><F32/><T122/><N who="0" m="31264" /><T109/><D109/><U93/><E113/><V135/><F135/><T49/><D67/><U120/><N who="1" m="30752" /><U38/><E66/><V39/><F115/><T0/><D68/><U117/><E34/><V77/><F77/><T35/><D0/><U78/><E117/><V61/><F128/><N who="1" m="49225" /><E38/><V79/><F79/><T90/><D35/><U98/><E98/><V46/><F124/><T51/><D90/><U83/><E83/><V112/><F112/><T111/><D111/><U114/><E114/><V62/><F118/><T103/><D103/><AGARI ba="2,1" hai="37,39,42,46,50,53,58,61,62,65,71,94,97,103" m="31008" machi="103" ten="30,11600,0" yaku="7,1,52,3" doraHai="70" who="2" fromWho="0" sc="191,-120,190,0,659,130,0,0" /><INIT seed="2,3,0,2,0,71" ten="71,190,789,0" oya="2" hai0="51,34,78,47,120,50,1,122,56,113,97,105,53" hai1="107,75,121,42,0,65,79,102,38,48,106,92,63" hai2="68,67,100,70,109,57,119,44,58,123,99,110,49" hai3="" shuffle="mt19937ar,19B39E00,F63A011E,F9360E0F,FDC1F979,2922DDAC,865BAAE0,B244F711,7CB4C0EA"/><V101/><N who="2" m="31520" /><V87/><F119/><T62/><D34/><U94/><N who="1" m="31008" /><U45/><E0/><V73/><F73/><T126/><D1/><U86/><E75/><V130/><F130/><T80/><D113/><U111/><E111/><N who="2" m="42507" /><F87/><T114/><D114/><U81/><E48/><V131/><F131/><T40/><D126/><U108/><E108/><V52/><F101/><T115/><D115/><U135/><E135/><V95/><F67/><T83/><D83/><U60/><E60/><V127/><F127/><T124/><D124/><U88/><E102/><V69/><AGARI ba="3,0" hai="44,49,52,57,58,68,69,70,95,99,100" m="42507,31520" machi="69" ten="40,8000,1" yaku="14,1,10,1,52,1,54,1" doraHai="71" who="2" fromWho="2" sc="71,-43,190,-43,789,86,0,0" /><INIT seed="2,4,0,4,1,116" ten="28,147,875,0" oya="2" hai0="43,97,103,63,65,59,60,110,121,94,108,119,99" hai1="128,102,45,104,51,33,46,54,84,105,126,0,122" hai2="107,134,48,57,78,120,3,114,115,100,101,37,61" hai3="" shuffle="mt19937ar,C4020260,A6C48413,99209407,C8B4FF2D,CD45D1D4,8B75EC83,8E1E5CE2,10C49BEC"/><V129/><N who="2" m="30752" /><V113/><F37/><T53/><N who="0" m="31008" /><T93/><D119/><U83/><N who="1" m="31264" /><U87/><E33/><V77/><F3/><T91/><REACH who="0" step="1"/><D43/><REACH who="0" step="2"/><U55/><E0/><V95/><F114/><T74/><D74/><U72/><E72/><V68/><F115/><T82/><D82/><U52/><E83/><V67/><F113/><T64/><D64/><U81/><E81/><V62/><F78/><T85/><D85/><U42/><E87/><V73/><F77/><T106/><D106/><U88/><E84/><V49/><F73/><T96/><D96/><U75/><E105/><V131/><F107/><T70/><AGARI ba="4,1" hai="53,59,60,63,65,70,91,93,94,97,99,103,108,110" m="31008" machi="70" ten="30,6000,1" yaku="1,1,0,1,52,2,53,1" doraHai="116" doraHaiUra="118" who="0" fromWho="0" sc="18,78,147,-24,875,-44,0,0" /><INIT seed="4,0,0,5,3,46" ten="96,123,831,0" oya="0" hai0="35,113,41,49,61,37,99,40,59,54,33,106,68" hai1="120,131,114,87,98,52,76,70,103,124,135,44,90" hai2="64,128,82,63,83,129,69,105,123,50,32,122,85" hai3="" shuffle="mt19937ar,6B85D52D,2496F498,15F8E74E,B5A4F1A8,AAA6122B,9CB7555E,5A2DC494,ED35438B"/><T116/><D116/><U53/><N who="1" m="30752" /><U67/><E76/><V101/><N who="2" m="31264" /><V112/><N who="2" m="31520" /><V94/><F32/><T1/><D1/><U43/><E131/><V121/><N who="2" m="31008" /><V119/><F119/><T47/><D41/><U117/><E117/><V118/><F118/><T77/><D113/><U57/><E114/><V0/><F0/><T81/><D99/><U132/><E70/><V88/><F112/><T104/><D35/><U127/><E67/><V86/><F86/><T58/><D33/><U102/><E87/><V39/><F39/><T2/><D2/><U36/><E90/><V84/><F84/><T55/><REACH who="0" step="1"/><D68/><REACH who="0" step="2"/><U100/><E98/><V92/><F129/><T73/><AGARI ba="0,1" hai="37,40,47,49,54,55,58,59,61,73,77,81,104,106" machi="73" ten="20,8000,1" yaku="1,1,2,1,0,1,7,1,52,1,53,0" doraHai="46" doraHaiUra="66" who="0" fromWho="0" sc="86,90,123,-40,831,-40,0,0" /><INIT seed="4,1,0,1,1,68" ten="176,83,791,0" oya="0" hai0="72,113,123,36,102,43,89,56,80,33,75,65,42" hai1="100,95,131,60,106,133,94,85,114,50,70,34,58" hai2="71,112,129,3,74,124,0,121,57,116,76,47,1" hai3="" shuffle="mt19937ar,538E663A,182540E0,1FDDAC8B,40E35648,0137C667,B5E9F12B,51AFA4FE,C4D3EAE1"/><T108/><N who="0" m="31520" /><T117/><D33/><U98/><E34/><V97/><F71/><T63/><D117/><U79/><E131/><V40/><F129/><T84/><D108/><U41/><E133/><V101/><F124/><T61/><D113/><U87/><E114/><V55/><F112/><T104/><D102/><U32/><E32/><V82/><N who="2" m="31008" /><V103/><F116/><T111/><D111/><U46/><E70/><V120/><N who="2" m="30752" /><V51/><REACH who="2" step="1"/><F97/><REACH who="2" step="2"/><T52/><D104/><U38/><E106/><V39/><AGARI ba="1,1" hai="0,1,3,39,40,47,51,55,57,74,76,82,101,103" m="30752,31008" machi="39" ten="30,9000,2" yaku="1,1,2,1,0,1,52,3,53,1" doraHai="68" doraHaiUra="54" who="2" fromWho="2" sc="176,-61,83,-31,781,102,0,0" /><INIT seed="5,0,0,3,5,34" ten="115,52,883,0" oya="1" hai0="103,37,122,135,129,106,73,69,72,70,97,83,89" hai1="104,132,45,118,52,50,93,108,60,2,1,102,114" hai2="57,61,126,116,109,96,134,41,77,81,127,112,3" hai3="" shuffle="mt19937ar,77B569F4,70A01FC4,02436139,D4001B3B,08AD74B0,EEB74C13,7D1D8748,EA0E0D91"/><U99/><E118/><V76/><F109/><T48/><N who="0" m="31264" /><T107/><D37/><U59/><E108/><V71/><F71/><T91/><D48/><U120/><N who="1" m="30752" /><U39/><E132/><V79/><F41/><T40/><D40/><U115/><E39/><V43/><F43/><T123/><N who="0" m="31520" /><T65/><D65/><U100/><E102/><V84/><F116/><T85/><D70/><U42/><E104/><V98/><F134/><T33/><D69/><U128/><E128/><V56/><F3/><T130/><D33/><U47/><E47/><V119/><F119/><T75/><D135/><U68/><E68/><V131/><F131/><N who="0" m="50186" /><D107/><U101/><E101/><V87/><F61/><T125/><D125/><N who="2" m="47626" /><F112/><AGARI ba="0,0" hai="1,2,42,45,50,52,59,60,93,99,100,112,114,115" m="30752" machi="112" ten="40,12000,1" yaku="15,1,52,3,54,1" doraHai="34" who="1" fromWho="2" sc="115,0,52,120,883,-120,0,0" /><INIT seed="5,1,0,5,3,0" ten="115,172,763,0" oya="1" hai0="88,72,43,89,106,32,55,68,38,70,71,126,61" hai1="65,134,109,34,135,92,3,60,99,85,37,84,123" hai2="79,82,124,45,52,130,128,121,78,104,132,131,47" hai3="" shuffle="mt19937ar,7400572D,88629591,6EC74A08,F2953205,38059095,3F470FE8,5DB6FBCE,F24B80A1"/><U97/><N who="1" m="31520" /><U56/><E3/><V62/><N who="2" m="31008" /><V120/><N who="2" m="30752" /><V108/><F104/><T94/><D106/><U57/><E109/><V2/><F108/><T59/><D72/><U76/><E37/><V112/><F112/><T66/><D126/><U67/><E34/><V50/><F2/><T41/><D89/><U64/><E76/><V91/><F132/><N who="1" m="50729" /><E56/><V74/><F79/><T96/><D32/><U81/><E81/><V114/><F114/><T77/><D77/><U113/><E113/><V54/><F124/><T119/><D119/><U133/><N who="1" m="50737" /><U69/><DORA hai="1" /><E69/><V95/><F82/><T80/><D80/><U125/><E99/><V35/><F78/><T93/><D94/><U115/><E125/><V51/><F74/><T111/><D111/><U73/><E73/><V58/><F35/><T100/><D100/><U36/><E36/><V116/><F116/><T107/><D107/><U48/><E48/><V86/><REACH who="2" step="1"/><F131/><REACH who="2" step="2"/><T39/><REACH who="0" step="1"/><D66/><AGARI ba="1,1" hai="45,47,50,51,52,54,58,62,66,86,91,95,128,130" m="30752,31008" machi="66" ten="40,12000,2" yaku="1,1,2,1,9,1,52,2,54,1,53,1" doraHai="0,1" doraHaiUra="90,110" who="2" fromWho="0" sc="115,-122,172,0,753,132,0,0" owari="-7,-61,172,-23,885,84,0,0" /></mjloggm>