<mjloggm ver="2.3"><GO type="225"/><UN n0="%E9%95%B7%E6%9D%91%E3%83%93%E3%83%83%E3%82%B0" n1="%E6%9C%80%E9%80%9F%E3%82%AF%E3%83%B3%E2%99%AA" n2="%52%65%64%4D%61%67%69%63" n3="%4E%6F%2E%32" dan="16,16,16,16" rate="2080,2082,2032,2085" sx="M,M,M,M"/><TAIKYOKU oya="0"/><INIT seed="0,0,0,2,5,40" ten="250,250,250,250" oya="0" hai0="97,15,135,54,13,89,26,134,76,130,106,14,78" hai1="58,105,30,72,71,115,75,77,10,107,33,118,81" hai2="61,93,114,102,84,119,43,124,38,6,63,92,88" hai3="70,80,110,34,35,90,23,113,91,82,129,62,109" shuffle="mt19937ar,38D1795C,51590FC0,88EE2925,80953CE1,B52BD615,FE5384DA,26C27E57,0B74AA1F"/><T101/><D130/><U83/><E58/><V133/><F114/><W103/><G129/><T25/><D89/><U122/><E118/><V7/><F133/><N who="0" m="50698" /><D54/><U31/><E122/><V66/><F124/><W18/><G103/><T99/><D99/><U9/><E71/><V41/><F119/><W42/><G42/><N who="2" m="15881" /><F38/><W79/><G113/><T86/><D86/><U57/><E115/><V112/><F112/><W120/><G120/><T132/><N who="0" m="50706" /><T96/><DORA hai="16" /><D96/><U123/><E123/><V11/><F102/><W4/><G79/><AGARI ba="0,0" hai="13,14,15,25,26,76,78,79,97,101,106" m="50706" machi="79" ten="50,2400,0" yaku="20,1" doraHai="40,16" who="0" fromWho="3" sc="250,24,250,0,250,0,250,-24" /><INIT seed="0,1,0,1,0,9" ten="274,250,250,226" oya="0" hai0="41,23,12,122,126,27,1,76,120,15,114,63,54" hai1="42,95,55,101,8,13,56,89,40,39,43,80,75" hai2="45,62,31,92,5,96,33,131,74,79,83,82,64" hai3="87,66,71,130,24,108,29,30,81,86,123,116,20" shuffle="mt19937ar,9E6C5E0D,210ECA2A,7E6B566E,EE8E61B0,5560E9DD,131ED33C,0BBC3EDA,E07794BC"/><T107/><D114/><U127/><E127/><V6/><F131/><W104/><G116/><T115/><D115/><U72/><E39/><V94/><F83/><W117/><G104/><T111/><D1/><U119/><E119/><V128/><F128/><W53/><G130/><T22/><D107/><U37/><E37/><V49/><F31/><W61/><G117/><T100/><D100/><U26/><E101/><V133/><F33/><W32/><G123/><T125/><D76/><U118/><E118/><V78/><F79/><W93/><G108/><T38/><D111/><U84/><E26/><V65/><F133/><W102/><G32/><T113/><D113/><U98/><E75/><V25/><F25/><W51/><G30/><T14/><D41/><U11/><E72/><V48/><F94/><W69/><G69/><T124/><D38/><U60/><E13/><V103/><F48/><W52/><G81/><T35/><D35/><U97/><E97/><V47/><F47/><W21/><G21/><N who="0" m="7691" /><D27/><U105/><E105/><V85/><F74/><W135/><G135/><T10/><D10/><N who="1" m="3627" /><E98/><V2/><F2/><W109/><G109/><T110/><D110/><U91/><E95/><V46/><F46/><N who="3" m="27767" /><G102/><T68/><D54/><U88/><AGARI ba="1,0" hai="40,42,43,55,56,60,80,84,88,89,91" m="3627" machi="88" ten="30,2000,0" yaku="8,1,54,1" doraHai="9" who="1" fromWho="1" sc="274,-11,250,23,250,-6,226,-6" /><INIT seed="1,0,0,3,0,44" ten="263,273,244,220" oya="1" hai0="130,115,69,117,68,123,17,28,71,31,35,59,101" hai1="30,93,126,111,110,98,91,109,29,25,10,118,107" hai2="61,20,37,76,88,120,89,81,134,4,92,95,7" hai3="112,33,133,66,58,11,22,75,55,49,32,52,116" shuffle="mt19937ar,AC4A8D7F,F41490D0,8447F5A7,8213D68F,2F7687EA,B6A5FDB7,1A08CFE9,AC8E4BA5"/><U50/><E118/><V121/><F37/><W96/><G112/><T105/><D117/><U9/><E126/><V21/><F61/><W39/><G116/><T62/><D115/><U119/><E119/><V1/><F134/><W14/><G75/><T42/><D130/><U124/><E124/><V125/><F125/><W131/><G39/><T80/><D123/><U114/><E114/><V70/><F70/><W48/><G133/><T56/><D42/><U40/><E107/><V104/><F104/><W97/><G66/><T63/><D80/><U74/><E74/><V15/><F15/><W24/><G131/><T90/><D90/><U18/><E18/><V77/><REACH who="2" step="1"/><F81/><REACH who="2" step="2"/><W102/><G102/><T73/><D101/><U0/><E0/><AGARI ba="0,1" hai="0,1,4,7,20,21,76,77,88,89,92,95,120,121" machi="0" ten="25,8000,1" yaku="1,1,2,1,22,2,54,1,53,0" doraHai="44" doraHaiUra="127" who="2" fromWho="1" sc="263,0,273,-80,234,90,220,0" /><INIT seed="2,0,0,1,4,108" ten="263,193,324,220" oya="2" hai0="54,69,10,116,107,42,62,35,4,79,110,7,131" hai1="14,44,16,117,84,114,130,109,71,45,34,59,95" hai2="64,55,133,91,63,112,23,88,81,73,103,0,1" hai3="53,6,77,118,128,19,3,43,11,24,60,113,27" shuffle="mt19937ar,384BAA3E,05E61763,2F51C6BC,53E0AFBB,A2A4C706,A568A923,B37E3E04,DAF1D6DF"/><V36/><F36/><W31/><G118/><T111/><D116/><U32/><E117/><V83/><F133/><W70/><G77/><T40/><D107/><U100/><E71/><V135/><F135/><W51/><G43/><T119/><D119/><U105/><E105/><V20/><F103/><W102/><G102/><T106/><D106/><U90/><E100/><V87/><F55/><W134/><G134/><T52/><D35/><U97/><E97/><V115/><F63/><W67/><G128/><T39/><D79/><U122/><E109/><N who="0" m="41481" /><D131/><U21/><E130/><V82/><F64/><W56/><G19/><T37/><D42/><U65/><E122/><V121/><F83/><W94/><G94/><T26/><D26/><U99/><E99/><V48/><F87/><W57/><G70/><T75/><D75/><U101/><E101/><V86/><F86/><W85/><G85/><T125/><D125/><U76/><E76/><V127/><F121/><W47/><G27/><T25/><D25/><U13/><E13/><V72/><F48/><W49/><G49/><T5/><D10/><U58/><E34/><V18/><F18/><W96/><G96/><T8/><D8/><U22/><E32/><V66/><F66/><W92/><G92/><T50/><D69/><U98/><E95/><V68/><F68/><W17/><G17/><T74/><D74/><U93/><E16/><V2/><F2/><W38/><G38/><N who="0" m="14347" /><D62/><U33/><E93/><V104/><F104/><W89/><G89/><T46/><AGARI ba="0,0" hai="4,5,7,40,46,50,52,54" m="14347,41481" machi="46" ten="40,2700,0" yaku="14,1,54,1" doraHai="108" who="0" fromWho="0" sc="263,27,193,-7,324,-13,220,-7" /><INIT seed="3,0,0,3,0,25" ten="290,186,311,213" oya="3" hai0="66,108,96,15,48,112,107,5,10,125,14,99,22" hai1="35,60,76,82,117,32,79,135,31,59,126,86,43" hai2="93,80,2,129,16,132,87,38,3,115,103,73,101" hai3="51,89,124,55,7,69,128,49,118,97,64,8,123" shuffle="mt19937ar,F01E3F34,F1DFFB61,E491CB8C,308A14DB,0FCD885E,AC4398E0,13CA7C57,25D49B77"/><W74/><G123/><T20/><D108/><U94/><E135/><V34/><F73/><W21/><G118/><T134/><D134/><U30/><E117/><V104/><F38/><W13/><G74/><T61/><D125/><U95/><E126/><V11/><F34/><W120/><G120/><T77/><D77/><N who="1" m="29771" /><E35/><V85/><F3/><W122/><G122/><T102/><D112/><U50/><E32/><V0/><F129/><W62/><G128/><T84/><D48/><U26/><E26/><V57/><F2/><W39/><G39/><T36/><D36/><U133/><E133/><V33/><F33/><W1/><G124/><T46/><D46/><N who="1" m="25951" /><E82/><V113/><F0/><W42/><G42/><T98/><D84/><U114/><E114/><V92/><F104/><W106/><G55/><T44/><D44/><U56/><E56/><V67/><F132/><W88/><G106/><T111/><D111/><U54/><E94/><N who="2" m="36459" /><F113/><W37/><G37/><T116/><D116/><U65/><E65/><V40/><F115/><W130/><G130/><T127/><D127/><U109/><E109/><V90/><F87/><W18/><REACH who="3" step="1"/><G97/><REACH who="3" step="2"/><T19/><REACH who="0" step="1"/><D22/><REACH who="0" step="2"/><U58/><E58/><AGARI ba="0,2" hai="5,10,14,15,19,20,58,61,66,96,98,99,102,107" machi="58" ten="30,8000,1" yaku="1,1,2,1,7,1,53,2" doraHai="25" doraHaiUra="9" who="0" fromWho="1" sc="280,100,186,-80,311,0,203,0" owari="380,38,106,-29,311,6,203,-15" /></mjloggm>