<mjloggm ver="2.3"><GO type="225"/><UN n0="%E3%81%BE%E3%81%AB%E3%82%83%E3%82%80%E3%82%93" n1="%E3%83%9B%E3%83%AA%E3%83%B1%E3%83%95%E3%83%9F%E3%82%AA" n2="%E9%95%B7%E5%B2%A1%E5%A4%A7%E6%98%8E%E7%A5%9E" n3="%E3%81%B6%E3%81%A3%E3%81%A8%E3%81%B3%E4%BE%8D" dan="16,16,16,16" rate="2010,2061,2010,2086" sx="M,M,F,M"/><TAIKYOKU oya="0"/><INIT seed="0,0,0,0,2,34" ten="250,250,250,250" oya="0" hai0="110,100,98,53,101,25,96,2,51,62,31,39,21" hai1="19,24,48,70,69,11,107,26,134,79,6,64,14" hai2="0,73,113,87,92,103,84,20,27,76,111,43,123" hai3="33,95,119,36,118,37,91,28,58,42,38,85,124" shuffle="mt19937ar,7CC7DA09,00D5A417,F4ED1AF5,80E7A3B0,839B5C79,5F5E5366,26690EF2,54D5E834"/><T66/><D39/><U125/><E107/><V12/><F123/><W121/><G121/><T99/><D110/><U86/><E125/><V3/><F111/><W75/><G124/><T17/><D17/><U7/><E134/><V54/><F113/><W74/><G42/><T13/><D13/><U59/><E70/><V109/><F109/><W97/><G28/><T128/><D128/><U10/><E69/><V35/><F35/><W122/><G33/><T30/><D30/><U50/><E64/><V18/><F43/><W88/><G122/><T9/><D9/><U106/><E106/><V23/><F73/><W126/><G126/><T44/><REACH who="0" step="1"/><D2/><REACH who="0" step="2"/><U41/><E6/><V71/><F3/><W131/><G131/><T114/><D114/><U133/><E10/><V72/><F0/><W22/><G119/><T104/><D104/><U56/><E19/><V60/><F12/><W29/><G118/><T80/><D80/><U78/><E14/><V49/><F18/><W55/><G29/><T115/><D115/><U105/><E7/><V45/><F27/><W120/><G120/><T135/><D135/><U82/><E11/><V52/><F20/><W57/><G22/><T90/><D90/><U108/><E105/><V46/><F23/><W117/><G117/><T112/><D112/><U47/><E133/><V40/><F103/><W93/><G91/><T102/><D102/><U130/><E108/><V77/><F77/><W1/><G1/><T32/><D32/><U94/><E130/><V132/><F132/><W116/><G116/><T68/><AGARI ba="0,1" hai="21,25,31,44,51,53,62,66,68,96,98,99,100,101" machi="68" ten="30,6000,0" yaku="1,1,0,1,53,1" doraHai="34" doraHaiUra="67" who="0" fromWho="0" sc="240,70,250,-20,250,-20,250,-20" /><INIT seed="0,1,0,2,3,21" ten="310,230,230,230" oya="0" hai0="29,63,66,91,37,48,133,84,13,102,69,36,9" hai1="70,74,120,68,107,105,110,85,121,124,134,16,64" hai2="40,60,67,32,114,6,126,11,128,41,43,30,49" hai3="35,20,31,113,8,73,62,61,76,51,10,106,58" shuffle="mt19937ar,E3482065,B99EFEBF,DD013913,0CD5DCBE,B02B4485,13DE61FC,2AE5B9F2,A3A25B6E"/><T3/><D133/><U130/><E64/><V15/><F114/><W99/><G35/><T75/><D75/><U38/><E85/><V82/><F128/><W24/><G113/><T54/><D102/><U45/><E45/><V100/><F126/><W97/><G76/><T79/><D3/><U47/><E47/><V111/><F111/><W98/><G106/><T94/><D79/><U7/><E7/><V55/><F100/><W39/><G39/><T127/><D29/><U96/><E96/><V108/><F108/><W116/><G116/><T14/><D127/><U25/><E25/><V77/><F32/><W0/><G73/><T33/><D33/><U52/><E52/><V72/><F30/><W132/><G132/><T81/><D94/><U92/><E92/><V59/><REACH who="2" step="1"/><F41/><REACH who="2" step="2"/><W118/><G118/><T90/><D90/><U86/><E124/><V28/><F28/><W53/><REACH who="3" step="1"/><G0/><REACH who="3" step="2"/><T80/><D37/><U27/><E38/><V1/><F1/><W57/><G57/><AGARI ba="1,2" hai="6,11,15,40,43,49,55,57,59,60,67,72,77,82" machi="57" ten="30,3900,0" yaku="1,1,7,1,53,1" doraHai="21" doraHaiUra="104" who="2" fromWho="3" sc="310,0,230,0,220,62,220,-42" /><INIT seed="1,0,0,3,1,119" ten="310,230,282,178" oya="1" hai0="42,122,19,37,44,85,74,90,61,99,35,58,5" hai1="129,10,39,15,79,97,31,33,135,13,48,8,12" hai2="23,123,71,1,76,41,105,0,100,94,3,103,46" hai3="59,117,132,38,130,54,40,118,63,109,131,6,57" shuffle="mt19937ar,7C18C31C,EEF965A3,3D3CDFD0,2B144C21,64B2FFC3,C90D7C8E,1900E76E,4323F3F3"/><U7/><E39/><V128/><F71/><W9/><G9/><T86/><D74/><U25/><E129/><N who="3" m="49162" /><G6/><T108/><D108/><U32/><E135/><V77/><F128/><W64/><G109/><T51/><D35/><N who="1" m="20975" /><E48/><V83/><F105/><W115/><G132/><T34/><D34/><N who="1" m="13419" /><E79/><V16/><F77/><W24/><G24/><T82/><D5/><N who="1" m="3087" /><E97/><V96/><F103/><W27/><G27/><T111/><D111/><U60/><E60/><V114/><F114/><W68/><G115/><T121/><D37/><U72/><E72/><V62/><F62/><N who="3" m="36151" /><G68/><T47/><D99/><U73/><E73/><V104/><F104/><W43/><G38/><T21/><D86/><U127/><E127/><V56/><F56/><W113/><G113/><T133/><D133/><U4/><E4/><V92/><F92/><W66/><G66/><T67/><REACH who="0" step="1"/><D47/><REACH who="0" step="2"/><U69/><E69/><V91/><F46/><W28/><G118/><T70/><D70/><U124/><E124/><V98/><F98/><W75/><G117/><T93/><D93/><U29/><E29/><V22/><F94/><W126/><G28/><T20/><D20/><U52/><E52/><V26/><F23/><W95/><G75/><T125/><D125/><U101/><E101/><V112/><F100/><W102/><G126/><T2/><D2/><AGARI ba="0,1" hai="2,7,10,13,15" m="3087,13419,20975" machi="2" ten="30,12000,1" yaku="35,5" doraHai="119" who="1" fromWho="0" sc="300,-120,230,130,282,0,178,0" /><INIT seed="1,1,0,4,1,38" ten="180,360,282,178" oya="1" hai0="77,5,129,132,51,10,9,75,15,53,24,1,94" hai1="125,111,26,34,54,80,29,0,83,112,96,122,20" hai2="135,108,121,126,116,13,89,87,19,7,72,36,17" hai3="120,128,110,60,8,93,99,104,27,57,11,130,113" shuffle="mt19937ar,70E5889F,EF709672,6943C35A,B5152827,0168942C,34683D5F,E8AC49F6,B092E44B"/><U63/><E122/><V76/><F121/><W101/><G113/><T50/><D129/><N who="3" m="49769" /><G120/><T71/><D132/><U65/><E0/><V82/><F116/><W66/><G110/><T41/><D71/><U48/><E112/><V88/><F108/><W74/><G74/><T117/><D117/><U124/><E111/><V23/><F36/><W59/><G27/><T22/><D94/><U21/><E96/><V55/><F135/><W123/><G123/><T43/><D75/><U67/><E83/><V86/><F126/><N who="1" m="48745" /><E80/><V109/><F109/><W49/><G104/><T37/><D37/><U6/><E6/><V131/><F131/><W91/><G101/><T134/><D77/><U39/><E39/><V114/><F114/><W103/><G103/><T40/><D134/><U73/><E73/><V97/><F7/><W107/><G107/><T79/><D79/><U95/><E95/><V100/><F86/><W133/><G133/><T92/><D92/><U33/><E33/><V105/><F72/><W3/><G3/><T70/><D70/><N who="1" m="42303" /><E67/><V85/><F85/><W2/><G2/><T106/><D106/><U32/><E32/><V31/><F76/><W78/><G78/><T44/><D1/><U25/><E26/><N who="2" m="16863" /><F89/><W14/><G14/><T4/><D4/><U42/><E42/><V119/><F119/><W62/><G49/><N who="0" m="28839" /><D10/><U115/><E115/><V35/><F35/><W90/><G90/><T118/><D118/><U58/><AGARI ba="1,0" hai="20,21,25,29,34,48,54,58" m="42303,48745" machi="58" ten="30,1500,0" yaku="18,1" doraHai="38" who="1" fromWho="1" sc="180,-6,360,18,282,-6,178,-6" /><INIT seed="1,2,0,1,0,114" ten="174,378,276,172" oya="1" hai0="9,133,24,18,86,32,79,36,58,21,30,108,39" hai1="52,57,40,22,93,1,51,106,95,85,99,33,84" hai2="89,76,35,69,92,46,64,91,87,55,75,73,31" hai3="130,47,110,71,82,107,25,11,19,78,7,120,15" shuffle="mt19937ar,DEC76AC9,46C1CC2A,3F7733F0,3ADDD894,49E2F035,BF71B9D0,3E40C77C,963E8E02"/><U83/><E33/><V70/><F35/><W27/><G71/><T49/><D108/><U13/><E1/><V56/><F31/><W44/><G107/><T50/><D133/><U135/><E135/><V74/><F76/><W115/><G115/><T26/><D9/><U60/><E106/><V29/><F29/><W100/><G100/><T116/><D116/><U132/><E132/><V43/><F64/><W6/><G120/><T111/><D111/><U119/><E119/><V8/><F8/><W123/><G123/><T105/><D105/><U14/><E85/><V103/><F103/><W80/><G110/><T90/><D79/><U109/><E109/><V65/><F65/><W37/><G130/><T63/><D39/><U0/><E0/><V61/><REACH who="2" step="1"/><F91/><REACH who="2" step="2"/><W23/><G11/><T97/><D32/><U112/><E22/><V102/><F102/><W45/><G78/><T98/><D30/><U38/><E112/><V34/><F34/><W4/><REACH who="3" step="1"/><G37/><AGARI ba="2,1" hai="37,43,46,55,56,61,69,70,73,74,75,87,89,92" machi="37" ten="40,1300,0" yaku="1,1,53,0" doraHai="114" doraHaiUra="2" who="2" fromWho="3" sc="174,0,378,0,266,29,172,-19" /><INIT seed="2,0,0,4,3,9" ten="174,378,295,153" oya="2" hai0="52,50,97,37,134,20,128,119,132,0,101,31,18" hai1="30,53,83,25,120,55,49,5,108,112,29,105,16" hai2="94,39,117,133,59,88,67,77,90,110,82,48,4" hai3="127,71,47,87,96,8,17,27,51,78,45,24,130" shuffle="mt19937ar,2E7799AD,20FE5D18,87CC9F26,C73E29E4,DB4A38B0,9EE3A3F4,5BE694B0,7425A367"/><V34/><F34/><W35/><G71/><T89/><D37/><U64/><E105/><V63/><F117/><W122/><G122/><T125/><D119/><U107/><E107/><V7/><F39/><W57/><G130/><T121/><D121/><U92/><E112/><V106/><F106/><W26/><G127/><T54/><D0/><U60/><E120/><V38/><F38/><W80/><G35/><T56/><D128/><U98/><E83/><V74/><F133/><N who="0" m="51306" /><D125/><U72/><E5/><V41/><F110/><W33/><G33/><T79/><D79/><U131/><E72/><V114/><F114/><W118/><G118/><T68/><D68/><U113/><E108/><V6/><REACH who="2" step="1"/><F94/><REACH who="2" step="2"/><W32/><G32/><T73/><D73/><U116/><E113/><V2/><F2/><W40/><G57/><T1/><D1/><U81/><E116/><V19/><F19/><W115/><G115/><T126/><D126/><U21/><E16/><V15/><F15/><N who="3" m="7399" /><G47/><AGARI ba="0,1" hai="4,6,7,41,47,48,59,63,67,74,77,82,88,90" machi="47" ten="40,7700,0" yaku="1,1,54,1,53,1" doraHai="9" doraHaiUra="58" who="2" fromWho="3" sc="174,0,378,0,285,87,153,-77" /><INIT seed="2,1,0,4,1,36" ten="174,378,372,76" oya="2" hai0="130,133,15,60,91,94,63,101,14,68,89,31,121" hai1="21,83,108,104,124,110,10,107,7,131,1,38,123" hai2="134,20,64,8,70,45,53,26,65,132,3,0,11" hai3="92,79,4,77,50,25,30,117,86,82,116,72,16" shuffle="mt19937ar,20099490,697B9365,317BD978,F487ABF3,C71C4E22,A7D2140C,520C1A24,E3388642"/><V2/><F53/><W48/><G4/><T39/><D121/><U96/><E123/><V73/><F73/><W46/><G50/><T44/><D130/><U80/><E131/><V17/><F45/><W126/><G126/><T56/><D133/><N who="2" m="51306" /><F70/><W74/><G74/><T128/><D128/><U109/><E124/><V62/><F62/><W42/><G77/><T71/><D31/><U78/><E38/><V103/><F103/><W13/><G92/><T115/><D115/><U114/><E114/><V22/><F65/><W23/><REACH who="3" step="1"/><G72/><REACH who="3" step="2"/><T5/><D5/><U34/><E78/><V84/><F84/><W41/><G41/><T69/><D94/><U57/><E110/><V75/><F75/><W95/><G95/><T6/><D6/><U40/><E109/><V66/><F66/><W28/><G28/><T19/><D63/><U76/><E108/><V27/><F64/><W12/><G12/><T112/><D112/><U129/><E129/><V33/><F33/><AGARI ba="1,1" hai="13,16,23,25,30,33,42,46,48,79,82,86,116,117" machi="33" ten="30,7700,0" yaku="1,1,7,1,52,1,54,1,53,0" doraHai="36" doraHaiUra="59" who="3" fromWho="2" sc="174,0,378,0,372,-80,66,90" /><INIT seed="3,0,0,4,4,97" ten="174,378,292,156" oya="3" hai0="73,48,89,75,125,108,19,32,60,51,76,120,119" hai1="9,88,117,1,102,61,98,99,59,62,52,39,95" hai2="47,18,79,82,21,56,57,54,53,100,20,129,80" hai3="6,37,42,17,131,114,127,65,15,74,83,113,71" shuffle="mt19937ar,A04A931E,0DDBAA88,2614CA30,4C39AF54,DF5E8CBD,1477A43F,D1B22A0D,64B72F43"/><W103/><G6/><T30/><D119/><U126/><E39/><V67/><F129/><W134/><G42/><T13/><D120/><U109/><E126/><V69/><F69/><W33/><G33/><T8/><D125/><U86/><E109/><V24/><F67/><W11/><G127/><T121/><D121/><U104/><E117/><V70/><F70/><W81/><G37/><T130/><D130/><U40/><E40/><V84/><F47/><W87/><G131/><T41/><D108/><U4/><E99/><V49/><F82/><W91/><G134/><T55/><D89/><U28/><E28/><V118/><F118/><W63/><REACH who="3" step="1"/><G103/><REACH who="3" step="2"/><T66/><D41/><U68/><E68/><V2/><F100/><W14/><G14/><T115/><D115/><U26/><E26/><V85/><F2/><W116/><G116/><T135/><D135/><U34/><E34/><V64/><F21/><W93/><G93/><T0/><D0/><U27/><E27/><V16/><F64/><W112/><G112/><T36/><D36/><U35/><E35/><V111/><F111/><W45/><G45/><T50/><D55/><U31/><E1/><V105/><F105/><W43/><G43/><T132/><D132/><U58/><E104/><V22/><F22/><W29/><G29/><T92/><D92/><U77/><E31/><V23/><F23/><W106/><G106/><T25/><D66/><U123/><E102/><V3/><F3/><W124/><G124/><T101/><D101/><U96/><E95/><V72/><F18/><W133/><G133/><T12/><D19/><RYUUKYOKU ba="0,1" sc="174,-15,378,-15,292,15,146,15" hai2="16,20,24,49,53,54,56,57,72,79,80,84,85" hai3="11,15,17,63,65,71,74,81,83,87,91,113,114" /><INIT seed="3,1,1,1,5,6" ten="159,363,307,161" oya="3" hai0="98,134,56,64,33,14,119,25,36,99,35,62,113" hai1="80,32,70,27,48,118,72,93,85,5,87,18,115" hai2="102,2,122,38,63,126,60,94,104,43,53,45,69" hai3="83,57,49,79,78,130,54,117,125,89,59,7,30" shuffle="mt19937ar,28CEFC51,1E595A63,232B1961,29AA4A29,CCED55F7,5530B616,5559E9C8,60198DE6"/><W129/><G117/><T40/><D119/><U47/><E70/><V15/><F2/><W51/><G125/><T28/><D35/><U22/><E118/><V8/><F104/><W112/><G112/><T132/><D113/><U19/><E115/><V109/><F122/><W103/><G103/><T41/><D14/><U66/><E72/><V29/><F29/><W95/><G30/><T135/><D36/><U124/><E5/><V21/><F126/><W96/><G7/><T68/><D68/><U114/><E114/><V81/><F109/><W76/><REACH who="3" step="1"/><G83/><REACH who="3" step="2"/><T84/><D84/><U1/><E87/><V37/><F81/><W110/><G110/><T39/><D39/><U3/><E85/><V127/><F38/><W105/><G105/><T88/><D99/><U61/><E80/><V20/><F127/><W82/><G82/><T52/><REACH who="0" step="1"/><D64/><REACH who="0" step="2"/><U46/><E66/><V55/><F37/><W65/><G65/><T42/><D42/><U97/><E97/><V26/><F43/><W111/><G111/><T24/><D24/><U107/><E27/><V120/><F26/><W16/><G16/><T131/><D131/><U86/><E18/><V23/><F120/><W44/><G44/><T17/><D17/><U108/><E47/><V123/><F45/><W92/><G92/><AGARI ba="1,3" hai="25,28,33,40,41,52,56,62,88,92,98,132,134,135" machi="92" ten="40,8000,1" yaku="1,1,20,1,54,2,53,0" doraHai="6" doraHaiUra="71" who="0" fromWho="3" sc="149,113,363,0,307,0,151,-83" owari="262,-9,363,36,307,6,68,-33" /></mjloggm>