<mjloggm ver="2.3"><GO type="185"/><UN n0="%E5%8D%81%E5%85%AD%E5%A4%9C%E2%80%A0%E5%92%B2%E5%A4%9C" n1="%E7%A5%9E%E9%80%9F%E2%98%85%2E%63%6F%6D" n2="%E4%BF%8A%E3%81%93%E3%82%8D" n3="" dan="16,17,16,0" rate="2183,2190,2099,1500" sx="F,M,M,C"/><TAIKYOKU oya="0"/><INIT seed="0,0,0,3,4,134" ten="350,350,350,0" oya="0" hai0="77,93,49,102,105,45,38,84,52,104,59,75,103" hai1="127,47,124,41,92,37,119,1,130,83,82,101,46" hai2="108,51,66,36,112,90,121,40,132,56,94,62,97" hai3="" shuffle="mt19937ar,EC36B8A7,173E07BC,1E65F67C,10B63AF6,059C0AA6,218C52B1,7AF7ABE1,B15DF2F3"/><T44/><D75/><U86/><E1/><V100/><N who="2" m="31008" /><V79/><F112/><T61/><D77/><U64/><E119/><V87/><F132/><T55/><D84/><U122/><N who="1" m="31264" /><U0/><E0/><V72/><F108/><T113/><D113/><U125/><E130/><V69/><F36/><T70/><D70/><U135/><E135/><V126/><F69/><T34/><D34/><U133/><E133/><V78/><F78/><T114/><D114/><U118/><E118/><V33/><F33/><T54/><D93/><U99/><E64/><V42/><F51/><T76/><D76/><U129/><E129/><V106/><REACH who="2" step="1"/><F126/><REACH who="2" step="2"/><T107/><D38/><U120/><N who="1" m="30752" /><U63/><E63/><V67/><F67/><T88/><D49/><U91/><E47/><V109/><F109/><T68/><D68/><U65/><E65/><V3/><F3/><T39/><D39/><U50/><E50/><V57/><F57/><T95/><D45/><U89/><E89/><V128/><F128/><T96/><REACH who="0" step="1"/><D44/><REACH who="0" step="2"/><U85/><E85/><V35/><F35/><T115/><D115/><U131/><E131/><V43/><F43/><T32/><D32/><U2/><E2/><V98/><F98/><T73/><D73/><RYUUKYOKU ba="0,2" sc="340,0,350,0,340,0,0,0" hai0="52,54,55,59,61,88,95,96,102,103,104,105,107" hai1="37,41,46,82,83,86,91,92,99,101,124,125,127" hai2="40,42,56,62,66,72,79,87,90,94,97,100,106" /><INIT seed="0,1,2,4,5,94" ten="340,350,340,0" oya="0" hai0="46,73,100,90,131,89,127,34,65,48,54,116,121" hai1="99,40,44,132,53,63,122,129,72,0,60,85,126" hai2="125,1,79,50,55,68,37,111,93,2,135,59,62" hai3="" shuffle="mt19937ar,A3EFDF39,EDEF19CC,82C7C01F,7CE887CF,59351017,34E9A1AD,349D777E,0F93AF29"/><T117/><N who="0" m="31008" /><T58/><D34/><U87/><N who="1" m="31264" /><U108/><E0/><V57/><F135/><T107/><D73/><U76/><E132/><V35/><F35/><T96/><D131/><U41/><E129/><V47/><F125/><T112/><D112/><U39/><E126/><V38/><F111/><T113/><D113/><U32/><E32/><V91/><F79/><T3/><D3/><U51/><E108/><V36/><F68/><T97/><D127/><U45/><E72/><V109/><F109/><T130/><D130/><U106/><E76/><V56/><REACH who="2" step="1"/><F62/><REACH who="2" step="2"/><T84/><D117/><U120/><N who="1" m="30752" /><U118/><E118/><V86/><AGARI ba="1,3" hai="1,2,36,37,38,47,50,55,56,57,59,86,91,93" machi="86" ten="40,2000,0" yaku="1,1,0,1,53,0" doraHai="94" doraHaiUra="102" who="2" fromWho="2" sc="340,-14,350,-8,330,52,0,0" /><INIT seed="1,0,0,2,5,106" ten="326,342,382,0" oya="1" hai0="52,127,78,43,103,73,135,84,90,79,87,110,80" hai1="51,44,34,65,69,32,83,57,50,128,82,122,107" hai2="102,35,54,133,91,94,75,45,42,68,59,81,49" hai3="" shuffle="mt19937ar,42DD4040,6CDE0F14,0552DE43,398B5240,5892B9E2,E86D489A,7B4E52B1,45180B21"/><U47/><N who="1" m="31264" /><U113/><E107/><V130/><F35/><T104/><D43/><U101/><E113/><V123/><N who="2" m="31520" /><V131/><F133/><T41/><D41/><U99/><E69/><V38/><F102/><T72/><D135/><U67/><E128/><V37/><F68/><T95/><D52/><U33/><E101/><V1/><F1/><T108/><D127/><U56/><E34/><V111/><F111/><N who="0" m="42538" /><D79/><U93/><E93/><V100/><F37/><T120/><N who="0" m="30752" /><T71/><D71/><U129/><E129/><N who="2" m="49163" /><F100/><T121/><N who="0" m="31008" /><T55/><D55/><U86/><E86/><V0/><F0/><T118/><D118/><U112/><E112/><V115/><F115/><T92/><D104/><U64/><REACH who="1" step="1"/><E67/><REACH who="1" step="2"/><V134/><F134/><T132/><D132/><U39/><E39/><V105/><F105/><T76/><D76/><U40/><E40/><V48/><F42/><T89/><D103/><U63/><E63/><V85/><F38/><T126/><D126/><U46/><E46/><V98/><F45/><T58/><D58/><U97/><AGARI ba="0,1" hai="32,33,44,47,50,51,56,57,64,65,82,83,97,99" m="31264" machi="97" ten="25,8000,1" yaku="1,1,0,1,22,2,52,1,53,0" doraHai="106" doraHaiUra="70" who="1" fromWho="1" sc="326,-40,332,90,382,-40,0,0" /><INIT seed="1,1,0,0,4,130" ten="286,422,342,0" oya="1" hai0="119,72,67,121,65,38,66,2,44,92,59,62,123" hai1="84,103,112,32,126,50,42,93,47,87,113,54,77" hai2="40,81,99,115,80,63,57,61,110,133,129,120,90" hai3="" shuffle="mt19937ar,032913B1,A6B93B87,91B7046E,20A88E2C,80AFD4F7,1536D56D,1383077A,4DF7A742"/><U128/><E32/><V117/><N who="2" m="30752" /><V3/><F117/><T76/><N who="0" m="31008" /><T132/><N who="0" m="31520" /><T111/><D2/><U104/><E128/><V46/><F129/><T41/><D119/><U96/><E126/><V85/><F3/><T78/><D132/><U43/><E84/><V124/><F115/><T125/><D125/><U45/><E54/><V51/><F124/><T60/><D111/><U86/><E86/><V37/><F110/><T73/><D92/><U118/><E118/><V91/><F133/><T122/><N who="0" m="31264" /><T108/><D108/><U131/><E131/><V71/><F71/><T105/><D105/><U1/><E1/><V116/><F116/><T102/><D102/><U109/><E109/><V107/><F80/><T68/><REACH who="0" step="1"/><D66/><REACH who="0" step="2"/><U36/><REACH who="1" step="1"/><E104/><REACH who="1" step="2"/><V33/><F107/><T55/><D55/><U34/><E34/><V135/><F33/><T98/><D98/><U114/><E114/><V82/><F99/><T95/><D95/><U79/><E79/><AGARI ba="1,2" hai="38,41,44,59,60,62,65,67,68,72,73,76,78,79" m="31264,31520,31008" machi="79" ten="40,8000,1" yaku="1,1,52,3,53,0" doraHai="130" doraHaiUra="101" who="0" fromWho="1" sc="276,102,412,-82,342,0,0,0" /><INIT seed="2,0,0,3,3,101" ten="378,330,342,0" oya="2" hai0="129,102,113,111,55,128,93,90,57,76,35,0,1" hai1="65,43,82,109,68,123,127,133,3,64,58,85,79" hai2="97,53,2,66,120,124,112,119,121,89,122,63,42" hai3="" shuffle="mt19937ar,9ECF5118,84D4D2E9,734D1E8C,A9803A70,51326A83,E5784EF6,FC069D8B,A557A095"/><V46/><N who="2" m="30752" /><V95/><N who="2" m="31008" /><V75/><N who="2" m="31264" /><V52/><F2/><T78/><D35/><U33/><N who="1" m="31520" /><U74/><E3/><V105/><F119/><T103/><D113/><U34/><E68/><V107/><F112/><T130/><D111/><U132/><E109/><V92/><F75/><T115/><D0/><U86/><E127/><V100/><F124/><T84/><D1/><U59/><E43/><V134/><F134/><T80/><D115/><U118/><E118/><V83/><F83/><T131/><N who="0" m="32768" /><DORA hai="70" /><T39/><D39/><U91/><E74/><V96/><F53/><T87/><REACH who="0" step="1"/><D76/><REACH who="0" step="2"/><U41/><E34/><V108/><F108/><T38/><D38/><U81/><E33/><V114/><F114/><T73/><D73/><U45/><E132/><V51/><F42/><T62/><AGARI ba="0,1" hai="55,57,62,78,80,84,87,90,93,102,103" m="32768" machi="62" ten="60,9000,2" yaku="1,1,0,1,19,1,53,4" doraHai="101,70" doraHaiUra="125,36" who="0" fromWho="0" sc="368,100,330,-30,342,-60,0,0" /><INIT seed="4,0,0,3,0,80" ten="468,300,282,0" oya="0" hai0="71,113,111,65,77,1,125,42,83,62,49,73,117" hai1="43,79,89,131,61,101,100,44,91,115,46,70,92" hai2="127,64,38,40,94,121,56,69,133,33,93,114,78" hai3="" shuffle="mt19937ar,C7E82E97,0FB49F57,61C478D5,3C2BC8BA,56F110D1,A9D2C977,4BE6F158,89568D39"/><T0/><D117/><U109/><E109/><V108/><N who="2" m="31008" /><V116/><F33/><T118/><D113/><U129/><E115/><V126/><F114/><T124/><D118/><U128/><E79/><V47/><F108/><T41/><D111/><U90/><E92/><V74/><F116/><T68/><D68/><U50/><E46/><V35/><F35/><T96/><D96/><U72/><E72/><V55/><F133/><T95/><D95/><U110/><E110/><V51/><F78/><T34/><D34/><U63/><E70/><V88/><F74/><T60/><D60/><N who="1" m="23115" /><E100/><V104/><F104/><T39/><D39/><U112/><E101/><V87/><F64/><T102/><D102/><U32/><E112/><V103/><REACH who="2" step="1"/><F69/><REACH who="2" step="2"/><T67/><D71/><U48/><E32/><V107/><F107/><T58/><D73/><U82/><E82/><V135/><F135/><T81/><D77/><U123/><N who="1" m="31520" /><U66/><E66/><V57/><F57/><T106/><D58/><U86/><E86/><V54/><F54/><T105/><D106/><U53/><E53/><V98/><AGARI ba="0,1" hai="38,40,47,51,55,56,87,88,93,94,98,103,126,127" m="31008" machi="98" ten="30,6000,1" yaku="1,1,0,1,52,2,54,1,53,0" doraHai="80" doraHaiUra="59" who="2" fromWho="2" sc="468,-40,300,-20,272,70,0,0" /><INIT seed="5,0,0,1,4,68" ten="428,280,342,0" oya="1" hai0="95,85,121,56,64,72,74,69,3,52,103,119,79" hai1="43,92,66,2,86,59,101,93,125,50,55,84,57" hai2="83,90,80,108,53,109,102,81,63,94,99,35,67" hai3="" shuffle="mt19937ar,6FBD8806,CB55C9DE,B254FEC6,F49CB53D,B877C63F,921DD4A8,BA107343,8CE75A12"/><U54/><E2/><V91/><F35/><T48/><N who="0" m="31008" /><T60/><D3/><U107/><E125/><V34/><F34/><T135/><D119/><U1/><E1/><V96/><F53/><T51/><D135/><U129/><E129/><V104/><REACH who="2" step="1"/><F91/><REACH who="2" step="2"/><T105/><D52/><U122/><N who="1" m="31264" /><U113/><E43/><V70/><AGARI ba="0,1" hai="63,67,70,80,81,83,90,94,96,99,102,104,108,109" machi="70" ten="30,1500,0" yaku="1,1,0,1,53,0" doraHai="68" doraHaiUra="39" who="2" fromWho="2" sc="428,-5,280,-10,332,25,0,0" /><INIT seed="6,0,0,0,3,108" ten="423,270,357,0" oya="2" hai0="53,73,93,48,63,62,132,98,46,69,49,99,1" hai1="72,115,97,124,89,71,54,50,104,90,110,87,92" hai2="66,57,128,45,83,59,113,81,38,64,117,51,34" hai3="" shuffle="mt19937ar,F1D6FFDC,16F1FA58,32AABAB6,62F24CA2,2F1E1BB7,E71A188F,7E704439,EA2C4BEF"/><V119/><F34/><T40/><D1/><U43/><E110/><V86/><F128/><T47/><D73/><U123/><N who="1" m="31520" /><U129/><E71/><V77/><F38/><T121/><N who="0" m="31008" /><T85/><D132/><U125/><E129/><V101/><F101/><T0/><D0/><U35/><E35/><V100/><F100/><T122/><N who="0" m="31264" /><T44/><D44/><U120/><N who="1" m="30752" /><U116/><E43/><V60/><F83/><T41/><D69/><U126/><E72/><V103/><F103/><T78/><D78/><U109/><E109/><V76/><F76/><T131/><D131/><U55/><E116/><V91/><F77/><T37/><D37/><U111/><E111/><V134/><F134/><T106/><D106/><U112/><E104/><V75/><F75/><T88/><D53/><N who="1" m="19979" /><E50/><V61/><REACH who="2" step="1"/><F113/><REACH who="2" step="2"/><T74/><D74/><U80/><AGARI ba="0,1" hai="80,87,89,90,92,97,112,115,124,125,126" m="19979,30752,31520" machi="80" ten="40,6000,1" yaku="18,1,52,4" doraHai="108" who="1" fromWho="1" sc="423,-20,270,70,347,-40,0,0" owari="403,35,340,-6,307,-29,0,0" /></mjloggm>