<mjloggm ver="2.3"><GO type="185"/><UN n0="%E3%81%B0%E3%81%8F%E3%81%92%E3%81%A3%E3%81%8D" n1="%E5%8D%81%E5%85%AD%E5%A4%9C%E2%80%A0%E5%92%B2%E5%A4%9C" n2="%E3%80%93%E3%81%84%E3%81%A1%E3%81%AF%E3%82%89%E3%80%93" n3="" dan="16,16,18,0" rate="2320,2174,2261,1500" sx="M,F,M,C"/><TAIKYOKU oya="0"/><INIT seed="0,0,0,2,3,100" ten="350,350,350,0" oya="0" hai0="80,73,32,121,75,53,90,108,58,99,112,135,64" hai1="76,49,109,85,117,128,39,60,61,118,107,132,71" hai2="38,131,36,69,41,66,125,67,113,50,40,119,114" hai3="" shuffle="mt19937ar,4B60CA6F,5A88DFD5,DCA6DC49,4B190FC6,5524159B,D2CE639C,D98DFCFC,B1394F2C"/><T62/><N who="0" m="31008" /><T96/><D32/><U74/><E39/><V44/><F125/><T129/><D112/><U78/><E74/><V57/><F131/><T126/><D129/><U127/><E128/><V56/><F50/><T134/><D126/><U111/><E127/><V79/><F79/><T77/><D108/><U55/><E132/><N who="0" m="50729" /><D75/><U35/><E35/><V54/><F54/><T81/><D64/><U45/><E107/><V98/><F98/><T92/><D81/><U101/><E101/><V84/><F84/><AGARI ba="0,0" hai="53,58,62,73,77,80,84,90,92,96,99" m="50729,31008" machi="84" ten="30,2900,0" yaku="20,1,52,1" doraHai="100" who="0" fromWho="2" sc="350,29,350,0,350,-29,0,0" /><INIT seed="0,1,0,1,0,111" ten="379,350,321,0" oya="0" hai0="102,42,89,75,1,129,64,104,44,96,78,45,109" hai1="99,130,97,2,119,88,52,34,3,95,72,39,116" hai2="49,84,117,73,37,112,56,98,33,86,120,68,63" hai3="" shuffle="mt19937ar,D601D3A6,B24A71CA,A7CC3F74,AB382C91,28B91187,33E99A3F,B0FDE2AD,3C4B0DEE"/><T123/><N who="0" m="31520" /><T100/><D1/><U83/><E34/><V55/><N who="2" m="30752" /><V81/><F117/><T53/><D109/><U41/><E130/><V103/><F33/><T90/><D129/><U133/><E133/><V91/><F37/><T69/><D102/><U94/><E72/><V127/><F127/><T87/><D64/><U40/><E83/><V48/><F112/><T115/><D115/><U114/><E39/><V135/><F135/><T77/><D69/><U71/><E71/><V54/><F73/><T43/><D90/><U59/><E114/><V57/><F86/><T67/><D67/><U61/><E2/><V107/><REACH who="2" step="1"/><F68/><REACH who="2" step="2"/><T66/><D75/><U47/><E3/><V74/><F74/><T125/><D125/><U46/><E119/><V85/><F85/><T80/><D66/><U82/><E116/><V62/><AGARI ba="1,1" hai="48,49,54,55,56,57,62,63,81,84,91,98,103,107" m="30752" machi="62" ten="20,9000,2" yaku="1,1,0,1,7,1,9,1,52,1,53,2" doraHai="111" doraHaiUra="50" who="2" fromWho="2" sc="379,-61,350,-31,311,102,0,0" /><INIT seed="1,0,0,2,3,61" ten="318,319,413,0" oya="1" hai0="42,57,73,117,100,102,89,92,56,60,122,99,114" hai1="88,55,64,109,111,87,101,68,0,72,47,129,105" hai2="86,34,79,37,130,97,70,118,69,80,106,108,134" hai3="" shuffle="mt19937ar,CA238CDE,8328B8AC,FD3EC868,80FE3E27,ED19CC68,8E172C43,39622E43,EB75F325"/><U46/><E0/><V41/><F34/><T128/><N who="0" m="31264" /><T78/><D114/><U113/><E72/><V132/><F118/><T133/><D117/><U76/><E76/><V35/><F35/><T103/><D128/><U120/><N who="1" m="30752" /><U85/><E113/><V45/><F130/><T1/><D1/><U93/><E129/><V121/><N who="2" m="31008" /><V71/><F108/><N who="1" m="41545" /><E87/><V43/><F43/><T82/><D133/><N who="2" m="51306" /><F97/><T91/><D57/><U49/><E46/><V66/><F106/><T104/><D42/><U38/><E38/><V58/><F58/><T59/><D59/><U123/><N who="1" m="31520" /><U81/><E105/><V36/><F36/><T44/><D44/><U75/><E75/><V39/><F39/><T62/><D56/><U67/><E68/><V74/><F74/><T98/><D104/><U119/><E119/><V32/><F32/><T115/><D115/><U83/><E101/><V50/><F37/><T95/><AGARI ba="0,0" hai="60,62,73,78,82,89,91,92,95,98,99,100,102,103" m="31264" machi="95" ten="30,3000,0" yaku="0,1,9,1,52,1" doraHai="61" who="0" fromWho="0" sc="318,30,319,-20,413,-10,0,0" /><INIT seed="2,0,0,3,0,107" ten="348,299,403,0" oya="2" hai0="112,62,35,124,80,39,114,1,95,47,36,123,79" hai1="53,134,117,130,128,32,101,70,88,93,82,121,96" hai2="110,73,102,3,76,44,66,43,74,34,38,40,61" hai3="" shuffle="mt19937ar,396B7369,50A63351,F6E3B38A,D81F4B21,E1DF894A,51A487A7,E9B5E34B,DC111531"/><V57/><F34/><T91/><N who="0" m="31520" /><T94/><D35/><U116/><N who="1" m="31008" /><U127/><E32/><V2/><F110/><T58/><D1/><U106/><E70/><V87/><F43/><T65/><D124/><U71/><E71/><V90/><F102/><T75/><D95/><U45/><E45/><V108/><F108/><T132/><D132/><U86/><E53/><V89/><F89/><T64/><D65/><U85/><E134/><V41/><F41/><T109/><D109/><U84/><E127/><V103/><F103/><T129/><D129/><N who="1" m="49771" /><E82/><V100/><F100/><T111/><D111/><U67/><E67/><V105/><F105/><T99/><REACH who="0" step="1"/><D47/><REACH who="0" step="2"/><U77/><E77/><V60/><F3/><T56/><D56/><U92/><E92/><V63/><F2/><T122/><N who="0" m="31264" /><T46/><D46/><U98/><AGARI ba="0,1" hai="84,85,86,88,93,96,98,101,106,116,117" m="49771,31008" machi="98" ten="40,6000,1" yaku="19,1,34,2,52,1,54,1" doraHai="107" who="1" fromWho="1" sc="338,-20,299,70,403,-40,0,0" /><INIT seed="4,0,0,4,5,129" ten="318,369,363,0" oya="0" hai0="83,58,106,61,49,102,103,67,135,45,126,134,41" hai1="96,79,50,0,89,40,34,124,85,117,98,92,109" hai2="114,51,65,86,69,33,47,55,71,84,121,101,60" hai3="" shuffle="mt19937ar,CCC97603,664C0288,F4EF8A9A,963B41ED,77EFE4D0,34116FB8,5EDC8AEA,72ADB2BA"/><T108/><D108/><U63/><E0/><V64/><N who="2" m="31008" /><V36/><F33/><T75/><D126/><U81/><E34/><V1/><F1/><T76/><REACH who="0" step="1"/><D106/><REACH who="0" step="2"/><U133/><E124/><V100/><F114/><T116/><D116/><U128/><E109/><V70/><F36/><T95/><D95/><U3/><E92/><V53/><F101/><AGARI ba="0,1" hai="41,45,49,58,61,67,75,76,83,101,102,103,134,135" machi="101" ten="40,7700,0" yaku="1,1,52,2,53,0" doraHai="129" doraHaiUra="82" who="0" fromWho="2" sc="308,87,369,0,363,-77,0,0" /><INIT seed="4,1,0,2,2,71" ten="395,369,286,0" oya="0" hai0="94,78,43,84,122,112,106,82,110,55,65,131,117" hai1="44,60,92,2,76,96,114,121,47,93,37,88,57" hai2="3,0,113,87,40,91,39,86,85,53,98,111,135" hai3="" shuffle="mt19937ar,E16BCCAB,AFEAE9C9,C1EE8EB6,FE333B7B,56E52A0E,1A02A29B,FE1DC456,A74ED2A9"/><T105/><N who="0" m="31264" /><T127/><D117/><U103/><N who="1" m="31008" /><U48/><E2/><V51/><F111/><T120/><N who="0" m="30752" /><T130/><D110/><U89/><E114/><V81/><F135/><T124/><D112/><U83/><E103/><V102/><F113/><T90/><D65/><U61/><E37/><V42/><F3/><T70/><D70/><U33/><E33/><V72/><F0/><T77/><D43/><U66/><E61/><V54/><F54/><T49/><D49/><U125/><E125/><N who="0" m="48201" /><D55/><U62/><E62/><V99/><F72/><T133/><D133/><U64/><E64/><V38/><F42/><T97/><D78/><U119/><E119/><V109/><F109/><T95/><D95/><U104/><E48/><V41/><F41/><T132/><D132/><U46/><E93/><V118/><F118/><T74/><D74/><U79/><E92/><V35/><F40/><T115/><D115/><U36/><E79/><V123/><N who="2" m="31520" /><V63/><F51/><T80/><D80/><U56/><E83/><V58/><F81/><T50/><D50/><U116/><E116/><V73/><F73/><T45/><D45/><U100/><E46/><V32/><F53/><T129/><AGARI ba="1,0" hai="77,82,84,90,94,97,105,106,129,130,131" m="48201,30752,31264" machi="129" ten="40,12000,2" yaku="19,1,18,1,34,2,52,2" doraHai="71" who="0" fromWho="0" sc="395,122,369,-61,286,-61,0,0" /><INIT seed="4,2,0,3,0,86" ten="517,308,225,0" oya="0" hai0="49,97,59,60,56,43,99,42,107,68,84,39,113" hai1="71,125,98,135,44,131,103,122,100,81,83,121,105" hai2="101,102,132,46,33,94,61,119,89,118,64,77,76" hai3="" shuffle="mt19937ar,B83C89CA,BF9E5EDB,AE323390,7BEA0EE7,D9355D7C,7F1C3CF4,26CCE2EE,94352196"/><T95/><D113/><U112/><N who="1" m="31008" /><U93/><N who="1" m="31264" /><U109/><E71/><V116/><F33/><T134/><D134/><U104/><E44/><V114/><F114/><T108/><D108/><U129/><E112/><V48/><F132/><T82/><D107/><N who="1" m="41035" /><E135/><V78/><F61/><T52/><D68/><U115/><E115/><V96/><REACH who="2" step="1"/><F64/><REACH who="2" step="2"/><T124/><D60/><U111/><E111/><V41/><AGARI ba="2,1" hai="41,46,48,76,77,78,89,94,96,101,102,116,118,119" machi="41" ten="40,9000,2" yaku="1,1,2,1,0,1,12,1,52,1,53,1" doraHai="86" doraHaiUra="40" who="2" fromWho="2" sc="517,-62,308,-32,215,104,0,0" /><INIT seed="5,0,0,5,2,46" ten="455,276,319,0" oya="1" hai0="78,129,74,117,96,116,59,98,55,80,124,32,110" hai1="131,120,81,92,60,132,135,93,119,104,102,134,2" hai2="83,76,45,68,128,0,49,118,91,108,114,109,101" hai3="" shuffle="mt19937ar,B5E2F4EB,14DA7371,850CA6D2,93243978,A83F7B27,80F2AE5B,98DE83FB,83067683"/><U38/><N who="1" m="30752" /><U58/><E2/><V3/><F118/><N who="0" m="45674" /><D32/><U36/><E119/><V40/><F68/><T57/><D110/><U1/><E1/><V85/><F128/><T75/><D129/><U130/><E104/><V88/><F114/><T113/><D113/><U67/><E131/><V69/><F69/><T48/><D124/><U43/><E130/><V90/><F3/><T84/><D59/><U51/><E81/><V72/><F0/><T106/><D106/><U105/><E105/><V62/><F101/><T70/><D70/><U61/><E61/><V56/><REACH who="2" step="1"/><F72/><AGARI ba="0,0" hai="48,55,57,72,74,75,78,80,84,96,98" m="45674" machi="72" ten="30,2000,0" yaku="12,1,52,1" doraHai="46" who="0" fromWho="2" sc="455,20,276,0,319,-20,0,0" /><INIT seed="6,0,0,5,5,93" ten="475,276,299,0" oya="2" hai0="124,128,123,108,0,106,70,130,73,36,37,109,103" hai1="38,95,107,86,94,120,88,83,132,61,100,105,71" hai2="122,64,55,90,57,97,115,45,82,33,134,53,135" hai3="" shuffle="mt19937ar,B7CFB340,D1626429,6944DE62,56222078,220EDF59,A3B5B235,6A1FA506,02E85BC3"/><V62/><N who="2" m="31264" /><V129/><F33/><T47/><D0/><U49/><N who="1" m="30752" /><U1/><E1/><V85/><F115/><T54/><D70/><U102/><E38/><V58/><F129/><N who="0" m="49770" /><D73/><U74/><E49/><V75/><F75/><T117/><D117/><U66/><E132/><N who="2" m="50731" /><F45/><T80/><N who="0" m="31520" /><T67/><D67/><U112/><E112/><V76/><F58/><T121/><N who="0" m="31008" /><T63/><D80/><U96/><REACH who="1" step="1"/><E74/><REACH who="1" step="2"/><V104/><F76/><T35/><D37/><U3/><E3/><V43/><F43/><T111/><D35/><U77/><E77/><V68/><F68/><T110/><D47/><U98/><AGARI ba="0,1" hai="61,66,71,83,86,88,94,95,96,98,100,102,105,107" m="30752" machi="98" ten="30,9000,2" yaku="1,1,0,1,9,1,52,3,54,1,53,0" doraHai="93" doraHaiUra="32" who="1" fromWho="1" sc="475,-30,266,100,299,-60,0,0" owari="445,39,366,-3,239,-36,0,0" /></mjloggm>