<mjloggm ver="2.3"><GO type="225"/><UN n0="%6E%6F%72%69%73%69%6F" n1="%E3%82%88%E3%81%A3%E3%81%A1" n2="%52%65%64%4D%61%67%69%63" n3="%E3%82%AF%E3%83%AB%E3%83%AB%E2%98%86" dan="16,16,16,16" rate="2031,2049,2038,2031" sx="M,M,M,F"/><TAIKYOKU oya="0"/><INIT seed="0,0,0,4,5,99" ten="250,250,250,250" oya="0" hai0="86,129,84,19,12,68,66,25,109,128,93,48,63" hai1="2,62,49,120,132,131,121,29,58,80,133,82,57" hai2="104,95,101,106,94,47,36,107,13,77,61,130,72" hai3="76,97,7,69,116,43,14,134,110,115,135,112,89" shuffle="mt19937ar,2EBD6092,144EB9FB,C13F4548,174FFCA1,D4C954CC,18B3A769,6D32CBB5,61F8158A"/><T1/><D1/><U45/><E2/><V65/><F130/><N who="0" m="50282" /><D25/><U9/><E9/><V105/><F13/><W98/><G69/><T17/><D109/><U5/><E5/><V123/><F123/><W102/><G43/><T18/><D12/><U0/><E0/><V73/><F47/><W75/><G14/><T67/><D67/><U96/><E96/><V59/><F36/><W38/><G7/><T40/><D93/><U22/><E131/><V16/><F16/><N who="0" m="4098" /><T10/><DORA hai="50" /><D10/><U91/><E91/><V81/><REACH who="2" step="1"/><F73/><REACH who="2" step="2"/><W11/><G38/><T4/><D4/><U103/><E121/><V46/><F46/><AGARI ba="0,1" hai="40,46,48,63,66,68,84,86" m="4098,50282" machi="46" ten="40,3900,0" yaku="19,1,54,1" doraHai="99,50" who="0" fromWho="2" sc="250,49,250,0,240,-39,250,0" /><INIT seed="0,1,0,1,1,100" ten="299,250,201,250" oya="0" hai0="12,73,67,83,101,78,17,40,3,28,15,26,86" hai1="9,111,5,120,122,89,45,126,124,128,104,57,18" hai2="90,19,68,116,31,54,25,14,37,84,108,13,35" hai3="10,41,125,113,91,135,59,8,76,2,44,119,85" shuffle="mt19937ar,2AC40C06,8A60BDA1,54DB00F3,318990D4,4DEC1B23,9BCFFD4E,C77701B4,8447C1C9"/><T121/><D3/><U60/><E89/><V132/><F68/><W65/><G113/><T133/><D121/><U24/><E45/><V114/><F37/><W62/><G119/><T77/><D67/><U72/><E72/><V87/><F114/><W61/><G125/><N who="1" m="48234" /><E104/><V127/><F127/><W94/><G135/><T56/><D133/><U88/><E128/><V49/><F132/><W7/><G10/><T92/><D56/><U22/><E88/><V131/><F131/><W106/><G76/><T107/><D40/><U21/><E21/><V48/><F116/><W66/><G106/><T82/><D107/><U75/><E75/><V74/><F74/><W95/><G95/><T112/><D112/><U4/><E111/><V81/><F108/><W43/><REACH who="3" step="1"/><G44/><REACH who="3" step="2"/><T96/><REACH who="0" step="1"/><D17/><REACH who="0" step="2"/><U47/><E47/><V16/><F16/><W102/><G102/><T64/><D64/><U30/><E18/><V71/><F19/><W99/><G99/><T93/><D93/><U98/><E98/><V11/><F71/><AGARI ba="1,2" hai="2,7,8,41,43,59,61,62,65,66,71,85,91,94" machi="71" ten="30,2000,0" yaku="1,1,7,1,53,0" doraHai="100" doraHaiUra="134" who="3" fromWho="2" sc="289,0,250,0,201,-23,240,43" /><INIT seed="1,0,0,3,2,68" ten="289,250,178,283" oya="1" hai0="61,133,27,125,105,41,50,90,85,98,26,131,124" hai1="4,60,52,76,129,121,94,12,87,127,62,84,89" hai2="42,116,55,119,9,93,19,114,67,80,21,118,43" hai3="37,91,11,31,53,1,134,63,29,132,69,66,28" shuffle="mt19937ar,2A1606C8,5692B229,62D5906D,14DF93B6,B3D93230,0C405157,E4554B73,CC17AF49"/><U100/><E121/><V81/><F67/><W15/><G1/><T36/><D61/><U108/><E100/><V126/><F114/><W117/><G117/><T8/><D50/><U40/><E129/><V7/><F126/><W34/><G34/><T57/><D57/><U35/><E35/><V48/><F93/><W112/><G112/><T113/><D113/><U5/><E127/><N who="0" m="48713" /><D131/><U18/><E40/><V51/><F19/><W30/><G30/><T103/><D8/><U111/><E76/><V45/><F21/><W123/><G123/><T72/><D72/><U99/><E84/><V122/><F122/><W128/><G128/><T54/><D54/><U65/><E87/><V106/><F106/><W71/><G71/><T49/><D49/><U56/><E62/><V107/><F107/><W75/><G75/><T96/><D96/><U16/><E18/><V10/><F55/><W23/><G23/><T130/><D133/><N who="3" m="51305" /><G53/><T17/><D130/><U101/><E101/><V135/><F135/><W25/><G25/><T78/><D78/><U46/><E46/><V110/><F110/><N who="1" m="42025" /><E65/><V115/><F115/><W59/><G69/><T3/><D17/><U79/><E79/><V95/><F118/><W0/><G66/><T39/><D41/><U83/><E83/><V2/><F45/><W120/><G63/><T13/><D105/><U88/><E89/><V82/><F81/><W44/><G91/><T47/><D90/><U24/><E24/><V33/><F116/><W70/><G120/><T77/><D27/><U22/><AGARI ba="0,0" hai="4,5,12,16,22,52,56,60,88,94,99" m="42025" machi="22" ten="30,12000,1" yaku="14,1,10,1,54,3" doraHai="68" who="1" fromWho="1" sc="289,-40,250,120,178,-40,283,-40" /><INIT seed="1,1,0,0,0,115" ten="249,370,138,243" oya="1" hai0="14,56,45,32,22,116,71,37,129,102,109,125,42" hai1="80,72,118,128,48,20,53,51,28,131,12,90,126" hai2="3,15,25,81,6,86,70,46,95,135,111,104,57" hai3="106,93,60,16,40,112,26,50,113,83,77,114,5" shuffle="mt19937ar,213EC494,9BF9F110,77D9FC23,D0B9C773,8585EB1C,6D6D77FF,AC5B7536,86B8AD39"/><U76/><E90/><V8/><F70/><W36/><G106/><T119/><D71/><U99/><E99/><V13/><F104/><W130/><G36/><T107/><D32/><U34/><E34/><V0/><F135/><W11/><G130/><T55/><D129/><U2/><E2/><V21/><F111/><W58/><G93/><T78/><D78/><U9/><E126/><V64/><F95/><W110/><G110/><T54/><D109/><U84/><E72/><V132/><F132/><W27/><G50/><T1/><D1/><U74/><E74/><V10/><F46/><W120/><G40/><T23/><D125/><U29/><E131/><V79/><F57/><W66/><G120/><T38/><D38/><U33/><E51/><V100/><F100/><W18/><G27/><T75/><D75/><U65/><E33/><V97/><F97/><W92/><G92/><T19/><D23/><U44/><E65/><V31/><REACH who="2" step="1"/><F64/><REACH who="2" step="2"/><W105/><G105/><T89/><D107/><U124/><E128/><V35/><F35/><W30/><G114/><T121/><D102/><U108/><E124/><V52/><F52/><W39/><G113/><T85/><D55/><U68/><E108/><V122/><F122/><W127/><G127/><T41/><D121/><U24/><E68/><V103/><F103/><W123/><G66/><T96/><D96/><U98/><E98/><V47/><F47/><W133/><G112/><T4/><D42/><U101/><E101/><V94/><F94/><W67/><G133/><T69/><D41/><U7/><E53/><V62/><F62/><RYUUKYOKU ba="1,1" sc="249,-10,370,-10,128,30,243,-10" hai2="0,3,6,8,10,13,15,21,25,31,79,81,86" /><INIT seed="2,2,1,1,2,35" ten="239,360,158,233" oya="2" hai0="25,29,92,107,93,30,2,103,12,89,87,64,66" hai1="34,33,23,109,26,46,39,76,11,52,57,49,5" hai2="116,84,117,105,130,115,61,67,53,126,22,128,106" hai3="45,90,69,4,132,48,111,60,47,31,37,16,14" shuffle="mt19937ar,D227669B,C957CF18,22A9CF91,E773798A,CB0DB35B,2FAEE5B5,AD8C362B,6C8CEA61"/><V85/><F115/><W24/><G111/><T41/><D107/><N who="2" m="40970" /><F126/><W104/><G104/><T72/><D72/><U125/><E125/><V54/><F22/><W32/><G4/><T8/><D41/><U68/><E68/><V20/><F20/><W59/><G69/><T50/><D50/><U3/><E109/><V58/><F67/><W135/><G37/><T127/><D127/><U97/><E97/><V110/><F110/><W80/><G80/><T96/><D2/><U108/><E108/><V9/><F9/><W100/><G90/><T83/><D93/><U42/><E76/><V51/><F51/><W43/><G100/><T78/><D103/><U18/><AGARI ba="2,1" hai="3,5,11,18,23,26,33,34,39,42,46,49,52,57" machi="18" ten="20,5200,0" yaku="0,1,7,1,52,1,54,1" doraHai="35" who="1" fromWho="1" sc="239,-15,360,68,158,-28,233,-15" /><INIT seed="3,0,0,2,0,32" ten="224,428,130,218" oya="3" hai0="83,84,125,51,112,82,40,44,35,113,29,114,131" hai1="11,42,33,105,24,50,65,6,118,116,58,59,107" hai2="36,124,8,90,122,121,0,38,17,85,130,21,103" hai3="63,3,49,68,45,76,134,123,7,67,9,128,1" shuffle="mt19937ar,AACF40DA,A6AA077A,74816E27,A97C1707,6952D6CF,A5B452EC,F94C185C,6203E834"/><W74/><G123/><T86/><D131/><U22/><E33/><V110/><F130/><W93/><G128/><T16/><D125/><U26/><E42/><V13/><F124/><W80/><G134/><T5/><D5/><U34/><E34/><V12/><F110/><W41/><REACH who="3" step="1"/><G93/><REACH who="3" step="2"/><T126/><D126/><U119/><E105/><V15/><F103/><W52/><G52/><T10/><D35/><U70/><E107/><V98/><F121/><W100/><G100/><T120/><D120/><U57/><E65/><V48/><F122/><W117/><G117/><T108/><D108/><U129/><E129/><V60/><F98/><W106/><G106/><T71/><D114/><U23/><E116/><V135/><F135/><W91/><G91/><T55/><D113/><U37/><E118/><V69/><F38/><W94/><G94/><T27/><D55/><U132/><E37/><V89/><F36/><W111/><G111/><T18/><D112/><U97/><E119/><V47/><F89/><W30/><G30/><T64/><D29/><U66/><E97/><V62/><F90/><W54/><G54/><T39/><D39/><U77/><E66/><V104/><F104/><W115/><G115/><T43/><D64/><U61/><E132/><V28/><F28/><W79/><G79/><N who="0" m="46175" /><D43/><U109/><E77/><V92/><F92/><W20/><G20/><T19/><D40/><U46/><E22/><V133/><F133/><W25/><G25/><T87/><D27/><U95/><E24/><V99/><F21/><W14/><AGARI ba="0,1" hai="1,3,7,9,14,41,45,49,63,67,68,74,76,80" machi="14" ten="20,18000,2" yaku="1,1,0,1,7,1,52,2,53,1" doraHai="32" doraHaiUra="75" who="3" fromWho="3" sc="224,-60,428,-60,130,-60,208,190" owari="164,-19,368,12,70,-33,398,40" /></mjloggm>