<mjloggm ver="2.3"><GO type="185"/><UN n0="%E5%8D%81%E5%85%AD%E5%A4%9C%E2%80%A0%E5%92%B2%E5%A4%9C" n1="%E7%B1%B3%E5%85%89%E5%80%B6%E6%A5%BD%E9%83%A8" n2="%E3%81%B0%E3%81%8F%E3%81%92%E3%81%A3%E3%81%8D" n3="" dan="16,16,16,0" rate="2171,2164,2220,1500" sx="F,F,M,C"/><TAIKYOKU oya="0"/><INIT seed="0,0,0,5,0,133" ten="350,350,350,0" oya="0" hai0="36,114,100,66,49,47,59,39,78,50,73,68,90" hai1="51,61,119,43,72,130,94,124,52,58,89,128,87" hai2="37,79,35,112,109,135,69,113,108,95,70,129,120" hai3="" shuffle="mt19937ar,F604C08E,293A55D9,2153D8BD,73979987,F0C7DB92,982882C4,2F16E4E0,E682E518"/><T134/><D90/><U38/><E72/><V54/><N who="2" m="30752" /><V118/><F35/><T93/><D93/><U77/><E77/><V96/><F79/><T84/><D100/><U32/><E32/><V48/><F95/><T132/><D84/><U76/><E76/><V80/><F96/><T75/><D78/><U71/><E119/><V131/><F80/><T117/><D73/><U125/><E38/><V103/><F37/><T121/><N who="0" m="31008" /><T102/><D75/><U33/><E33/><V106/><F103/><T63/><D102/><U101/><E101/><V44/><F106/><T74/><D74/><U81/><E81/><V53/><F118/><T0/><D0/><U67/><E43/><V127/><F135/><T82/><D82/><U88/><E89/><V110/><F54/><T97/><D97/><U56/><E71/><N who="2" m="27147" /><F127/><AGARI ba="0,0" hai="51,52,56,58,61,67,87,88,94,124,125,127,128,130" machi="127" ten="40,12000,2" yaku="18,1,52,3,54,2" doraHai="133" who="1" fromWho="2" sc="350,0,350,120,350,-120,0,0" /><INIT seed="1,0,0,2,0,37" ten="350,470,230,0" oya="1" hai0="135,104,63,75,74,53,113,44,85,126,80,51,84" hai1="73,46,33,39,120,124,110,2,32,117,90,87,108" hai2="95,86,81,125,91,111,48,65,47,69,130,58,98" hai3="" shuffle="mt19937ar,532C17D0,06BB3593,685F6F97,0910ED3D,F2F3AAD1,A27D9234,58B60AFE,0004B868"/><U60/><N who="1" m="30752" /><U61/><E2/><V50/><F125/><T62/><D104/><U72/><E117/><V78/><F130/><T57/><D113/><U34/><E124/><V55/><F69/><T67/><D126/><U68/><E68/><V119/><F111/><N who="1" m="42537" /><E39/><V66/><REACH who="2" step="1"/><F119/><REACH who="2" step="2"/><T123/><D123/><U115/><E115/><V99/><F99/><T49/><D135/><U0/><E0/><V3/><F3/><T92/><D75/><N who="1" m="28747" /><E46/><V133/><F133/><T45/><D74/><U107/><E107/><V93/><F93/><AGARI ba="0,1" hai="32,33,34,60,61,87,90,93" m="28747,42537,30752" machi="93" ten="40,7700,0" yaku="14,1,10,1,52,1" doraHai="37" who="1" fromWho="2" sc="350,0,470,87,220,-77,0,0" /><INIT seed="1,1,0,1,1,85" ten="350,557,143,0" oya="1" hai0="115,128,88,98,132,104,119,37,124,118,129,96,126" hai1="117,52,94,135,69,106,51,68,42,74,116,39,71" hai2="121,130,123,105,125,133,79,113,86,36,38,95,90" hai3="" shuffle="mt19937ar,B126F77A,83EFF05A,2EC1A503,38D0C5CB,0E9EEFF5,F705BD29,13C30317,9C898C8A"/><U53/><E106/><V81/><N who="2" m="31008" /><V32/><N who="2" m="31520" /><V3/><F3/><T114/><D37/><U75/><E135/><V89/><F32/><T64/><D64/><U41/><E94/><V109/><F105/><T108/><D108/><U55/><E51/><V91/><F109/><T101/><D132/><U56/><E56/><V34/><F133/><T72/><D72/><U66/><E66/><V62/><F34/><T76/><D76/><U67/><E67/><V127/><F113/><N who="0" m="43018" /><D98/><U87/><E87/><V82/><F130/><N who="0" m="50282" /><D88/><N who="2" m="33898" /><F62/><T54/><D54/><U45/><REACH who="1" step="1"/><E41/><REACH who="1" step="2"/><V102/><F36/><T48/><D48/><U47/><E47/><V93/><F38/><T99/><D99/><U112/><E112/><V122/><N who="2" m="31264" /><V111/><F111/><T103/><D103/><U50/><E50/><V84/><F102/><T59/><D59/><U2/><E2/><V33/><F33/><T65/><D65/><U78/><E78/><V92/><AGARI ba="1,1" hai="79,81,82,84,86,91,92,93,95,125,127" m="31264,33898,31520,31008" machi="92" ten="30,12000,3" yaku="34,2,52,7,54,1" doraHai="85" who="2" fromWho="2" sc="350,-41,547,-81,143,132,0,0" /><INIT seed="2,0,0,3,2,61" ten="309,466,275,0" oya="2" hai0="69,3,114,102,34,128,47,77,38,43,106,83,37" hai1="40,80,135,72,92,56,57,42,82,91,89,45,79" hai2="63,48,70,33,101,112,49,94,107,62,41,73,110" hai3="" shuffle="mt19937ar,DD70E7BF,83BB650D,3670268D,CBC2A23D,AB1FAF68,65CD1807,1DA16C9E,94C23A65"/><V65/><F33/><T120/><N who="0" m="30752" /><T54/><D34/><U44/><E135/><V87/><F73/><T116/><D3/><U78/><E92/><V119/><F119/><T103/><D116/><U35/><E35/><V36/><F107/><T109/><D109/><U123/><REACH who="1" step="1"/><E72/><REACH who="1" step="2"/><V52/><F110/><T39/><D106/><U88/><E88/><V90/><F112/><T71/><D114/><U134/><E134/><V2/><F2/><T81/><D103/><U131/><E131/><V53/><F101/><T46/><D102/><U115/><E115/><V1/><F1/><T132/><D128/><U126/><E126/><V108/><F108/><T50/><D132/><U96/><E96/><V125/><F125/><T111/><D111/><U130/><E130/><V84/><F84/><T64/><D83/><U32/><E32/><V121/><N who="2" m="31008" /><AGARI ba="0,1" hai="40,42,44,45,56,57,78,79,80,82,89,91,121,123" machi="121" ten="25,3200,0" yaku="1,1,22,2,53,0" doraHai="61" doraHaiUra="60" who="1" fromWho="2" sc="309,0,456,42,275,-32,0,0" /><INIT seed="4,0,0,0,0,82" ten="309,498,243,0" oya="0" hai0="96,67,93,61,39,51,76,89,1,81,102,99,129" hai1="122,62,73,103,54,110,87,88,107,108,59,117,125" hai2="2,105,78,116,68,50,120,95,94,49,63,36,101" hai3="" shuffle="mt19937ar,1B4854A2,DD6FE70E,4B93879C,1665F056,FC31D9A4,90B15EEA,00077155,DDC468EE"/><T113/><D1/><U53/><N who="1" m="31264" /><U57/><E73/><V34/><N who="2" m="30752" /><V46/><F2/><T44/><D39/><U71/><E117/><V109/><F34/><T100/><D113/><U133/><E71/><V92/><F109/><T0/><D0/><U65/><E133/><V132/><F132/><T52/><D129/><U85/><E125/><V97/><F116/><T83/><D99/><U111/><E85/><V47/><F78/><T134/><D134/><U45/><E45/><V74/><F74/><T131/><D131/><U127/><E127/><V121/><N who="2" m="31008" /><V72/><F72/><T33/><D33/><U124/><E59/><V115/><F115/><T91/><D91/><U70/><E70/><V112/><F112/><T43/><D43/><U114/><E124/><V106/><F105/><T60/><D60/><U37/><E37/><V118/><F118/><T58/><REACH who="0" step="1"/><D83/><REACH who="0" step="2"/><U41/><E41/><V40/><F36/><T80/><D80/><U77/><E114/><V35/><F35/><T69/><D69/><U130/><E130/><V104/><F63/><T98/><D98/><U38/><E38/><V64/><F68/><T55/><D55/><U56/><E53/><V75/><F40/><T3/><D3/><RYUUKYOKU ba="0,1" sc="299,20,498,-10,243,-10,0,0" hai0="44,51,52,58,61,67,76,81,89,93,96,100,102" /><INIT seed="4,1,1,4,4,86" ten="319,488,233,0" oya="0" hai0="72,51,70,43,101,117,47,58,65,57,64,53,56" hai1="125,35,36,1,34,90,77,115,45,76,63,116,78" hai2="135,66,107,98,93,121,81,2,92,105,54,104,108" hai3="" shuffle="mt19937ar,11743D69,4774F21F,BE6F5539,9AEED80E,DFEE13B9,678C09F1,841BF93E,6DE10022"/><T67/><D72/><U130/><E1/><V114/><N who="2" m="31008" /><V73/><F2/><T113/><D101/><U0/><E0/><V122/><N who="2" m="31264" /><V89/><F66/><T129/><D117/><U97/><E116/><V124/><F54/><T49/><D113/><U127/><E115/><V37/><F37/><T126/><D126/><N who="1" m="48139" /><E130/><V120/><N who="2" m="30752" /><V134/><F124/><T112/><D112/><U95/><E63/><V94/><F114/><T3/><D3/><U55/><E55/><V74/><F108/><T75/><D75/><N who="2" m="28682" /><F81/><T103/><D129/><U128/><E128/><V39/><F39/><T96/><REACH who="0" step="1"/><D70/><REACH who="0" step="2"/><U133/><E133/><AGARI ba="1,2" hai="89,92,93,94,98,104,105,107,133,134,135" m="28682,30752,31264,31008" machi="133" ten="40,12000,2" yaku="20,1,34,2,52,4" doraHai="86" who="2" fromWho="1" sc="309,0,488,-122,233,142,0,0" /><INIT seed="5,0,0,4,0,70" ten="309,366,375,0" oya="1" hai0="42,104,125,124,113,107,52,62,98,127,112,40,68" hai1="43,106,74,38,111,48,100,76,36,128,110,49,88" hai2="79,66,102,60,67,97,47,3,53,93,80,54,86" hai3="" shuffle="mt19937ar,259D0884,97A12D8D,02F33502,C687AFE1,2497088E,36408B3E,6BF0A091,30E82DA8"/><U73/><E128/><V85/><F3/><T63/><D98/><U57/><E76/><V33/><F33/><T50/><D104/><U83/><E100/><V126/><F126/><T78/><D78/><U101/><E101/><V32/><F32/><T123/><N who="0" m="31520" /><T92/><D92/><U118/><E106/><V71/><F67/><T95/><D95/><U1/><E1/><V130/><F130/><T59/><D107/><U51/><E118/><V131/><F131/><T41/><D68/><U84/><E57/><V77/><REACH who="2" step="1"/><F47/><REACH who="2" step="2"/><T133/><REACH who="0" step="1"/><D133/><REACH who="0" step="2"/><U122/><N who="1" m="31264" /><U75/><REACH who="1" step="1"/><E43/><REACH who="1" step="2"/><V96/><F96/><T72/><D72/><U117/><E117/><V108/><F108/><AGARI ba="0,3" hai="36,38,48,49,51,73,74,75,83,84,88,108,110,111" m="31264" machi="108" ten="50,18000,2" yaku="1,1,10,1,52,3,54,1,53,0" doraHai="70" doraHaiUra="91" who="1" fromWho="2" sc="299,0,356,210,365,-180,0,0" /><INIT seed="5,1,0,1,3,116" ten="299,566,185,0" oya="1" hai0="45,125,34,103,98,51,129,120,112,109,96,84,1" hai1="60,108,113,75,63,42,79,38,39,117,119,111,114" hai2="115,134,92,37,33,128,88,52,124,59,91,127,43" hai3="" shuffle="mt19937ar,B2F1D013,1A628FA6,FFAEE1E0,D7F91AFD,40D4ABB9,4F33D7EE,6205B691,2904B52E"/><U65/><E79/><V81/><F33/><T118/><N who="0" m="30752" /><T122/><N who="0" m="31264" /><T102/><D34/><U47/><E75/><V107/><F107/><T40/><D1/><U99/><E99/><V72/><F43/><T68/><D68/><U82/><E82/><V61/><F37/><T55/><D109/><N who="1" m="42059" /><E38/><V66/><F128/><T49/><D129/><U126/><E126/><N who="2" m="48171" /><F134/><T110/><D125/><U83/><E83/><V133/><F133/><T90/><D110/><U2/><E2/><V95/><F115/><N who="1" m="44041" /><E60/><V131/><F131/><T85/><D112/><U100/><E100/><V36/><F36/><T105/><D90/><U53/><E53/><V80/><F72/><T106/><REACH who="0" step="1"/><D118/><REACH who="0" step="2"/><U104/><E119/><V70/><F91/><T97/><D97/><U56/><E117/><V78/><F78/><T41/><D41/><U3/><E3/><V58/><F70/><T76/><D76/><U35/><E35/><V69/><F69/><T57/><AGARI ba="1,1" hai="40,45,49,51,55,57,84,85,96,98,102,103,105,106" m="31264,30752" machi="57" ten="20,12000,3" yaku="1,1,0,1,7,1,9,1,52,4,53,2" doraHai="116" doraHaiUra="94" who="0" fromWho="0" sc="289,132,566,-81,185,-41,0,0" /><INIT seed="6,0,0,4,1,64" ten="421,485,144,0" oya="2" hai0="38,121,78,37,36,135,53,87,82,73,99,32,109" hai1="110,111,130,46,47,118,96,2,117,45,61,115,54" hai2="93,58,62,131,70,80,129,100,97,76,33,113,60" hai3="" shuffle="mt19937ar,1F8B9259,E1CB8B52,1DD817D0,A6710E0A,9703083B,B94DC929,103F0564,66A72B04"/><V101/><F33/><T104/><N who="0" m="31008" /><T107/><D32/><U41/><E96/><V65/><F113/><T69/><D109/><N who="1" m="41483" /><E2/><V71/><F101/><T92/><D135/><U105/><E105/><V44/><F44/><N who="1" m="17001" /><E115/><V94/><F94/><T56/><D73/><U98/><E98/><V50/><F50/><T119/><D119/><U123/><N who="1" m="31520" /><U68/><E130/><N who="2" m="49675" /><F62/><T43/><D43/><U120/><N who="1" m="30752" /><U57/><E68/><V85/><AGARI ba="0,0" hai="58,60,65,70,71,76,80,85,93,97,100" m="49675" machi="85" ten="30,4000,0" yaku="19,1,52,2" doraHai="64" who="2" fromWho="2" sc="421,-20,485,-20,144,40,0,0" /><INIT seed="6,1,0,3,3,53" ten="401,465,184,0" oya="2" hai0="65,85,84,103,88,96,47,86,46,80,55,75,77" hai1="116,42,87,71,54,90,113,104,3,127,76,115,106" hai2="123,83,32,58,57,51,64,134,98,79,118,128,78" hai3="" shuffle="mt19937ar,4129B2CE,3B89193C,B2FC3436,D65EEAD2,DF8CC4D8,4AB64FA6,41602496,F8B48EEE"/><V133/><N who="2" m="31520" /><V41/><F32/><T105/><D65/><U33/><E3/><V100/><F118/><T36/><D36/><U135/><E33/><V110/><F110/><T109/><D109/><U50/><E42/><V131/><F41/><T125/><D125/><U49/><E71/><V108/><F108/><T63/><REACH who="0" step="1"/><D88/><REACH who="0" step="2"/><U95/><E127/><V67/><F51/><T97/><D97/><U82/><E49/><V52/><F98/><T130/><D130/><U48/><E48/><V43/><F43/><T122/><N who="0" m="31264" /><T102/><D102/><U120/><E116/><V93/><F100/><T1/><D1/><U101/><E135/><V62/><F62/><T94/><D94/><U126/><E126/><V44/><F93/><T107/><D107/><U66/><E66/><V72/><F83/><T129/><D129/><U69/><E69/><V2/><F2/><T99/><D99/><U117/><E117/><V111/><F111/><T59/><AGARI ba="1,1" hai="46,47,55,59,63,75,77,80,84,85,86,96,103,105" m="31264" machi="59" ten="30,5900,0" yaku="1,1,0,1,52,2,53,0" doraHai="53" doraHaiUra="45" who="0" fromWho="0" sc="391,71,465,-21,184,-40,0,0" owari="462,42,444,4,144,-46,0,0" /></mjloggm>