<mjloggm ver="2.3"><GO type="185"/><UN n0="%E5%8D%81%E5%85%AD%E5%A4%9C%E2%80%A0%E5%92%B2%E5%A4%9C" n1="%E5%83%8D%E3%81%8D%E3%81%9F%E3%81%8F%E3%81%AA%E3%81%84" n2="%E3%81%B5%E3%81%8F%EF%BC%A3%EF%BD%88%EF%BD%81%EF%BD%8E%E2%99%AA" n3="" dan="16,17,16,0" rate="2168,2216,2159,1500" sx="F,M,F,C"/><TAIKYOKU oya="0"/><INIT seed="0,0,0,0,5,65" ten="350,350,350,0" oya="0" hai0="133,106,38,120,107,43,78,125,0,130,89,95,32" hai1="74,114,35,88,77,121,69,87,94,99,122,128,108" hai2="59,2,40,135,103,57,70,67,131,72,37,82,58" hai3="" shuffle="mt19937ar,23CE7EDE,7F8C3244,B1484FF6,6CED7328,539BFAE9,71E69743,9B837C6C,663980A6"/><T132/><N who="0" m="30752" /><T41/><D0/><U53/><N who="1" m="31008" /><U119/><N who="1" m="31264" /><U129/><E35/><V113/><F2/><T91/><D32/><U45/><E119/><V1/><F1/><T96/><D78/><U62/><E108/><V75/><F113/><T33/><D33/><U100/><E114/><V68/><F103/><T81/><D130/><U48/><E74/><V102/><F102/><T76/><D91/><U42/><E77/><V39/><F131/><T124/><D43/><U47/><E69/><V134/><F82/><T73/><D41/><U36/><REACH who="1" step="1"/><E62/><REACH who="1" step="2"/><V101/><F75/><T63/><D63/><U86/><E86/><V51/><F72/><T60/><D60/><U79/><E79/><V55/><F67/><T98/><D98/><U112/><E112/><V34/><F34/><T3/><D3/><U83/><AGARI ba="0,1" hai="36,42,45,47,48,53,83,87,88,94,99,100,128,129" m="31264,31008" machi="83" ten="30,9000,2" yaku="1,1,0,1,52,2,54,1,53,1" doraHai="65" doraHaiUra="97" who="1" fromWho="1" sc="350,-60,340,100,350,-30,0,0" /><INIT seed="1,0,0,0,2,97" ten="290,440,320,0" oya="1" hai0="34,85,112,44,106,77,76,65,56,69,132,114,36" hai1="62,51,67,80,105,75,73,124,131,123,37,93,53" hai2="118,0,42,86,68,127,96,79,39,116,109,63,128" hai3="" shuffle="mt19937ar,E1FFFE1D,3280052F,672433E1,AA3FFFB4,902512C3,BC8323CA,9B0CA781,CE0C0EDB"/><U90/><N who="1" m="31520" /><U129/><E37/><V72/><F0/><T64/><D34/><U120/><N who="1" m="30752" /><U3/><E105/><V46/><F127/><T71/><D132/><U91/><E3/><V38/><F38/><T81/><D76/><U121/><N who="1" m="31008" /><U43/><E43/><V61/><F128/><T60/><D106/><U47/><E124/><V122/><N who="2" m="31264" /><V95/><F72/><T70/><D65/><U1/><E1/><V49/><F39/><T89/><D89/><U50/><E50/><V98/><F96/><T102/><D102/><U35/><E35/><V40/><F40/><T45/><D36/><U134/><E134/><V101/><F109/><T57/><D57/><U104/><E104/><V111/><F111/><T52/><REACH who="0" step="1"/><D64/><REACH who="0" step="2"/><U126/><E126/><V82/><REACH who="2" step="1"/><F61/><REACH who="2" step="2"/><T113/><AGARI ba="0,2" hai="44,45,52,56,60,69,70,71,77,81,85,112,113,114" machi="113" ten="40,9000,2" yaku="1,1,2,1,0,1,54,1,53,3" doraHai="97" doraHaiUra="66" who="0" fromWho="0" sc="280,110,440,-60,310,-30,0,0" /><INIT seed="2,0,0,4,0,114" ten="390,380,280,0" oya="2" hai0="91,123,104,84,116,68,100,48,133,89,130,103,97" hai1="127,96,108,35,109,56,115,64,76,44,106,36,83" hai2="38,102,45,43,131,72,59,94,88,65,60,69,70" hai3="" shuffle="mt19937ar,2B3115F6,79F5F2DE,F1A8C87F,3522822D,0F16A111,475258D9,941A1FFC,6EC55157"/><V112/><F72/><T40/><N who="0" m="31520" /><T66/><D130/><U54/><E115/><V90/><F112/><T41/><D133/><U79/><E35/><V77/><F77/><T95/><D103/><U67/><E127/><V125/><F125/><T71/><D48/><U3/><E3/><V101/><F131/><T98/><D116/><U105/><E36/><V32/><F32/><T0/><D0/><U82/><E44/><V1/><F1/><T51/><D51/><U62/><E96/><V50/><F90/><T86/><D98/><U129/><E129/><V52/><F70/><T124/><D124/><U61/><E56/><V75/><F75/><T81/><REACH who="0" step="1"/><D66/><REACH who="0" step="2"/><U93/><E54/><V87/><AGARI ba="0,1" hai="38,43,45,50,52,59,60,65,69,87,88,94,101,102" machi="87" ten="20,12000,2" yaku="0,1,7,1,24,2,54,2" doraHai="114" who="2" fromWho="2" sc="380,-60,380,-60,280,130,0,0" /><INIT seed="2,1,0,3,3,80" ten="320,320,410,0" oya="2" hai0="36,84,101,108,65,103,89,104,33,3,124,111,63" hai1="128,109,87,45,110,85,60,48,76,92,78,105,66" hai2="75,116,97,79,57,95,50,51,77,130,34,132,90" hai3="" shuffle="mt19937ar,4F8E091E,6DD0A793,7F3A01FD,E02FA0F6,AD5CCB92,A87F956E,A0DBB721,38F20E89"/><V69/><F34/><T114/><D33/><U41/><E105/><V93/><F69/><T40/><D3/><U127/><E127/><V100/><F116/><T68/><D114/><U1/><E1/><V83/><F132/><T74/><D74/><U38/><E38/><V118/><F118/><T72/><D72/><U86/><E128/><V134/><F79/><T37/><D124/><U64/><E92/><V126/><F126/><T82/><D104/><U73/><E66/><V35/><F35/><T102/><REACH who="0" step="1"/><D40/><REACH who="0" step="2"/><U0/><E0/><V44/><F134/><T2/><D2/><U119/><E119/><V32/><F32/><T135/><D135/><U49/><E73/><V133/><F133/><T96/><D96/><U58/><E49/><V117/><F117/><T125/><D125/><U53/><E41/><V115/><F115/><T46/><D46/><U91/><E91/><V120/><N who="2" m="30752" /><V54/><F130/><T106/><D106/><U99/><E99/><V113/><F113/><T70/><D70/><U131/><E131/><V61/><F44/><T42/><D42/><U55/><E45/><V59/><F57/><T43/><D43/><U67/><E58/><V47/><F47/><T52/><D52/><U122/><E53/><RYUUKYOKU ba="1,1" sc="310,10,320,-20,410,10,0,0" hai0="36,37,63,65,68,82,84,89,101,102,103,108,111" hai2="50,51,54,59,61,75,77,83,90,93,95,97,100" /><INIT seed="2,2,1,1,2,42" ten="320,300,420,0" oya="2" hai0="100,36,32,68,79,83,63,59,127,77,133,102,74" hai1="1,85,134,131,117,70,47,3,80,135,62,56,66" hai2="94,81,48,64,57,44,116,105,110,111,92,87,123" hai3="" shuffle="mt19937ar,33ACF272,A73D26B8,85799431,65D3901B,C16181F4,299B70DD,2DCBE9FC,620514C3"/><V40/><N who="2" m="31520" /><V97/><F116/><T109/><D32/><U58/><E117/><V119/><F119/><T115/><D68/><U65/><E131/><V91/><F64/><T72/><D109/><N who="2" m="41482" /><F57/><N who="1" m="22121" /><E66/><V75/><F75/><T84/><D133/><N who="1" m="50699" /><E47/><V78/><F94/><T129/><D74/><U38/><E38/><V33/><F33/><T118/><D36/><U98/><E98/><V99/><F97/><T125/><D118/><U49/><E49/><V41/><F105/><T0/><D72/><U107/><E107/><V101/><F40/><T2/><D2/><U67/><E67/><V51/><F51/><T61/><D0/><U37/><E37/><V50/><F50/><T54/><D63/><U95/><E95/><V39/><F39/><T121/><D61/><U113/><E113/><V96/><F96/><T34/><D115/><U35/><E35/><V93/><F93/><T114/><D34/><U69/><E69/><V71/><F71/><T120/><D114/><U124/><E124/><V126/><F126/><T45/><D125/><U103/><E103/><AGARI ba="2,1" hai="41,44,48,78,81,87,91,92,99,101,103" m="41482,31520" machi="103" ten="30,11600,0" yaku="14,1,10,1,52,2" doraHai="42" who="2" fromWho="1" sc="320,0,300,-120,420,130,0,0" /><INIT seed="2,3,0,4,2,67" ten="320,180,550,0" oya="2" hai0="93,75,94,50,40,47,112,131,42,91,63,99,130" hai1="96,82,109,119,110,88,102,58,66,51,57,45,33" hai2="116,134,83,60,69,84,113,73,61,37,32,71,53" hai3="" shuffle="mt19937ar,7C335057,5C305157,5DD48638,0AF67FA8,C05C2B1A,DF5D34CC,56EA3CC0,6E88103B"/><V68/><F32/><T117/><D75/><U100/><E33/><V44/><F73/><T106/><D106/><U126/><E126/><V3/><F3/><T74/><D74/><U81/><E119/><V0/><F0/><T125/><D117/><U92/><E110/><V38/><F116/><T54/><D125/><U135/><E135/><V108/><F84/><T86/><D112/><U52/><E109/><V35/><F83/><N who="1" m="31753" /><E66/><V1/><F1/><T132/><D132/><U123/><N who="1" m="31520" /><U105/><E105/><V39/><F35/><T64/><D131/><U107/><E107/><V85/><F85/><T90/><REACH who="0" step="1"/><D130/><REACH who="0" step="2"/><U95/><E102/><V97/><F134/><T121/><N who="0" m="31008" /><T118/><D118/><U111/><E111/><V103/><F108/><T120/><N who="0" m="30752" /><T87/><D87/><AGARI ba="3,1" hai="45,51,52,57,58,87,88,92,95,96,100" m="31520,31753" machi="87" ten="30,7700,0" yaku="8,1,52,1,54,2" doraHai="67" who="1" fromWho="0" sc="310,-83,180,93,550,0,0,0" /><INIT seed="4,0,0,0,2,91" ten="227,273,550,0" oya="0" hai0="41,87,117,126,70,120,96,85,72,44,50,109,111" hai1="2,76,82,102,121,34,119,53,66,45,71,108,99" hai2="129,48,60,115,118,78,58,88,130,100,51,101,61" hai3="" shuffle="mt19937ar,38B2261F,1FF70125,80B331FD,666C9CB9,477C7E33,AE620B22,3E9116A8,31B054B4"/><T106/><N who="0" m="30752" /><T35/><D35/><U107/><N who="1" m="31008" /><U37/><E2/><V75/><F118/><T83/><D70/><U134/><E119/><V42/><F115/><T36/><D117/><U57/><E108/><N who="0" m="41545" /><D126/><U89/><E34/><V3/><F3/><T65/><D65/><U95/><E134/><V77/><F88/><T94/><D106/><U114/><E114/><V122/><N who="2" m="31264" /><V62/><F75/><T68/><D68/><U104/><E71/><V46/><F58/><T103/><D36/><U110/><E110/><V73/><F73/><T93/><D93/><U54/><E66/><V69/><F69/><T39/><D39/><U63/><E37/><V131/><REACH who="2" step="1"/><F48/><REACH who="2" step="2"/><T116/><D116/><U55/><E82/><V1/><F1/><T92/><D92/><U105/><E95/><V47/><F47/><T52/><D41/><U86/><E105/><V90/><F90/><T0/><D0/><U113/><E89/><V128/><N who="2" m="32768" /><DORA hai="74" /><V98/><F98/><T135/><D135/><U38/><E99/><V49/><F49/><T124/><D124/><U112/><E107/><V64/><F64/><T59/><D59/><U79/><E57/><V132/><F132/><T80/><D72/><U84/><E113/><RYUUKYOKU ba="0,1" sc="227,10,273,-20,540,10,0,0" hai0="44,50,52,80,83,85,87,94,96,103" hai2="42,46,51,60,61,62,77,78,100,101" /><INIT seed="4,1,1,2,1,91" ten="237,253,550,0" oya="0" hai0="87,84,47,130,101,34,3,67,96,99,70,54,75" hai1="48,98,109,128,122,102,68,100,61,117,45,65,57" hai2="82,106,86,112,38,43,111,60,105,107,64,134,35" hai3="" shuffle="mt19937ar,630B4896,F2C3F5E9,8B7D39D7,A23C273E,EB53974C,A41A1556,4CD2BDC1,33BD706C"/><T32/><D3/><U41/><N who="1" m="31264" /><U46/><E109/><V94/><F35/><T132/><D75/><U83/><E117/><V118/><F118/><T42/><D54/><U129/><E68/><V95/><F111/><T78/><D132/><U77/><E46/><V49/><F38/><T44/><D130/><N who="1" m="50283" /><E98/><V33/><F112/><T108/><D108/><U89/><E89/><V58/><F134/><T97/><D101/><U104/><E104/><V115/><F115/><T125/><D125/><U120/><N who="1" m="30752" /><U72/><AGARI ba="1,1" hai="41,45,48,57,61,65,72,77,83,100,102" m="30752,50283,31264" machi="72" ten="30,5900,0" yaku="4,1,19,1,52,2" doraHai="91" who="1" fromWho="1" sc="237,-40,253,71,550,-21,0,0" /><INIT seed="5,0,0,5,4,56" ten="197,324,529,0" oya="1" hai0="123,57,46,113,34,37,115,93,131,55,80,72,117" hai1="122,38,36,70,92,39,78,35,106,3,128,132,134" hai2="124,54,126,47,63,60,67,81,50,42,103,108,102" hai3="" shuffle="mt19937ar,AE5E3FD3,2ED85EAB,334CB46E,56F40846,22FB340C,179B7F2D,5A2FDFE9,CE7ADEFF"/><U68/><N who="1" m="31264" /><U75/><E3/><V87/><F108/><T129/><N who="0" m="31520" /><T1/><D1/><U114/><E35/><V65/><F42/><T48/><D34/><U130/><E106/><V109/><F109/><T44/><D93/><U105/><E105/><V133/><F133/><N who="1" m="51305" /><E114/><N who="0" m="43529" /><D72/><U52/><E52/><V116/><F116/><T118/><D80/><U95/><E92/><V111/><F111/><T112/><N who="0" m="43537" /><T110/><DORA hai="98" /><D110/><U76/><E95/><V89/><F65/><T66/><D37/><U0/><E0/><V86/><F63/><T62/><D46/><U74/><E78/><V135/><F135/><T107/><D107/><U94/><E94/><V120/><N who="2" m="30752" /><V83/><F103/><T119/><AGARI ba="0,0" hai="44,48,55,57,62,66,117,118,119,129,131" m="43537,31520" machi="119" ten="50,9000,2" yaku="12,1,15,1,34,2,52,2" doraHai="56,98" who="0" fromWho="0" sc="197,90,324,-60,529,-30,0,0" /><INIT seed="6,0,0,4,5,0" ten="287,264,499,0" oya="2" hai0="38,72,135,134,127,112,89,33,74,44,78,49,81" hai1="130,118,114,110,32,108,116,133,1,129,55,119,102" hai2="85,62,63,56,109,75,117,41,50,43,54,51,99" hai3="" shuffle="mt19937ar,A762AB4D,4344C5E8,0C95D7B3,7B285007,97919D22,D6B57360,99F37D40,A8C58F05"/><V125/><F75/><T94/><D38/><U52/><E1/><V95/><F117/><T123/><N who="0" m="31520" /><T42/><D74/><U64/><E133/><N who="0" m="50697" /><D127/><U61/><E114/><V73/><F73/><T97/><D112/><U40/><E32/><AGARI ba="0,0" hai="32,33,42,44,49,72,78,81,89,94,97" m="50697,31520" machi="32" ten="30,7700,0" yaku="20,1,52,3" doraHai="0" who="0" fromWho="1" sc="287,77,264,-77,499,0,0,0" owari="364,-4,187,-41,499,45,0,0" /></mjloggm>