<mjloggm ver="2.3"><GO type="225"/><UN n0="%6B%6F%67%65%70%61%6E" n1="%E8%B6%85%E3%83%92%E3%83%A2%E3%83%AA%E3%83%AD" n2="%E3%83%80%E3%83%A0%E3%83%9E%E3%83%8B%E3%82%A2" n3="%E3%81%B5%E3%82%8B%E3%81%AD%E3%81%93%40%E4%BD%95%E5%88%87%E3%82%8B" dan="16,17,16,16" rate="2061,2074,2139,2078" sx="M,F,M,M"/><TAIKYOKU oya="0"/><INIT seed="0,0,0,0,0,35" ten="250,250,250,250" oya="0" hai0="5,112,75,104,88,37,1,45,40,48,44,89,18" hai1="115,11,36,19,16,78,68,107,116,76,57,26,110" hai2="100,28,51,61,39,85,132,33,63,86,55,54,120" hai3="121,119,77,34,130,109,67,17,56,114,81,6,62" shuffle="mt19937ar,5BF42E67,E5618F9F,A40CEA4F,23A631D0,A055FBDC,166BDDF0,61B5BC1F,0A508644"/><T96/><D112/><U95/><E68/><V27/><F39/><W127/><G119/><T58/><D75/><U22/><E107/><V32/><F120/><W14/><G114/><T13/><D58/><U129/><E116/><V133/><F33/><W60/><G34/><T7/><D104/><U123/><E36/><V49/><F100/><W29/><G121/><T108/><D108/><U47/><E123/><V99/><F99/><W97/><G29/><T50/><D37/><U124/><E115/><V91/><F91/><N who="0" m="34890" /><D1/><U9/><E110/><V122/><F122/><W23/><G109/><T105/><D96/><U98/><E57/><V46/><F132/><W66/><G127/><T103/><D103/><U79/><E124/><V90/><F133/><W4/><G97/><T93/><D93/><U43/><E95/><V73/><F73/><W30/><G30/><T71/><D71/><U134/><E98/><V72/><F72/><W20/><G130/><T38/><D38/><U117/><E117/><V106/><F106/><W2/><G2/><T52/><D105/><U12/><E134/><V128/><F128/><W83/><G56/><T64/><D64/><U111/><E129/><V125/><F125/><W94/><G94/><T15/><D15/><U92/><E92/><V8/><F86/><W3/><G3/><T0/><D0/><U131/><E131/><V24/><F90/><W41/><G14/><T87/><D87/><U69/><E111/><V42/><F85/><W101/><G101/><T25/><D25/><U70/><E70/><V31/><F24/><W74/><G74/><RYUUKYOKU ba="0,0" sc="250,30,250,-10,250,-10,250,-10" hai0="5,7,13,18,40,44,45,48,50,52" /><INIT seed="0,1,0,0,4,86" ten="280,240,240,240" oya="0" hai0="23,44,16,8,116,121,29,93,131,70,115,123,62" hai1="10,57,7,45,25,78,92,72,43,130,96,133,66" hai2="102,56,15,33,65,94,87,89,113,118,3,61,77" hai3="42,90,55,124,40,88,49,28,36,35,97,22,126" shuffle="mt19937ar,63F78285,43252DE1,58A2398B,79367B01,6B7713C1,0A0EC7E8,BFA309A9,E2D2064B"/><T98/><D115/><U12/><E130/><V103/><F33/><W69/><G35/><T20/><D116/><U111/><E111/><V58/><F3/><W73/><G69/><T79/><D131/><U48/><E133/><V85/><F113/><W46/><G73/><T76/><D8/><U24/><E72/><V27/><F118/><W51/><G36/><T125/><D125/><N who="3" m="48233" /><G97/><T119/><D119/><U60/><REACH who="1" step="1"/><E78/><REACH who="1" step="2"/><V37/><F77/><W9/><G9/><T68/><D79/><U75/><E75/><V117/><F117/><W114/><G114/><T26/><D76/><U84/><E84/><V100/><F87/><W122/><G122/><T11/><D123/><U21/><E21/><V105/><F105/><W5/><G5/><T91/><D121/><U31/><E31/><V108/><F108/><W41/><G51/><T83/><D11/><U112/><E112/><V82/><F37/><W129/><G129/><T64/><D83/><U47/><E47/><V120/><F120/><W6/><G6/><T67/><D44/><U71/><E71/><V135/><F135/><W1/><G1/><T39/><D70/><U80/><E80/><V127/><F127/><W52/><G55/><T2/><D2/><U59/><E59/><V19/><F56/><W32/><G32/><T109/><D109/><U14/><E14/><V4/><F4/><W128/><G128/><T74/><D74/><U50/><E50/><V101/><N who="2" m="26112" /><DORA hai="38" /><V95/><F15/><W107/><G107/><T30/><D39/><U106/><E106/><V0/><F0/><W17/><G28/><RYUUKYOKU ba="1,1" sc="280,-30,230,10,240,10,240,10" hai1="7,10,12,24,25,43,45,48,57,60,66,92,96" hai2="19,27,58,61,65,82,85,89,94,95" hai3="17,22,40,41,42,46,49,52,88,90" /><INIT seed="1,2,1,1,2,16" ten="250,240,250,250" oya="1" hai0="31,6,65,112,127,121,44,7,118,85,17,47,129" hai1="66,26,89,84,12,113,95,99,39,123,97,90,42" hai2="111,58,48,87,82,96,38,14,110,2,68,124,67" hai3="71,3,0,35,56,131,98,135,122,29,19,8,109" shuffle="mt19937ar,C8CD8B0A,22C9EA54,B5747F9F,99A36FAF,2C02D712,659FB36B,F610DC96,188F19AE"/><U126/><E113/><V20/><F2/><W23/><G71/><T49/><D112/><U93/><E123/><V33/><F38/><W83/><G122/><T130/><D121/><U28/><E126/><V11/><F33/><W88/><G131/><T86/><D118/><U51/><E39/><V80/><F68/><W37/><G37/><T69/><D31/><U102/><E66/><V52/><F67/><W9/><G135/><T5/><D127/><U70/><E70/><V92/><F124/><W94/><G109/><N who="2" m="41481" /><F87/><N who="0" m="33290" /><D49/><U116/><E116/><V62/><F62/><W76/><G3/><T36/><D36/><U73/><E73/><V104/><F104/><W64/><G29/><T10/><D65/><U128/><E128/><N who="0" m="49257" /><D69/><U18/><E51/><V57/><F57/><W72/><G35/><T34/><D34/><U78/><E42/><V101/><F11/><W50/><G0/><T61/><D61/><U74/><E74/><V105/><F105/><W40/><G64/><T63/><D63/><U4/><E28/><V54/><F54/><W103/><G103/><T100/><D100/><U114/><E114/><V32/><F32/><W133/><G133/><T22/><D10/><N who="1" m="4167" /><E102/><V115/><F115/><W45/><G56/><T55/><D55/><U30/><E30/><V43/><F43/><W27/><AGARI ba="2,1" hai="8,9,19,23,27,40,45,50,72,76,83,88,94,98" machi="27" ten="20,5200,0" yaku="0,1,7,1,52,1,54,1" doraHai="16" who="3" fromWho="3" sc="250,-15,240,-28,250,-15,250,68" /><INIT seed="2,0,0,0,4,95" ten="235,212,235,318" oya="2" hai0="7,83,85,53,60,74,0,65,69,93,111,26,112" hai1="5,115,80,56,120,8,9,130,20,68,32,94,28" hai2="121,29,122,88,3,114,11,45,101,23,124,108,105" hai3="19,89,128,72,87,129,113,48,54,118,46,73,98" shuffle="mt19937ar,9FD47AE9,2D849761,B0480B43,37F9A313,26B499B5,BA121D3D,73319193,64B54574"/><V67/><F114/><W82/><G118/><T41/><D112/><U17/><E68/><V86/><F67/><W4/><G113/><T59/><D111/><U103/><E115/><V63/><F63/><W1/><G19/><T37/><D74/><U99/><E130/><N who="3" m="50282" /><G4/><T31/><D93/><U91/><E120/><V43/><F108/><W57/><G1/><T96/><D7/><U131/><E131/><V132/><F132/><W40/><G98/><T110/><D96/><U12/><E32/><V58/><F124/><W13/><G13/><T49/><D0/><U64/><E28/><V55/><F3/><W42/><G42/><T36/><D110/><U135/><E135/><V78/><F11/><W22/><G22/><T14/><D14/><U84/><E5/><V25/><F78/><W47/><G47/><T76/><REACH who="0" step="1"/><D41/><REACH who="0" step="2"/><U97/><E97/><V92/><F105/><W27/><G27/><T34/><AGARI ba="0,1" hai="26,31,34,36,37,49,53,59,60,65,69,76,83,85" machi="34" ten="20,8000,1" yaku="1,1,2,1,0,1,7,1,53,1" doraHai="95" doraHaiUra="61" who="0" fromWho="0" sc="225,90,212,-20,235,-40,318,-20" /><INIT seed="3,0,0,0,5,89" ten="315,192,195,298" oya="3" hai0="69,48,84,91,122,127,73,118,130,37,115,25,103" hai1="4,49,72,15,42,92,125,95,47,90,70,35,97" hai2="134,1,27,111,38,46,108,94,13,7,11,128,133" hai3="87,22,32,126,88,124,10,82,102,39,60,129,34" shuffle="mt19937ar,57146F4F,A6D7EA7D,F6F65C96,6C150F46,0BE65B97,A2176F01,51A86490,C9A4D99C"/><W79/><G39/><T40/><D73/><U43/><E35/><V68/><F68/><W61/><G102/><T24/><D118/><U131/><E70/><V93/><F46/><W52/><G10/><T132/><D122/><U135/><E72/><V31/><F38/><W55/><G129/><T29/><D69/><U58/><E131/><V56/><F56/><W63/><G32/><T59/><D103/><N who="1" m="60839" /><E135/><N who="2" m="51723" /><F1/><W16/><G34/><T21/><D130/><U30/><E125/><N who="3" m="48234" /><G79/><T51/><D127/><U17/><E30/><V107/><F107/><W96/><G96/><T36/><D132/><U112/><E112/><V54/><F54/><W101/><G101/><T64/><D115/><U113/><E113/><V65/><F65/><W86/><G86/><T20/><D37/><U81/><E81/><V62/><F62/><W3/><G3/><T98/><D98/><N who="1" m="57719" /><E4/><V9/><F128/><W104/><G104/><T41/><D36/><U123/><E123/><V71/><F71/><W76/><G76/><T119/><D119/><U106/><E106/><V0/><F94/><W67/><G67/><T14/><D64/><U105/><E105/><V75/><F93/><W53/><G63/><T116/><D116/><U99/><E99/><V33/><F75/><W109/><G109/><T85/><D85/><U77/><E77/><V120/><F120/><W2/><G2/><T6/><D84/><U57/><E42/><V66/><F66/><W83/><G83/><T117/><D41/><U80/><E80/><V5/><AGARI ba="0,0" hai="0,5,7,9,11,13,27,31,33,108,111" m="51723" machi="5" ten="30,4000,0" yaku="20,1,34,2" doraHai="89" who="2" fromWho="2" sc="315,-10,192,-10,195,40,298,-20" owari="305,30,182,-22,235,-11,278,3" /></mjloggm>