<mjloggm ver="2.3"><GO type="225"/><UN n0="%E9%95%B7%E5%B2%A1%E5%A4%A7%E6%98%8E%E7%A5%9E" n1="%E3%81%B5%E3%82%8B%E3%81%AD%E3%81%93%40%E4%BD%95%E5%88%87%E3%82%8B" n2="%62%61%6B%61%73%65" n3="%E6%A1%9C%E8%8A%B1%E9%96%83%E3%80%85" dan="16,16,16,16" rate="2064,2066,2023,2048" sx="F,M,F,M"/><TAIKYOKU oya="0"/><INIT seed="0,0,0,3,4,130" ten="250,250,250,250" oya="0" hai0="117,93,109,135,127,84,69,34,48,10,47,55,124" hai1="2,114,67,131,98,62,0,75,123,88,58,8,59" hai2="57,56,104,43,7,3,94,15,87,13,53,18,122" hai3="65,66,41,5,12,120,52,42,134,1,102,64,68" shuffle="mt19937ar,AA35C540,4795CDE2,265BD9E7,212353E8,8311C248,EDB25FD4,91338DD4,4587A665"/><T89/><D117/><U107/><E123/><V20/><F104/><W80/><G1/><T14/><D34/><U44/><E75/><V116/><F122/><W74/><G120/><T106/><D106/><U91/><E131/><V101/><F3/><W95/><G68/><T38/><D69/><U83/><E114/><V36/><F116/><W112/><G112/><T35/><D35/><U97/><E44/><V50/><F36/><W86/><G74/><T99/><D109/><U29/><E29/><V121/><F121/><W132/><G52/><T72/><D72/><U92/><E107/><V28/><F28/><W126/><G126/><N who="0" m="48171" /><D38/><U23/><E23/><V103/><F43/><W70/><G70/><T82/><D135/><N who="3" m="51753" /><G95/><T11/><D14/><U9/><E92/><V108/><F57/><W73/><G102/><AGARI ba="0,0" hai="10,11,47,48,55,82,84,89,93,99,102" m="48171" machi="102" ten="30,1500,0" yaku="18,1" doraHai="130" who="0" fromWho="3" sc="250,15,250,0,250,0,250,-15" /><INIT seed="0,1,0,4,1,71" ten="265,250,250,235" oya="0" hai0="55,127,40,80,68,19,121,103,15,120,18,7,11" hai1="131,42,35,112,104,0,1,31,124,46,123,95,21" hai2="82,43,118,101,102,22,56,92,10,128,100,50,5" hai3="14,98,24,63,66,28,78,84,106,64,6,125,36" shuffle="mt19937ar,9540245F,01F99DBF,54C245AD,ED652C9D,8F685803,E00188C8,8B79A1BF,A9BC0E64"/><T107/><D68/><U119/><E104/><V34/><F34/><W77/><G125/><T13/><D127/><U113/><E119/><V85/><F128/><W69/><G64/><T32/><D32/><U60/><E123/><V57/><F118/><W38/><G6/><T2/><D40/><U33/><E124/><V37/><F37/><W88/><G14/><T94/><D107/><U3/><E131/><V54/><F43/><W110/><G110/><T23/><D80/><U91/><E60/><V58/><F92/><W122/><G122/><T53/><D121/><U96/><E21/><V72/><F72/><W87/><G78/><T51/><D120/><U67/><E67/><V126/><F22/><W134/><G134/><T99/><REACH who="0" step="1"/><D51/><REACH who="0" step="2"/><U105/><E105/><V44/><F126/><W27/><G106/><T52/><D52/><U49/><E35/><V116/><F116/><W30/><G69/><T75/><D75/><U8/><E112/><V114/><F114/><W61/><G38/><T47/><D47/><U70/><E70/><V86/><REACH who="2" step="1"/><F82/><REACH who="2" step="2"/><W12/><G36/><T59/><D59/><U135/><E113/><V39/><F39/><W41/><G41/><T81/><D81/><U29/><E135/><V25/><F25/><W111/><G27/><T117/><D117/><U74/><E33/><V73/><F73/><W133/><G24/><T16/><D16/><U76/><E74/><V48/><F48/><W129/><G133/><T108/><D108/><U89/><E49/><V4/><F4/><W20/><G111/><T93/><D93/><U109/><E95/><RYUUKYOKU ba="1,2" sc="255,15,250,-15,240,15,235,-15" hai0="2,7,11,13,15,18,19,23,53,55,94,99,103" hai2="5,10,44,50,54,56,57,58,85,86,100,101,102" /><INIT seed="0,2,2,2,5,77" ten="270,235,255,220" oya="0" hai0="69,112,96,41,113,54,52,127,114,132,39,99,6" hai1="86,33,26,122,2,120,70,7,134,15,13,82,58" hai2="53,43,62,47,74,111,29,0,76,88,14,42,61" hai3="118,59,84,104,97,36,129,35,63,73,75,107,55" shuffle="mt19937ar,AC5CBFCF,2EB39F41,B50349CB,0507854D,5B1A9303,0AB543BC,D78A692E,1D003E0B"/><T5/><D69/><U46/><E70/><V92/><F0/><W50/><G118/><T108/><D132/><U81/><E2/><V57/><F111/><W24/><G36/><T125/><D108/><U95/><E134/><V37/><F42/><W71/><G129/><T117/><D117/><U79/><E46/><V9/><F29/><N who="3" m="19879" /><G104/><T80/><D41/><U11/><E95/><V101/><F101/><N who="3" m="62895" /><G84/><T123/><D39/><U102/><E102/><V67/><F76/><W119/><G119/><T49/><D123/><U89/><E15/><V66/><F74/><W4/><G4/><N who="0" m="1643" /><D49/><U98/><E98/><N who="0" m="37417" /><D80/><U133/><E133/><V126/><F126/><AGARI ba="2,2" hai="52,54,112,113,114,125,126,127" m="37417,1643" machi="126" ten="40,12000,1" yaku="28,2,18,1,54,1" doraHai="77" who="0" fromWho="2" sc="270,146,235,0,255,-126,220,0" /><INIT seed="0,3,0,4,0,96" ten="416,235,129,220" oya="0" hai0="34,39,19,20,67,118,101,119,69,124,81,79,89" hai1="125,102,129,46,128,113,35,63,109,13,72,48,26" hai2="32,75,53,99,52,105,9,40,78,4,80,76,37" hai3="114,83,16,121,18,15,33,95,22,111,51,66,84" shuffle="mt19937ar,AECA3A46,E0E74341,715CA5E0,8FB02A06,4F9225F9,41092B83,3E4EE581,72EEBBB7"/><T47/><D34/><U93/><E72/><V50/><F32/><W3/><G114/><T116/><D124/><U28/><E125/><V38/><F78/><W70/><G33/><T127/><D127/><U98/><E113/><V62/><F62/><W108/><G3/><T6/><D6/><U43/><E109/><N who="3" m="42058" /><G121/><T120/><D120/><U110/><E110/><V87/><F87/><W17/><G95/><T86/><D67/><U24/><E24/><V41/><F38/><W21/><G51/><T61/><D69/><U73/><E73/><V68/><F68/><W49/><G49/><T122/><D61/><U29/><E29/><V58/><F37/><W23/><G66/><T77/><D122/><U132/><E132/><V7/><F53/><W2/><G2/><T91/><D39/><U54/><REACH who="1" step="1"/><E13/><REACH who="1" step="2"/><V115/><F115/><W88/><G70/><T94/><D119/><U135/><E135/><V36/><F36/><W59/><G59/><AGARI ba="3,1" hai="26,28,35,43,46,48,54,59,63,93,98,102,128,129" machi="59" ten="40,2600,0" yaku="1,1,52,1,53,0" doraHai="96" doraHaiUra="117" who="1" fromWho="3" sc="416,0,225,45,129,0,220,-35" /><INIT seed="1,0,0,0,0,129" ten="416,270,129,185" oya="1" hai0="6,45,25,34,30,95,35,93,78,56,75,5,57" hai1="7,48,62,32,42,64,88,20,15,102,41,87,58" hai2="47,125,11,106,82,72,63,85,81,99,76,52,89" hai3="120,98,107,84,117,9,80,31,38,127,91,8,29" shuffle="mt19937ar,A017B0D7,638906C9,5F2C8FDE,9E4C7AF0,AC238DD6,8D07ECA5,6338BB5D,0B15F111"/><U79/><E32/><V12/><F125/><W101/><G120/><T61/><D35/><U66/><E102/><V10/><F106/><W27/><G127/><T116/><D116/><U39/><E39/><V4/><F99/><W123/><G123/><T108/><D108/><U126/><E79/><V115/><F115/><W46/><G117/><T54/><D78/><U77/><E77/><V135/><F11/><W86/><G86/><T43/><D75/><U16/><E126/><V105/><F105/><W118/><G118/><T68/><D68/><U59/><E7/><V119/><F119/><W40/><REACH who="3" step="1"/><G31/><REACH who="3" step="2"/><T0/><D30/><U36/><E36/><V3/><F3/><W21/><AGARI ba="0,1" hai="8,9,21,27,29,38,40,46,80,84,91,98,101,107" machi="21" ten="20,8000,1" yaku="1,1,2,1,0,1,7,1,53,1" doraHai="129" doraHaiUra="70" who="3" fromWho="3" sc="416,-20,270,-40,129,-20,175,90" /><INIT seed="2,0,0,1,1,63" ten="396,230,109,265" oya="2" hai0="18,76,127,124,93,84,71,65,28,126,51,45,33" hai1="105,11,78,35,133,0,104,120,55,80,4,106,86" hai2="23,113,95,48,9,91,44,128,13,116,53,29,98" hai3="125,129,21,79,10,56,117,1,22,39,54,12,90" shuffle="mt19937ar,91A687C4,49B315CF,2A845430,5C1014E9,2175458C,D391CFA0,19523F6E,8FFE8F9A"/><V8/><F128/><W75/><G117/><T82/><D18/><U38/><E133/><V5/><F113/><W60/><G1/><T110/><D110/><U57/><E35/><V77/><F116/><W131/><G39/><T34/><D28/><U30/><E30/><V19/><F29/><W25/><G125/><T61/><D93/><U58/><E38/><V32/><F32/><W3/><G3/><T72/><D72/><U64/><E120/><V69/><F69/><W101/><G101/><T89/><D76/><U50/><REACH who="1" step="1"/><E58/><REACH who="1" step="2"/><V115/><F115/><W16/><G56/><T112/><D112/><U99/><E99/><V87/><F5/><W20/><G129/><T31/><D31/><U135/><E135/><V46/><F46/><W97/><G97/><T83/><D33/><U130/><E130/><V47/><F47/><W88/><G131/><T107/><D34/><U41/><E41/><V37/><F37/><W119/><G119/><T66/><D127/><U68/><E68/><V73/><F73/><W42/><G42/><T134/><D134/><U2/><E2/><V118/><F118/><W24/><G75/><T67/><D71/><U36/><E36/><V94/><REACH who="2" step="1"/><F77/><REACH who="2" step="2"/><W15/><G79/><T6/><D126/><U102/><E102/><AGARI ba="0,2" hai="8,9,13,19,23,44,48,53,87,91,94,95,98,102" machi="102" ten="30,11600,0" yaku="1,1,2,1,7,1,8,1,53,0" doraHai="63" doraHaiUra="103" who="2" fromWho="1" sc="396,0,220,-116,99,136,265,0" /><INIT seed="2,1,0,4,1,54" ten="396,104,235,265" oya="2" hai0="99,106,104,44,24,127,7,83,60,78,64,87,22" hai1="53,67,122,98,84,52,58,112,128,89,35,133,70" hai2="13,102,81,55,25,62,73,86,77,59,79,69,33" hai3="11,2,34,95,27,123,3,31,10,116,30,93,17" shuffle="mt19937ar,CD2907E9,36F2D5EA,B39D8CF0,35D40640,84EF7731,E44D398F,EAED5B43,371C87DB"/><V101/><F69/><W118/><G123/><T40/><D127/><U130/><E112/><V20/><F33/><W115/><G115/><T91/><D7/><U5/><E35/><V23/><F73/><W49/><G49/><T76/><D106/><U71/><E5/><V109/><F79/><W12/><G93/><T97/><D104/><U75/><E75/><V18/><REACH who="2" step="1"/><F109/><REACH who="2" step="2"/><W21/><G116/><T108/><D78/><U92/><E71/><V85/><F85/><W134/><G118/><T126/><D76/><U72/><E72/><V15/><F15/><W51/><G12/><T43/><D108/><U80/><E122/><V65/><F65/><W0/><G34/><T111/><D64/><U8/><E133/><V66/><F66/><W124/><G3/><T100/><D87/><U125/><E125/><V46/><F46/><W6/><G124/><T114/><D44/><U39/><E70/><V135/><F135/><W28/><G134/><T57/><D126/><U37/><E67/><V9/><F9/><W36/><G11/><T4/><D111/><U50/><E8/><V82/><F82/><W38/><G2/><T26/><D83/><U105/><E105/><V74/><F74/><W47/><G95/><T61/><D114/><U88/><REACH who="1" step="1"/><E53/><REACH who="1" step="2"/><V1/><F1/><W107/><G107/><T120/><D120/><U45/><E45/><V29/><AGARI ba="1,2" hai="13,18,20,23,25,29,55,59,62,77,81,86,101,102" machi="29" ten="20,12000,1" yaku="1,1,0,1,7,1,8,1,52,1,53,0" doraHai="54" doraHaiUra="117" who="2" fromWho="2" sc="396,-41,94,-41,225,143,265,-41" /><INIT seed="2,2,0,0,0,12" ten="355,53,368,224" oya="2" hai0="101,128,88,31,46,37,122,30,119,58,60,27,134" hai1="43,84,87,118,42,15,24,92,135,29,44,109,68" hai2="39,98,51,6,100,57,133,34,94,91,107,9,32" hai3="50,83,130,127,18,86,66,104,82,56,40,129,105" shuffle="mt19937ar,060B6E83,29F4C6E9,3AD4EA62,433CE238,B1DA2AD1,17E2E78F,55D46476,6D6153B8"/><V77/><F39/><W35/><G35/><T108/><D122/><U125/><E118/><V19/><F133/><W78/><G127/><T53/><D119/><U36/><E68/><V64/><F77/><W16/><G83/><T62/><D101/><U115/><E135/><V114/><F114/><W75/><G75/><T48/><D134/><U28/><E115/><V54/><F64/><W41/><G41/><T23/><D128/><N who="3" m="49257" /><G40/><T96/><D108/><U17/><E125/><V13/><REACH who="2" step="1"/><F6/><REACH who="2" step="2"/><W25/><G66/><T123/><D37/><U121/><E109/><V21/><F21/><N who="3" m="13479" /><G18/><T102/><D123/><U14/><E121/><V132/><F132/><W81/><G81/><T126/><D126/><U131/><E36/><V95/><F95/><W89/><G78/><T55/><D31/><U20/><E92/><V4/><F4/><W2/><G2/><T5/><D5/><U70/><E20/><V26/><F26/><W76/><G76/><T80/><D80/><U67/><E24/><V113/><F113/><W71/><G71/><T74/><D74/><U0/><E70/><V110/><F110/><W22/><G22/><T97/><D23/><U11/><E131/><V73/><F73/><W116/><G116/><T52/><D27/><U72/><E67/><V69/><F69/><W93/><G93/><N who="0" m="56359" /><D30/><U61/><E72/><V47/><F47/><W79/><G79/><T1/><D46/><U90/><E44/><V111/><F111/><W7/><G7/><T63/><D1/><U45/><E45/><V10/><F10/><W124/><G124/><T103/><D103/><RYUUKYOKU ba="2,1" sc="355,10,53,-30,358,10,224,10" hai0="48,52,53,55,58,60,62,63,97,102" hai2="9,13,19,32,34,51,54,57,91,94,98,100,107" hai3="50,56,82,86,89,104,105" /><INIT seed="2,3,1,5,0,36" ten="365,23,368,234" oya="2" hai0="62,107,14,127,103,81,125,59,110,109,135,50,67" hai1="93,76,89,75,83,122,99,79,68,114,97,13,17" hai2="124,116,92,26,37,100,41,3,111,112,73,60,120" hai3="54,49,30,118,51,10,72,69,130,42,90,71,65" shuffle="mt19937ar,68F17E37,60EF4893,865A2570,011D39D3,E9D8C925,A0526D85,DEE47ED2,0DF7B263"/><V134/><RYUUKYOKU type="yao9" ba="3,1" sc="365,0,23,0,368,0,234,0" hai2="3,26,37,41,60,73,92,100,111,112,116,120,124,134" /><INIT seed="2,4,1,0,4,6" ten="365,23,368,234" oya="2" hai0="88,133,86,41,107,109,93,26,64,132,97,116,110" hai1="12,85,114,135,121,125,27,35,118,56,120,32,82" hai2="55,62,126,52,43,20,112,66,44,124,65,72,103" hai3="47,130,57,22,11,28,7,91,21,127,24,74,113" shuffle="mt19937ar,D9ADD79C,5F7893DB,5FD7011A,843DD773,36079670,4A072A1F,EEE7A21F,C6302582"/><V123/><F112/><W87/><G74/><T77/><D116/><U30/><E114/><V102/><F72/><W58/><G113/><T14/><D41/><U76/><E118/><V98/><F20/><W2/><G130/><T59/><D26/><U129/><E135/><N who="0" m="51785" /><D14/><U80/><E129/><V128/><F123/><W90/><G127/><N who="2" m="48681" /><F128/><W19/><G47/><T38/><D38/><U105/><E125/><V54/><F98/><W134/><G134/><T111/><D77/><U45/><E105/><V117/><F117/><W70/><G70/><T31/><D31/><U9/><E45/><V83/><F83/><W75/><G75/><T34/><D34/><U81/><E56/><N who="2" m="37063" /><F66/><W108/><G108/><T122/><D122/><U16/><E82/><V5/><F5/><W23/><G23/><T67/><D59/><U51/><E35/><V15/><F15/><W18/><G28/><T29/><D29/><U94/><E81/><V17/><F17/><W99/><G99/><T89/><D107/><U48/><E121/><V37/><AGARI ba="4,1" hai="37,43,44,52,54,55,102,103" m="37063,48681" machi="37" ten="30,3000,0" yaku="18,1,54,1" doraHai="6" who="2" fromWho="2" sc="365,-14,23,-14,368,52,234,-14" /><INIT seed="2,5,0,0,1,57" ten="351,9,420,220" oya="2" hai0="12,129,120,96,103,85,110,104,100,8,84,112,50" hai1="24,105,128,115,71,122,135,67,28,47,126,14,97" hai2="46,113,18,36,68,0,114,116,106,9,93,2,30" hai3="78,130,53,89,60,74,102,76,22,51,127,40,43" shuffle="mt19937ar,2D89FB18,068CF832,8F5FACF4,225DFD35,35039276,7DFCBF33,3742BBD8,53515D52"/><V37/><F116/><W42/><G127/><T21/><D120/><U26/><E14/><V101/><F93/><W52/><G130/><T31/><D112/><U48/><E24/><V81/><F18/><W59/><G74/><T3/><D129/><U61/><E115/><V72/><F30/><W121/><G121/><T69/><D69/><U44/><E122/><V65/><F101/><W29/><G102/><T19/><D103/><N who="1" m="62703" /><E128/><V73/><F106/><W117/><G117/><T45/><D110/><U77/><E77/><N who="2" m="44199" /><F73/><W55/><G89/><T134/><D134/><U79/><E79/><N who="3" m="30250" /><G51/><T87/><D31/><U49/><E135/><V35/><F35/><W92/><G92/><T94/><D3/><N who="2" m="1066" /><F9/><W66/><G29/><T91/><REACH who="0" step="1"/><D8/><REACH who="0" step="2"/><U4/><E126/><V41/><F37/><W5/><G22/><T10/><D10/><U38/><E4/><V132/><F132/><W25/><G5/><T39/><D39/><U16/><E16/><V64/><F68/><W34/><G34/><T107/><D107/><U63/><E38/><V133/><F133/><W95/><G95/><T108/><D108/><U7/><E7/><V131/><F131/><W88/><G88/><T111/><D111/><U11/><E11/><V20/><F20/><W118/><G118/><T86/><D86/><U15/><E15/><V62/><F114/><W23/><G23/><T82/><D82/><U70/><E47/><V58/><F113/><W75/><G75/><T109/><D109/><U80/><E44/><V83/><F83/><W56/><G25/><T119/><D119/><U13/><E80/><RYUUKYOKU ba="5,1" sc="341,10,9,-30,420,10,220,10" hai0="12,19,21,45,50,84,85,87,91,94,96,100,104" hai2="36,41,46,58,62,64,65" hai3="40,42,43,52,53,55,56,59,60,66" owari="351,10,-21,-42,440,44,230,-12" /></mjloggm>