<mjloggm ver="2.3"><GO type="185"/><UN n0="%E3%81%A8%E3%81%8A%E3%82%8B%53%43%31" n1="%E3%81%9F%E3%82%80%E3%81%A8%E3%83%BC" n2="%E5%8D%81%E5%85%AD%E5%A4%9C%E2%80%A0%E5%92%B2%E5%A4%9C" n3="" dan="16,16,16,0" rate="2085,2138,2162,1500" sx="M,M,F,C"/><TAIKYOKU oya="0"/><INIT seed="0,0,0,3,1,65" ten="350,350,350,0" oya="0" hai0="61,80,78,44,53,98,34,112,3,83,133,84,94" hai1="131,74,110,108,95,102,37,38,96,130,52,0,45" hai2="67,40,122,106,59,126,127,50,82,43,93,70,105" hai3="" shuffle="mt19937ar,81221C0A,8E23FE53,B3FF9ACF,E67A21B8,3A7377E5,AC4ED26D,530D438E,16D456CC"/><T56/><D112/><U121/><N who="1" m="31008" /><U128/><E74/><V73/><N who="2" m="31264" /><V101/><F93/><T2/><D34/><U114/><E0/><V36/><F36/><N who="1" m="13929" /><E114/><V123/><N who="2" m="31520" /><V79/><F59/><T100/><D133/><U104/><E104/><V125/><F101/><T47/><D3/><U103/><E103/><V32/><F32/><T42/><D2/><U76/><E76/><V92/><F92/><T117/><D117/><U58/><E45/><V99/><F99/><T55/><D80/><U118/><E118/><V86/><F86/><T48/><REACH who="0" step="1"/><D44/><REACH who="0" step="2"/><U134/><E134/><V90/><F126/><T107/><D107/><U88/><E102/><V85/><F127/><T91/><D91/><U75/><E75/><V57/><F125/><T1/><D1/><U69/><E69/><V111/><F106/><T120/><N who="0" m="30752" /><T113/><D113/><U77/><E77/><V41/><F105/><T60/><D60/><AGARI ba="0,1" hai="52,58,60,88,95,96,108,110,128,130,131" m="13929,31008" machi="60" ten="40,8000,1" yaku="19,1,52,1,54,2" doraHai="65" who="1" fromWho="0" sc="340,-80,350,90,350,0,0,0" /><INIT seed="1,0,0,2,0,81" ten="260,440,350,0" oya="1" hai0="40,45,78,108,91,118,112,47,46,135,92,76,58" hai1="72,107,129,65,116,89,48,105,88,33,87,50,90" hai2="96,71,128,101,103,56,59,64,126,42,113,1,98" hai3="" shuffle="mt19937ar,AB0D992F,5DB5F79B,95CF7FDB,88F424B5,E2FEC2A2,6ABE9CD8,9E3A45E3,5A4235C0"/><U52/><E33/><V67/><F1/><T37/><D112/><U94/><E72/><V86/><F113/><T121/><N who="0" m="31008" /><T123/><N who="0" m="31520" /><T104/><D104/><U53/><E116/><V114/><F114/><T83/><D118/><U132/><E129/><V134/><F128/><T66/><D108/><U117/><E117/><V38/><F134/><T97/><D135/><U3/><E3/><V109/><F109/><T39/><D78/><U85/><E132/><V77/><F126/><T110/><D110/><U120/><N who="1" m="30752" /><U111/><E111/><V125/><F125/><T34/><D34/><U79/><E65/><V102/><F71/><T99/><D99/><U70/><E70/><V124/><F124/><T57/><D66/><U54/><E79/><V80/><F67/><T43/><D46/><U115/><E115/><V119/><F119/><T2/><D2/><U74/><E74/><AGARI ba="0,0" hai="37,39,40,43,45,47,57,58,74,76,83,91,92,97" m="31520,31008" machi="74" ten="30,7700,0" yaku="7,1,9,1,52,2" doraHai="81" who="0" fromWho="1" sc="260,77,440,-77,350,0,0,0" /><INIT seed="2,0,0,3,4,74" ten="337,363,350,0" oya="2" hai0="134,51,58,105,114,48,82,45,3,83,87,59,112" hai1="42,93,56,119,89,109,121,44,78,130,62,117,128" hai2="125,70,103,1,84,65,55,101,110,72,37,32,102" hai3="" shuffle="mt19937ar,B6267A38,D880E6F2,B4BD0185,56A34554,87E508CA,1E6900D1,91E5A34C,F8B1467D"/><V77/><F1/><T68/><D68/><U76/><N who="1" m="31008" /><U53/><E109/><V64/><F32/><T66/><D105/><U40/><E93/><V129/><F37/><T50/><D3/><U49/><E89/><V135/><F72/><T34/><D34/><U69/><E40/><V67/><F135/><T80/><D134/><U35/><E69/><V88/><F129/><N who="1" m="49769" /><E35/><V47/><F125/><T2/><D2/><U124/><E124/><V43/><F110/><T99/><D99/><U132/><E132/><V92/><F43/><T41/><D41/><U46/><E46/><V0/><F0/><T90/><D45/><U38/><E38/><V57/><F47/><T71/><D71/><U96/><E96/><V52/><F70/><T54/><D66/><U126/><E126/><V91/><F55/><T81/><REACH who="0" step="1"/><D58/><REACH who="0" step="2"/><U122/><N who="1" m="31264" /><U120/><E120/><V106/><F106/><T127/><D127/><U86/><E86/><V36/><F65/><T133/><D133/><U61/><E61/><AGARI ba="0,1" hai="48,50,51,54,59,61,80,81,82,83,87,90,112,114" machi="61" ten="40,5200,0" yaku="1,1,53,2" doraHai="74" doraHaiUra="108" who="0" fromWho="1" sc="327,62,363,-52,350,0,0,0" /><INIT seed="4,0,0,3,1,37" ten="389,311,350,0" oya="0" hai0="34,62,76,36,106,49,127,71,2,108,45,94,46" hai1="38,125,103,97,92,68,86,110,52,1,98,82,63" hai2="119,109,39,85,47,95,70,83,57,59,126,118,43" hai3="" shuffle="mt19937ar,5C021EE8,5D4D450F,DB3FB29F,8D001DC9,EAF1290F,CA6ECBC3,898F2F34,04D07803"/><T61/><D2/><U65/><E1/><V44/><F70/><T88/><D106/><U78/><E110/><V55/><F109/><T41/><D108/><U104/><E125/><V53/><F95/><T90/><D34/><U120/><N who="1" m="30752" /><U116/><E116/><N who="2" m="44587" /><F85/><T66/><D127/><U121/><N who="1" m="31008" /><U113/><E38/><V87/><F87/><T130/><D130/><U72/><E113/><V42/><F83/><T56/><D76/><U79/><E79/><V122/><N who="2" m="31264" /><V0/><F0/><T128/><D128/><U33/><E33/><V100/><F100/><T91/><D94/><U81/><E81/><V40/><F126/><T64/><REACH who="0" step="1"/><D91/><REACH who="0" step="2"/><U115/><E115/><V51/><F39/><T50/><D50/><AGARI ba="0,1" hai="40,42,43,44,47,50,51,53,55,57,59" m="31264,44587" machi="50" ten="30,12000,2" yaku="12,1,34,2,52,4" doraHai="37" who="2" fromWho="0" sc="379,-120,311,0,350,130,0,0" /><INIT seed="5,0,0,0,3,100" ten="259,311,480,0" oya="1" hai0="75,81,85,118,135,61,104,123,126,132,62,41,80" hai1="52,89,133,117,77,101,111,110,49,83,108,119,0" hai2="91,129,93,102,35,43,134,116,47,125,122,58,72" hai3="" shuffle="mt19937ar,00D2C38A,60F404A9,5911E364,1140CB20,BB51DAAA,7F2D968B,06F0F3CE,674989B6"/><U105/><E0/><V48/><N who="2" m="31264" /><V76/><F35/><T115/><N who="0" m="31520" /><T42/><D104/><U79/><E133/><N who="0" m="51273" /><D115/><U106/><E101/><V124/><F116/><N who="1" m="44617" /><E89/><V84/><F129/><T103/><D103/><U53/><E53/><V107/><F134/><T64/><D118/><U90/><E90/><V54/><F76/><N who="1" m="29257" /><E83/><V130/><F130/><T114/><D114/><U99/><E99/><V57/><F72/><T92/><D75/><U121/><N who="1" m="31008" /><U40/><E40/><N who="0" m="15465" /><D126/><U127/><E127/><V73/><F125/><T46/><D46/><AGARI ba="0,0" hai="46,49,52,105,106,108,110,111" m="31008,29257,44617" machi="46" ten="40,12000,1" yaku="10,1,52,3,54,1" doraHai="100" who="1" fromWho="0" sc="259,-120,311,120,480,0,0,0" /><INIT seed="5,1,0,0,4,59" ten="139,431,480,0" oya="1" hai0="87,105,109,114,3,49,74,112,124,63,110,108,0" hai1="116,78,50,80,103,91,52,51,37,75,106,39,86" hai2="81,101,34,96,57,56,53,121,133,128,47,40,131" hai3="" shuffle="mt19937ar,F90123D7,4B5E78A4,E10C00AB,87AC2CEB,EC2750C6,2FB900CF,D7386FC6,49B753EB"/><U77/><E116/><V79/><N who="2" m="31008" /><V48/><F34/><T119/><D87/><U68/><E68/><V83/><F133/><T38/><D49/><U134/><E134/><V130/><F79/><T85/><D85/><U100/><E50/><V98/><F57/><T41/><D41/><U123/><N who="1" m="31520" /><U94/><E77/><V1/><F1/><T43/><D43/><U125/><E125/><V73/><F73/><T97/><D97/><U132/><E132/><V54/><F54/><T2/><D105/><U115/><E115/><V104/><REACH who="2" step="1"/><F96/><REACH who="2" step="2"/><T93/><D74/><U107/><E75/><V69/><F69/><T67/><D124/><U64/><E64/><V82/><F82/><T99/><D119/><U35/><E35/><V117/><F117/><T76/><D76/><U46/><E78/><V118/><F118/><T45/><D112/><U113/><E113/><V129/><N who="2" m="32768" /><DORA hai="62" /><V95/><F95/><T65/><D114/><U122/><E122/><V61/><AGARI ba="1,1" hai="40,47,48,53,56,61,81,83,98,101,104" m="32768,31008" machi="61" ten="60,12000,3" yaku="1,1,0,1,19,1,52,2,53,4" doraHai="59,62" doraHaiUra="127,120" who="2" fromWho="2" sc="139,-41,431,-81,470,132,0,0" /><INIT seed="6,0,0,2,5,82" ten="98,350,602,0" oya="2" hai0="94,110,60,45,102,1,39,124,129,33,96,62,49" hai1="73,75,38,128,119,46,99,116,54,0,122,37,106" hai2="47,3,91,80,81,43,66,59,52,90,127,103,53" hai3="" shuffle="mt19937ar,416D268A,9EA97B10,8FE98805,EE06BE95,CFE7B5C4,A8295B9E,4B1D77B6,5B05C075"/><V108/><F3/><T56/><D94/><U132/><E54/><V123/><N who="2" m="31520" /><V133/><F103/><T57/><D96/><U77/><E46/><V100/><F108/><T69/><D102/><U121/><E38/><V55/><F100/><T113/><D33/><U71/><N who="1" m="31008" /><U95/><E119/><V78/><F133/><T134/><D1/><U72/><E72/><V97/><F66/><T111/><D134/><U98/><E77/><V117/><F78/><T32/><D32/><U2/><E2/><V65/><F65/><T64/><D69/><U89/><E98/><V126/><F97/><T34/><D34/><U101/><E95/><V48/><F117/><T105/><D105/><U86/><E86/><V79/><F59/><T63/><D113/><U87/><E87/><V114/><F114/><T68/><D68/><U67/><E99/><V76/><F81/><T107/><D107/><U93/><E93/><V58/><F58/><T109/><D64/><U50/><E67/><V40/><F40/><T120/><N who="0" m="30752" /><T35/><D35/><U41/><E101/><V112/><F112/><T125/><D39/><U88/><E37/><V51/><F80/><T92/><D92/><U83/><E132/><V118/><F118/><RYUUKYOKU ba="0,0" sc="98,0,350,0,602,0,0,0" owari="98,-50,350,-5,602,55,0,0" /></mjloggm>