<mjloggm ver="2.3"><GO type="185"/><UN n0="%EF%BC%BC%28%EF%BC%BE%6F%EF%BC%BE%29%EF%BC%8F%E2%98%85" n1="%E3%80%93%E3%81%84%E3%81%A1%E3%81%AF%E3%82%89%E3%80%93" n2="%E5%8D%81%E5%85%AD%E5%A4%9C%E2%80%A0%E5%92%B2%E5%A4%9C" n3="" dan="17,18,16,0" rate="2149,2258,2136,1500" sx="M,M,F,C"/><TAIKYOKU oya="0"/><INIT seed="0,0,0,2,1,40" ten="350,350,350,0" oya="0" hai0="131,90,88,94,108,123,110,76,61,99,111,53,135" hai1="85,59,32,47,81,50,72,84,65,82,48,133,1" hai2="2,77,114,70,107,58,112,67,118,100,89,55,74" hai3="" shuffle="mt19937ar,A26B7FE8,47B1541E,3E26D9B7,CDF7AF70,F32CD1EB,63AA8BD2,21D4C972,2022AD75"/><T125/><N who="0" m="31520" /><T106/><D135/><U134/><E32/><V102/><F2/><T36/><D125/><U68/><E72/><V73/><F118/><T49/><D36/><U78/><E68/><V69/><F89/><T39/><D39/><U92/><E1/><V41/><F41/><T129/><D106/><U128/><E128/><V62/><F70/><T96/><D76/><U127/><E92/><V46/><F46/><T54/><D61/><U115/><E127/><V51/><F77/><T43/><D43/><U44/><E59/><V0/><F0/><T60/><D60/><U35/><E65/><V132/><F132/><T80/><D80/><U86/><E86/><V103/><REACH who="2" step="1"/><F107/><REACH who="2" step="2"/><T66/><D66/><U3/><E3/><V42/><F42/><T37/><D37/><U56/><E78/><V45/><F45/><T95/><D54/><U130/><E56/><AGARI ba="0,1" hai="49,53,56,88,90,94,95,96,99,108,110,111,129,131" m="31520" machi="56" ten="40,12000,1" yaku="9,1,14,1,10,1,52,1,54,1" doraHai="40" who="0" fromWho="1" sc="350,130,350,-120,340,0,0,0" /><INIT seed="0,1,0,1,3,33" ten="480,230,340,0" oya="0" hai0="124,135,39,66,35,85,57,109,1,77,98,71,36" hai1="129,132,2,61,74,105,46,58,55,59,102,89,73" hai2="133,107,116,45,65,115,119,120,63,121,50,47,123" hai3="" shuffle="mt19937ar,2D4463CF,EBAC5C18,ADD75B77,B9575644,185CDE2C,078C92CC,5B9A90F6,4918C920"/><T75/><D35/><U0/><E132/><V118/><N who="2" m="30752" /><V52/><N who="2" m="31008" /><V99/><N who="2" m="31520" /><V49/><F107/><T79/><D1/><U104/><E129/><V72/><F72/><T97/><D71/><U67/><E46/><V117/><N who="2" m="29696" /><DORA hai="68" /><V86/><F86/><T114/><D114/><U134/><E134/><V94/><F94/><T87/><D135/><U54/><E67/><V40/><F99/><T43/><D43/><U110/><E61/><V42/><F133/><T96/><D124/><U93/><E93/><V53/><REACH who="2" step="1"/><F115/><REACH who="2" step="2"/><T101/><D75/><U131/><E102/><V112/><F112/><T37/><D101/><U70/><E89/><V111/><F111/><T60/><REACH who="0" step="1"/><D109/><REACH who="0" step="2"/><U78/><E110/><V100/><F100/><T56/><D56/><AGARI ba="1,2" hai="40,42,45,47,49,50,52,53,56,63,65" m="29696,31520,31008,30752" machi="56" ten="70,24000,4" yaku="1,1,9,1,12,1,34,3,52,3,54,1,53,2" doraHai="33,68" doraHaiUra="41,106" who="2" fromWho="0" sc="470,-242,230,0,330,262,0,0" /><INIT seed="1,0,0,2,1,86" ten="228,230,592,0" oya="1" hai0="104,66,54,126,52,123,133,96,72,35,48,132,47" hai1="63,34,57,78,51,124,68,122,0,77,100,84,95" hai2="41,92,110,125,134,32,3,42,131,93,111,2,107" hai3="" shuffle="mt19937ar,ED96C4A0,BD81EE87,3AC5372A,12E5C7B3,D10C2F8B,A5EB51B2,8D7A6074,38B4BD07"/><U36/><N who="1" m="31264" /><U91/><E34/><V103/><F107/><T121/><N who="0" m="31008" /><T130/><N who="0" m="31520" /><T49/><D35/><U120/><N who="1" m="30752" /><U39/><E0/><V88/><F32/><T64/><D72/><U81/><E124/><V116/><F116/><T75/><D75/><U115/><E115/><V129/><F103/><T89/><D126/><U128/><E128/><V43/><F125/><T102/><D130/><U61/><E78/><V55/><F134/><N who="0" m="51818" /><D89/><U108/><E108/><N who="2" m="41515" /><F92/><T105/><D105/><U74/><E51/><V73/><F73/><T113/><D113/><U37/><E68/><V33/><F33/><T58/><AGARI ba="0,0" hai="47,48,49,52,54,58,64,66,96,102,104" m="51818,31520,31008" machi="58" ten="30,5900,0" yaku="20,1,52,2,54,1" doraHai="86" who="0" fromWho="0" sc="228,59,230,-39,592,-20,0,0" /><INIT seed="2,0,0,5,4,69" ten="287,191,572,0" oya="2" hai0="48,62,107,98,36,131,75,94,70,54,3,84,115" hai1="118,68,120,51,34,79,111,43,133,71,92,49,135" hai2="85,72,87,73,0,108,83,2,124,39,50,128,123" hai3="" shuffle="mt19937ar,C551E167,FE599547,F7182908,C018BFBF,D80E0A77,2FE2706E,A115B028,C604F428"/><V89/><N who="2" m="31520" /><V32/><F32/><T119/><D3/><U76/><N who="1" m="30752" /><U96/><E34/><V130/><F124/><T93/><D75/><U97/><E92/><V105/><F105/><T91/><D119/><U102/><E43/><V1/><F108/><T95/><D115/><U125/><E125/><V90/><F50/><T112/><D112/><U67/><E67/><V106/><F106/><T74/><D74/><U44/><E44/><V126/><F126/><T45/><D36/><U35/><E35/><V129/><REACH who="2" step="1"/><F39/><REACH who="2" step="2"/><T37/><D37/><U59/><E111/><V56/><F56/><T46/><D48/><U103/><E59/><V82/><AGARI ba="0,1" hai="0,1,2,72,73,82,83,85,87,89,90,128,129,130" m="31520" machi="82" ten="40,8000,1" yaku="1,1,0,1,9,1,19,1,52,1,53,0" doraHai="69" doraHaiUra="47" who="2" fromWho="2" sc="287,-40,191,-40,562,90,0,0" /><INIT seed="2,1,0,3,3,111" ten="247,151,652,0" oya="2" hai0="106,83,134,117,119,53,132,80,64,114,67,40,88" hai1="73,84,100,92,133,47,63,90,123,66,120,43,65" hai2="108,77,112,126,128,59,95,105,115,55,39,46,48" hai3="" shuffle="mt19937ar,12145647,CE7A91E1,69C414A1,5CCDE39E,ADBF2A84,7CB4FC39,61069C52,5D611678"/><V124/><F105/><T61/><D106/><U75/><N who="1" m="30752" /><U58/><N who="1" m="31520" /><U56/><E133/><N who="0" m="51305" /><D40/><U113/><E113/><N who="2" m="43595" /><F77/><T50/><D114/><U42/><E100/><V125/><F95/><T62/><D88/><U127/><E127/><V116/><F116/><N who="0" m="44618" /><D83/><U45/><E45/><V44/><F108/><T38/><D38/><U85/><E43/><V32/><F32/><T34/><D80/><U135/><E135/><V49/><F39/><T102/><D102/><U2/><E2/><V94/><F94/><T69/><D34/><U1/><E1/><V68/><F68/><T33/><D33/><U52/><E85/><V78/><F78/><T37/><D37/><U41/><E75/><V103/><F103/><T54/><D50/><N who="2" m="19562" /><F128/><T76/><D76/><U82/><E73/><V101/><F101/><T70/><AGARI ba="1,0" hai="53,54,61,62,64,67,69,70" m="44618,51305" machi="70" ten="30,3000,0" yaku="20,1,34,2" doraHai="111" who="0" fromWho="0" sc="247,32,151,-11,652,-21,0,0" /><INIT seed="4,0,0,2,4,51" ten="279,140,631,0" oya="0" hai0="35,87,62,50,120,125,131,77,126,114,2,63,86" hai1="1,134,89,100,122,69,115,39,84,123,46,70,117" hai2="55,109,76,92,99,48,105,37,36,83,94,80,132" hai3="" shuffle="mt19937ar,3D9EAD6B,EF94B022,06788479,4C8159B9,FFF4FB6C,1C38863F,EAC7DE92,C89104A1"/><T40/><N who="0" m="30752" /><T88/><D35/><U72/><N who="1" m="31264" /><U79/><N who="1" m="31520" /><U68/><E1/><V78/><F109/><T3/><D131/><U85/><E117/><V91/><F105/><T47/><D114/><U49/><E39/><V45/><F132/><T73/><D73/><U61/><E134/><V33/><F33/><T66/><D77/><U112/><E100/><V0/><F0/><T38/><D87/><U71/><E72/><V113/><F113/><N who="1" m="43593" /><E79/><V90/><F78/><T129/><D129/><U128/><E128/><V127/><F127/><N who="0" m="48650" /><D38/><U54/><E89/><V44/><F36/><T130/><D63/><U32/><E32/><V82/><F76/><T104/><D104/><U124/><E124/><V121/><N who="2" m="31008" /><V102/><F37/><T75/><D75/><U106/><E106/><V43/><F94/><T101/><D101/><U93/><E93/><V110/><F102/><T58/><D130/><U64/><AGARI ba="0,0" hai="46,49,54,61,64,68,69,70,71,84,85" m="43593,31520,31264" machi="64" ten="40,6000,1" yaku="15,1,11,1,52,3" doraHai="51" who="1" fromWho="1" sc="279,-40,140,60,631,-20,0,0" /><INIT seed="5,0,0,2,1,126" ten="239,200,611,0" oya="1" hai0="95,110,32,3,99,101,112,132,50,135,62,1,104" hai1="98,93,38,57,103,116,76,108,51,72,131,58,78" hai2="118,87,37,89,33,86,53,63,74,100,69,0,43" hai3="" shuffle="mt19937ar,A7B3B0D4,A2B0596A,919F9F02,DCA662F8,737B9751,3E120F07,707A1077,562746BC"/><U125/><E38/><V88/><F0/><T65/><D32/><U106/><E125/><V133/><F33/><T71/><D110/><U66/><E108/><V83/><F74/><T91/><D112/><U121/><N who="1" m="31008" /><U2/><E2/><V54/><F118/><T113/><D113/><U114/><E116/><V130/><F133/><N who="0" m="51274" /><D50/><U127/><E114/><V55/><F100/><T123/><N who="0" m="31520" /><T122/><N who="0" m="31264" /><T80/><D80/><U75/><E127/><V90/><F69/><T119/><D119/><U102/><E106/><V70/><F70/><T64/><D65/><U47/><E103/><V48/><F63/><T41/><D41/><U45/><E75/><V77/><F37/><T44/><D44/><N who="1" m="16971" /><E72/><V81/><F43/><T84/><AGARI ba="0,0" hai="1,3,62,64,71,84,91,95,99,101,104" m="31264,31520,51274" machi="84" ten="30,3000,0" yaku="20,1,52,2" doraHai="126" who="0" fromWho="0" sc="239,30,200,-20,611,-10,0,0" /><INIT seed="6,0,0,0,1,132" ten="269,180,601,0" oya="2" hai0="75,124,48,84,50,87,102,63,79,106,81,110,104" hai1="1,44,101,130,3,135,47,82,99,128,66,118,91" hai2="65,103,108,72,92,54,40,42,90,126,86,41,56" hai3="" shuffle="mt19937ar,C5F991ED,1F7790BB,4EE47BD8,2EB5D18B,39D08D9D,E561AD28,D93D0BD8,C9D15300"/><V129/><F72/><T125/><D110/><U88/><E66/><V39/><F108/><T133/><D133/><U0/><E135/><V71/><F39/><T121/><N who="0" m="31008" /><T122/><N who="0" m="31264" /><T93/><D63/><U51/><E118/><V68/><F129/><T64/><D64/><U57/><E57/><V127/><F103/><T52/><D50/><U74/><E74/><V107/><F107/><T120/><N who="0" m="30752" /><T35/><D35/><U134/><E134/><V115/><F115/><T61/><D61/><U73/><E73/><V105/><F105/><T131/><D131/><U123/><N who="1" m="31520" /><U32/><E32/><V36/><F36/><T109/><D109/><U98/><E3/><V62/><F65/><T114/><D114/><U33/><E33/><V112/><F112/><T83/><D75/><U67/><E67/><V37/><F37/><T58/><D93/><U119/><E101/><V94/><F94/><T116/><D116/><U97/><E119/><V100/><F71/><T111/><D111/><U69/><E99/><V70/><F68/><T85/><D85/><U2/><E2/><V77/><F70/><T46/><D58/><U34/><E69/><V80/><F62/><T43/><D102/><U55/><E0/><RYUUKYOKU ba="0,0" sc="269,0,180,0,601,0,0,0" owari="269,-13,180,-42,601,55,0,0" /></mjloggm>