<mjloggm ver="2.3"><GO type="185"/><UN n0="%E7%A5%9E%E9%80%9F%E2%98%85%2E%63%6F%6D" n1="%E3%80%93%E3%81%84%E3%81%A1%E3%81%AF%E3%82%89%E3%80%93" n2="%EF%BC%BC%28%EF%BC%BE%6F%EF%BC%BE%29%EF%BC%8F%E2%98%85" n3="" dan="17,18,17,0" rate="2183,2237,2223,1500" sx="M,M,M,C"/><TAIKYOKU oya="0"/><INIT seed="0,0,0,0,5,120" ten="350,350,350,0" oya="0" hai0="91,111,128,33,54,101,58,76,92,41,95,57,107" hai1="109,104,88,47,100,116,98,106,63,37,114,38,127" hai2="81,44,45,66,96,102,118,132,108,122,78,121,134" hai3="" shuffle="mt19937ar,E8EF75AC,99108732,CD908704,C4E3272E,4E595C5A,CED080E2,2CC381AA,EE2E9F89"/><T36/><D33/><U110/><E116/><V133/><N who="2" m="31008" /><V130/><N who="2" m="31264" /><V59/><F118/><T103/><D128/><U71/><E114/><V32/><F32/><T84/><D107/><U129/><E129/><V77/><F130/><T87/><D58/><U69/><E127/><V126/><F126/><T62/><D111/><N who="1" m="42507" /><E106/><V34/><F34/><T115/><D115/><U64/><E71/><V99/><F108/><T0/><D0/><U119/><E119/><V56/><F66/><T85/><D36/><U46/><E88/><V39/><F39/><AGARI ba="0,0" hai="37,38,39,46,47,63,64,69,98,100,104" m="42507" machi="39" ten="30,7700,0" yaku="14,1,52,3" doraHai="120" who="1" fromWho="2" sc="350,0,350,77,350,-77,0,0" /><INIT seed="1,0,0,3,3,121" ten="350,427,273,0" oya="1" hai0="125,66,2,44,99,81,130,115,62,36,83,52,107" hai1="75,41,109,84,76,38,64,93,101,103,40,54,129" hai2="87,63,91,96,57,106,94,37,68,33,74,85,112" hai3="" shuffle="mt19937ar,C25DE701,DA22B49D,A5F795CB,78363824,C91A6865,9834AFE5,78E1DEC3,5D10EF7B"/><U50/><E129/><V86/><F33/><T48/><D2/><U43/><E38/><V77/><F37/><T53/><D115/><U88/><E109/><V51/><F68/><T122/><N who="0" m="31264" /><T32/><D32/><U69/><E69/><V78/><F112/><T58/><D130/><U135/><E135/><V124/><F124/><T56/><D125/><U80/><REACH who="1" step="1"/><E64/><REACH who="1" step="2"/><V49/><F106/><T3/><D36/><U126/><E126/><V82/><REACH who="2" step="1"/><F78/><REACH who="2" step="2"/><T128/><D128/><U60/><E60/><V105/><F105/><T92/><D107/><U59/><AGARI ba="0,2" hai="40,41,43,50,54,59,75,76,80,84,88,93,101,103" machi="59" ten="30,4000,0" yaku="1,1,0,1,54,1,53,0" doraHai="121" doraHaiUra="95" who="1" fromWho="1" sc="350,-20,417,60,263,-20,0,0" /><INIT seed="1,1,0,2,4,36" ten="330,477,243,0" oya="1" hai0="94,51,2,35,86,117,124,108,91,93,110,97,101" hai1="33,96,38,115,53,57,59,0,106,48,72,122,71" hai2="43,131,54,70,84,49,87,82,67,113,66,75,32" hai3="" shuffle="mt19937ar,FFD3962A,645CAFDD,5703CC5F,C989F9A9,53254D54,CF0570E7,4A0BBB4B,7A648452"/><U3/><N who="1" m="31264" /><U76/><E33/><V119/><F32/><T64/><D35/><U60/><E115/><V102/><F119/><T37/><D2/><U98/><E71/><V126/><F113/><T45/><D37/><U104/><E38/><V134/><F75/><T111/><D117/><U50/><E76/><V44/><F134/><T127/><D64/><U77/><E77/><V85/><F131/><T74/><D74/><U55/><E72/><V132/><F132/><T63/><D63/><AGARI ba="1,0" hai="0,3,48,50,53,55,57,59,60,63,96,98,104,106" m="31264" machi="63" ten="25,4800,0" yaku="22,2,52,1" doraHai="36" who="1" fromWho="0" sc="330,-50,477,50,243,0,0,0" /><INIT seed="1,2,0,5,5,97" ten="280,527,243,0" oya="1" hai0="121,86,102,123,85,112,43,88,132,122,129,72,56" hai1="33,64,103,63,100,79,115,134,127,105,87,92,114" hai2="67,37,91,54,48,104,133,70,109,50,71,89,95" hai3="" shuffle="mt19937ar,0C245B02,3D3C3D7E,1F4230FC,336FA419,28A6C1AA,02078C9F,FC35C948,7698F8DD"/><U61/><E33/><V128/><F37/><T120/><N who="0" m="30752" /><T118/><N who="0" m="31008" /><T113/><N who="0" m="31264" /><T65/><N who="0" m="31520" /><T52/><D72/><U41/><E134/><V94/><F104/><T47/><D132/><U130/><E130/><V96/><F133/><T81/><D129/><U78/><E41/><V55/><F128/><T66/><D118/><U59/><E105/><V107/><F107/><T108/><D108/><U32/><E32/><V90/><F109/><T110/><D110/><U38/><E38/><V74/><F74/><T106/><D112/><U68/><E59/><V131/><F131/><T58/><D113/><U51/><E51/><V76/><F76/><T57/><D52/><U116/><E87/><V119/><F119/><T124/><D124/><U125/><E92/><V34/><F34/><T60/><D60/><U101/><E116/><V35/><F35/><T117/><D117/><U73/><E63/><V1/><F1/><T135/><D135/><U0/><E0/><V93/><F96/><T2/><D2/><U46/><E73/><V111/><F111/><T40/><D106/><U69/><E115/><V39/><F39/><T98/><D98/><U45/><E114/><V3/><F3/><T82/><D85/><RYUUKYOKU ba="2,0" sc="280,0,527,0,243,0,0,0" /><INIT seed="2,3,0,5,3,51" ten="280,527,243,0" oya="2" hai0="62,71,58,100,120,87,111,117,89,80,52,32,35" hai1="109,3,64,48,37,57,72,46,75,106,1,119,96" hai2="133,131,63,70,107,78,104,95,130,68,42,127,118" hai3="" shuffle="mt19937ar,02909695,298F7A5D,04847282,44324D8F,9A69692D,F8092C7F,28FF2918,DD8F7F1B"/><V44/><F118/><T60/><N who="0" m="30752" /><T114/><D117/><U81/><E119/><V88/><F78/><T124/><D114/><U97/><E109/><V66/><F70/><T134/><D111/><U74/><E37/><V129/><F133/><T103/><D124/><U135/><E135/><V49/><REACH who="2" step="1"/><F127/><REACH who="2" step="2"/><T41/><D134/><U116/><E116/><V113/><F113/><T34/><REACH who="0" step="1"/><D41/><REACH who="0" step="2"/><U121/><N who="1" m="31008" /><U90/><E1/><V132/><F132/><T115/><D115/><U102/><E3/><V84/><AGARI ba="3,2" hai="42,44,49,63,66,68,84,88,95,104,107,129,130,131" machi="84" ten="30,8000,1" yaku="1,1,0,1,19,1,54,1,53,1" doraHai="51" doraHaiUra="45" who="2" fromWho="2" sc="270,-43,527,-43,233,106,0,0" /><INIT seed="2,4,0,2,4,68" ten="227,484,339,0" oya="2" hai0="130,78,46,2,107,54,64,119,63,110,58,92,37" hai1="40,121,34,50,65,47,113,51,60,82,97,134,3" hai2="85,43,66,116,59,69,100,115,83,75,105,55,76" hai3="" shuffle="mt19937ar,1D57E16E,15A2993B,60BD776F,43F6F1EB,DB4E2F36,8DA9C828,04C0C91A,87E738CD"/><V61/><F115/><T87/><D107/><U49/><N who="1" m="31008" /><U93/><E34/><V45/><F116/><T108/><D2/><U99/><E3/><V57/><F105/><T104/><D104/><U131/><E113/><V67/><F100/><T56/><D119/><U125/><E125/><V118/><F118/><T44/><D130/><U73/><E134/><V112/><F112/><T101/><D78/><U109/><E131/><V77/><F69/><T70/><D58/><U96/><E109/><V88/><F59/><T123/><N who="0" m="31520" /><T102/><D46/><U135/><E135/><V89/><F77/><T48/><D87/><U127/><E127/><V74/><F89/><T94/><D102/><U95/><E82/><V129/><F129/><T36/><D36/><U38/><REACH who="1" step="1"/><E73/><REACH who="1" step="2"/><V84/><F75/><T124/><D124/><U106/><E106/><V53/><F74/><T52/><D94/><U114/><E114/><V111/><F111/><T128/><D128/><U42/><E42/><V41/><F41/><T79/><D92/><U103/><E103/><V120/><N who="2" m="30752" /><V132/><F132/><T71/><D101/><U86/><E86/><V117/><F117/><T90/><D108/><U80/><E80/><V32/><F85/><RYUUKYOKU ba="4,1" sc="227,-10,474,20,339,-10,0,0" hai1="38,40,47,49,50,51,60,65,93,95,96,97,99" /><INIT seed="4,5,1,4,1,104" ten="217,494,329,0" oya="0" hai0="32,67,98,83,86,64,126,133,65,57,87,119,79" hai1="131,84,73,118,111,108,106,45,94,100,91,1,95" hai2="102,3,76,50,72,129,41,99,93,121,37,59,39" hai3="" shuffle="mt19937ar,41589642,4D9333BD,F2D789CB,07591F19,1A98D5D5,0D74C897,29E6CEF4,6F06640A"/><T110/><D32/><U0/><E0/><V62/><N who="2" m="31008" /><V134/><F3/><T38/><D119/><U107/><E45/><V68/><F68/><T70/><D38/><U115/><E1/><V49/><F129/><T61/><D110/><U135/><E131/><V85/><F134/><T33/><D33/><U109/><E135/><V40/><F39/><T81/><D133/><U58/><E58/><V51/><F72/><T105/><D126/><U48/><E48/><V52/><F37/><T44/><D70/><U112/><E73/><V125/><F125/><T82/><D44/><U123/><N who="1" m="31520" /><U46/><E46/><V71/><F71/><T89/><REACH who="0" step="1"/><D83/><AGARI ba="5,1" hai="40,41,49,50,51,52,59,62,76,83,85,93,99,102" m="31008" machi="83" ten="40,5200,0" yaku="8,1,52,1,54,1" doraHai="104" who="2" fromWho="0" sc="217,-62,494,0,329,72,0,0" /><INIT seed="5,0,0,1,3,42" ten="155,494,401,0" oya="1" hai0="92,32,33,76,39,70,103,105,116,96,59,55,48" hai1="122,84,85,126,66,72,100,133,46,50,134,3,0" hai2="114,102,128,129,109,131,65,37,86,101,130,99,124" hai3="" shuffle="mt19937ar,D0A732B4,C3CA23B8,9517A1DA,55A9EC72,7D734BA0,27D54578,2F990177,78BA54BD"/><U2/><N who="1" m="31264" /><U127/><E72/><V79/><F129/><T121/><N who="0" m="31008" /><T62/><D116/><U47/><E66/><V58/><F109/><T80/><D39/><U53/><E100/><V89/><F37/><T54/><D105/><U41/><E85/><V104/><F65/><T1/><D1/><U75/><E84/><V113/><F58/><T87/><REACH who="0" step="1"/><D70/><REACH who="0" step="2"/><U106/><E106/><V82/><F124/><N who="1" m="47657" /><E75/><V43/><F43/><T78/><D78/><U97/><E97/><V63/><F79/><T125/><D125/><U120/><N who="1" m="30752" /><U119/><E119/><V132/><F128/><T61/><D61/><U52/><E53/><V88/><F63/><T90/><D90/><U67/><E67/><V34/><F104/><T123/><N who="0" m="31520" /><T44/><AGARI ba="0,1" hai="32,33,44,48,54,55,59,62,76,80,87,92,96,103" m="31520,31008" machi="44" ten="20,12000,3" yaku="1,1,4,1,0,1,7,1,52,3,53,1" doraHai="42" doraHaiUra="56" who="0" fromWho="0" sc="145,130,494,-80,401,-40,0,0" /><INIT seed="6,0,0,2,5,62" ten="275,414,361,0" oya="2" hai0="91,114,71,79,35,97,104,40,100,61,132,76,113" hai1="135,102,108,45,67,86,53,60,92,43,78,127,83" hai2="87,131,44,49,54,52,126,48,103,47,125,77,124" hai3="" shuffle="mt19937ar,A0F5B424,BE53F3DA,D880D523,1A37BE83,260DBD5A,FBB78528,1CCAFED5,9E90507C"/><V120/><N who="2" m="30752" /><V110/><F131/><T81/><D35/><U65/><E108/><V33/><F33/><T59/><D71/><U72/><E135/><V64/><F110/><T133/><D40/><U117/><E117/><V80/><F64/><T98/><D61/><U2/><E2/><V57/><F103/><T42/><D42/><U107/><E127/><V55/><F57/><T89/><D59/><U58/><E107/><V122/><N who="2" m="31264" /><V34/><F34/><T130/><D130/><U38/><E102/><V69/><F69/><T101/><D81/><U3/><E3/><V106/><F106/><AGARI ba="0,0" hai="76,79,89,91,97,98,100,101,104,106,113,114,132,133" machi="106" ten="25,8000,1" yaku="22,2,34,3" doraHai="62" who="0" fromWho="2" sc="275,80,414,0,361,-80,0,0" owari="355,-4,414,36,281,-32,0,0" /></mjloggm>