<mjloggm ver="2.3"><GO type="169"/><UN n0="%E4%B8%80%E6%96%B9%E9%80%9A%E8%A1%8C" n1="%E3%82%A2%E3%83%B3%E3%82%B3%E3%83%AD%E3%82%AD%E3%83%B3%E3%82%B0" n2="%E3%81%93%E3%81%AE%E3%81%8D%E3%83%BC" n3="%E6%A1%9C%E4%BA%95%E3%82%A2%E3%82%BD%E3%82%B3" dan="16,17,17,16" rate="2059,2147,2050,2021" sx="M,M,M,M"/><TAIKYOKU oya="0"/><INIT seed="0,0,0,2,1,12" ten="250,250,250,250" oya="0" hai0="110,106,32,39,27,70,96,25,44,122,2,10,95" hai1="64,50,14,18,78,19,28,62,100,17,125,67,135" hai2="37,91,65,72,54,75,69,114,59,33,66,24,87" hai3="105,9,1,35,80,123,68,85,55,74,126,79,36" shuffle="mt19937ar,A9AD4940,2256CCA0,D0E1FC0E,320164E7,50ECD75C,FECE7DAA,291B260C,29EFBC1A"/><T4/><D70/><U93/><E135/><V52/><F37/><W121/><G85/><T81/><D122/><N who="3" m="46601" /><G55/><T58/><D106/><U94/><E125/><V53/><F69/><W88/><G68/><T41/><D32/><U15/><E78/><V48/><F114/><W16/><G105/><T133/><D133/><U116/><E116/><V7/><F75/><W45/><G126/><T23/><D110/><U43/><E28/><V49/><F72/><W26/><G35/><T103/><D23/><U21/><E62/><V124/><F124/><W89/><G1/><T130/><D130/><U101/><E21/><V76/><F76/><W82/><G82/><T128/><D128/><U99/><E50/><N who="2" m="19563" /><F33/><W6/><G6/><T119/><D119/><U11/><E43/><V20/><F7/><W0/><G0/><T97/><D81/><U104/><E104/><V98/><F98/><W115/><G115/><T86/><D86/><U92/><E15/><V73/><F59/><W113/><G113/><T42/><D42/><U120/><E120/><V83/><F73/><W63/><G63/><T84/><D84/><U77/><E77/><V111/><F111/><W47/><G47/><T3/><D3/><U108/><E108/><V107/><F107/><W90/><G45/><T31/><D58/><U56/><E56/><V134/><F134/><W22/><G36/><T102/><D31/><AGARI ba="0,0" hai="20,24,31,52,53,54,65,66,83,87,91" m="19563" machi="31" ten="30,2000,0" yaku="8,1,54,1" doraHai="12" who="2" fromWho="0" sc="250,-20,250,0,250,20,250,0" /><INIT seed="1,0,0,0,4,55" ten="230,250,270,250" oya="1" hai0="18,20,135,104,61,0,71,87,93,76,52,102,116" hai1="115,22,42,131,69,51,11,92,96,103,40,84,28" hai2="90,26,83,23,109,2,15,95,32,6,36,62,59" hai3="117,73,24,48,110,54,82,121,89,129,101,97,86" shuffle="mt19937ar,5985A620,D09E7C4F,C5843920,43314133,4A223217,85860E1F,C5479924,9723AC64"/><U41/><E69/><V64/><F109/><W85/><G110/><T13/><D104/><U70/><E70/><V124/><F124/><W30/><G121/><T25/><D0/><U58/><E115/><V38/><F2/><W63/><G129/><T37/><D37/><U56/><E131/><V100/><F100/><W49/><G117/><T94/><D116/><U122/><E122/><V4/><F83/><W1/><G1/><T31/><D135/><U119/><E119/><V107/><F107/><W47/><G85/><T134/><D71/><U120/><E120/><V7/><F32/><W113/><G113/><T8/><D134/><U111/><E111/><V91/><F91/><W43/><G73/><T45/><D102/><U35/><E35/><V75/><F75/><W65/><G65/><T118/><D118/><U50/><E11/><N who="2" m="4583" /><F38/><W9/><G9/><T88/><D76/><U130/><E130/><V5/><F36/><W33/><G63/><T133/><D133/><U60/><E84/><N who="2" m="52679" /><F5/><W68/><G68/><T14/><D14/><U81/><E81/><V114/><F114/><W12/><G12/><T3/><D3/><U34/><E34/><V27/><F27/><W99/><REACH who="3" step="1"/><G101/><REACH who="3" step="2"/><T77/><D61/><U17/><E60/><V19/><AGARI ba="0,1" hai="6,7,19,23,26,59,62,64" m="52679,4583" machi="19" ten="30,2000,0" yaku="8,1,52,1" doraHai="55" who="2" fromWho="2" sc="230,-5,250,-10,270,30,240,-5" /><INIT seed="2,0,0,3,1,31" ten="225,240,300,235" oya="2" hai0="66,27,78,130,88,44,40,134,59,122,125,70,117" hai1="74,104,71,3,73,81,91,86,35,77,36,19,113" hai2="89,100,75,101,119,22,84,90,99,2,111,102,52" hai3="60,29,11,25,96,135,98,72,39,9,129,51,103" shuffle="mt19937ar,5DEC07A0,3B8DF3FE,1D6875E2,40A96F42,C0E56828,79784627,C9F52AE9,9EBCA2D6"/><V76/><F2/><W121/><G39/><N who="0" m="21535" /><D78/><U92/><E36/><V48/><F119/><W133/><G121/><T110/><D27/><U56/><E71/><V63/><F75/><W115/><G72/><T131/><D88/><N who="2" m="33898" /><F111/><W83/><G83/><T41/><D122/><U50/><E113/><V106/><F106/><W93/><G115/><T53/><D117/><U21/><E3/><V87/><F63/><W23/><G98/><T6/><D6/><U43/><E104/><V107/><F107/><W33/><G23/><T4/><D4/><U68/><E68/><V67/><F67/><W109/><G109/><T12/><D110/><U20/><E20/><V108/><F108/><W85/><G85/><N who="2" m="32841" /><F76/><W61/><G61/><T118/><D118/><U120/><E120/><V14/><F99/><W54/><G60/><T123/><D66/><U8/><E8/><V13/><F22/><W55/><G55/><T128/><D70/><U112/><E112/><V116/><F116/><W16/><G129/><T94/><D123/><U57/><E74/><V24/><F24/><W7/><G7/><T114/><D114/><U28/><E28/><V26/><F26/><W82/><G82/><T80/><D80/><U62/><E62/><V10/><F10/><W58/><REACH who="3" step="1"/><G11/><REACH who="3" step="2"/><T126/><D130/><U34/><E43/><V124/><F124/><W105/><G105/><T47/><D131/><U65/><E65/><V64/><F64/><W49/><G49/><T18/><D128/><U0/><E50/><V1/><F1/><W95/><G95/><T37/><D94/><U5/><E0/><RYUUKYOKU ba="0,1" sc="225,-15,240,-15,300,15,225,15" hai2="13,14,48,52,100,101,102" hai3="9,16,25,29,33,51,54,58,93,96,103,133,135" /><INIT seed="2,1,1,4,2,52" ten="210,225,315,240" oya="2" hai0="110,43,125,65,50,28,93,9,11,17,75,72,61" hai1="2,89,80,29,114,51,117,20,109,32,40,13,8" hai2="128,30,92,88,83,76,12,7,82,116,79,105,1" hai3="38,58,121,56,113,100,18,69,66,59,68,47,4" shuffle="mt19937ar,ED917DBD,A90DCDE8,253D06CB,FFC39526,337E3E8C,85BAC6AD,DFDC92FA,CF55ACB1"/><V98/><F116/><W3/><G121/><T87/><D110/><U78/><E109/><V134/><F1/><W104/><G113/><T19/><D125/><U54/><E117/><V130/><F105/><W123/><G123/><T25/><D75/><U97/><E40/><V90/><F134/><W26/><G47/><N who="0" m="25983" /><D72/><U15/><E32/><V23/><F90/><W42/><G42/><T71/><D71/><U118/><E118/><V55/><F55/><W39/><G68/><T120/><D25/><U85/><E114/><V46/><F46/><W36/><G69/><T106/><D28/><U129/><E2/><V33/><F33/><W14/><G3/><T67/><D106/><U16/><E129/><V49/><F49/><W21/><G104/><T37/><D37/><U84/><E97/><V108/><F108/><W60/><REACH who="3" step="1"/><G100/><REACH who="3" step="2"/><T31/><D120/><U112/><E112/><V94/><F130/><W131/><G131/><T35/><D9/><AGARI ba="1,2" hai="4,9,14,18,21,26,36,38,39,56,58,59,60,66" machi="9" ten="40,12000,2" yaku="1,1,52,3,53,3" doraHai="52" doraHaiUra="70" who="3" fromWho="0" sc="210,-123,225,0,315,0,230,143" /><INIT seed="3,0,0,4,3,12" ten="87,225,315,373" oya="3" hai0="101,9,68,34,135,109,76,60,6,91,18,22,42" hai1="99,61,58,41,39,105,64,63,25,38,97,114,24" hai2="107,129,7,102,47,75,29,30,89,126,95,130,93" hai3="14,125,108,115,74,46,56,118,80,131,71,37,49" shuffle="mt19937ar,5F3DF8B4,13645AC8,9CD7B681,E0BFB0A8,AE70F0FB,4689ED05,CB4EAE29,5594D775"/><W48/><G115/><T87/><D109/><U73/><E73/><V66/><F75/><W92/><G118/><T111/><D111/><U104/><E41/><V13/><F126/><W127/><G108/><T52/><D135/><U35/><E58/><V40/><F66/><W94/><G71/><T59/><D68/><U44/><E44/><V26/><F107/><W81/><G74/><T132/><D132/><U23/><E23/><V11/><F102/><W69/><G69/><T28/><D101/><U2/><E64/><V55/><F55/><W0/><G14/><N who="0" m="5431" /><D34/><U84/><E84/><V10/><F10/><W103/><G103/><T8/><D42/><U70/><E70/><V79/><F79/><W124/><G37/><T3/><D3/><U67/><E67/><V122/><F122/><W119/><G0/><T123/><D123/><U121/><E2/><V20/><F30/><W116/><G131/><N who="2" m="50185" /><F89/><W57/><G125/><T50/><D8/><U65/><E65/><V113/><F113/><W112/><G112/><T45/><D28/><U72/><E72/><V33/><F33/><W16/><REACH who="3" step="1"/><G46/><REACH who="3" step="2"/><T32/><D45/><U27/><E114/><V54/><F40/><W128/><G128/><T19/><D59/><U31/><E121/><V51/><AGARI ba="0,1" hai="7,11,13,20,26,29,47,51,54,93,95" m="50185" machi="51" ten="30,1100,0" yaku="19,1" doraHai="12" who="2" fromWho="2" sc="87,-3,225,-3,315,21,363,-5" /><INIT seed="4,0,0,4,5,126" ten="84,222,336,358" oya="0" hai0="62,56,73,63,100,37,3,26,54,51,70,34,120" hai1="13,119,106,118,42,18,35,29,89,128,122,112,113" hai2="99,17,57,123,16,103,40,95,110,86,104,84,11" hai3="43,53,4,87,125,21,48,79,69,47,80,74,92" shuffle="mt19937ar,5BB99551,58CD7DD7,9F0C1E64,DD4A3DA4,BECC1ADB,7DF930AE,7C1F01D1,861ADC21"/><T133/><D73/><U61/><E106/><V50/><F123/><W98/><G125/><T111/><D3/><U59/><E42/><V10/><F110/><W72/><G69/><T102/><D120/><U66/><E122/><V1/><F104/><W0/><G0/><T117/><D117/><U2/><E2/><V82/><F1/><W52/><G4/><T7/><D7/><U12/><E12/><V28/><F28/><W97/><G97/><T23/><D34/><U39/><E39/><V27/><F86/><W101/><G72/><T88/><D37/><U31/><E89/><N who="2" m="51351" /><F27/><W41/><G74/><T24/><D111/><U32/><E31/><V20/><F20/><W38/><G38/><T108/><D108/><U64/><E64/><V25/><F25/><N who="0" m="9834" /><D70/><U96/><E96/><V65/><F65/><W83/><G83/><T30/><D133/><U45/><E45/><N who="2" m="25895" /><F57/><W131/><G131/><T67/><D30/><U127/><E128/><V5/><F5/><W132/><G132/><T55/><D23/><N who="1" m="11727" /><E127/><V44/><F44/><W90/><G21/><T71/><D88/><U36/><E36/><V9/><AGARI ba="0,0" hai="9,10,11,16,17,95,99,103" m="25895,51351" machi="9" ten="30,2000,0" yaku="8,1,54,1" doraHai="126" who="2" fromWho="2" sc="84,-10,222,-5,336,20,358,-5" /><INIT seed="5,0,0,2,3,131" ten="74,217,356,353" oya="1" hai0="10,65,99,67,24,75,61,126,97,8,85,36,62" hai1="95,133,50,81,14,9,93,46,129,26,58,7,11" hai2="108,109,44,53,31,18,94,122,43,91,45,54,127" hai3="92,76,102,83,37,135,17,121,35,72,69,70,47" shuffle="mt19937ar,EBD336C5,780E606E,D49B1313,5A77E78D,A1610FFE,AA09DC28,4F00AA46,BAEA4A51"/><U23/><E129/><V73/><F73/><W20/><G121/><T66/><D75/><U119/><E119/><V82/><F122/><W59/><G35/><T114/><D36/><U124/><E124/><V6/><F82/><W74/><G74/><T0/><D0/><U30/><E133/><V52/><F127/><W78/><G78/><T33/><D126/><U105/><E105/><V48/><F6/><W19/><G135/><T25/><D85/><U90/><E58/><V68/><F31/><W86/><G19/><T32/><REACH who="0" step="1"/><D66/><REACH who="0" step="2"/><U40/><E11/><V96/><F109/><W117/><G86/><AGARI ba="0,1" hai="7,9,14,23,26,30,40,46,50,81,86,90,93,95" machi="86" ten="40,2000,0" yaku="8,1" doraHai="131" who="1" fromWho="3" sc="64,0,217,30,356,0,353,-20" /><INIT seed="5,1,0,4,4,49" ten="64,247,356,333" oya="1" hai0="84,115,85,113,18,39,94,37,71,93,54,13,114" hai1="50,35,43,74,118,23,66,36,111,96,30,68,3" hai2="100,27,34,6,38,130,70,4,53,64,98,123,69" hai3="127,90,132,102,110,2,80,5,14,48,95,22,67" shuffle="mt19937ar,FEF59652,62E839F0,0276E57E,600A4A02,F8E95563,DB7EC8A2,C7DC87C3,77775F69"/><U61/><E118/><V104/><F123/><W47/><G110/><T88/><D71/><U89/><E74/><V119/><F38/><W9/><G127/><T103/><D103/><U41/><E3/><V28/><F70/><W58/><G132/><T125/><D125/><U131/><E111/><V0/><F119/><W25/><G102/><T51/><D93/><U10/><E35/><V56/><F130/><W72/><G2/><T52/><D85/><U83/><E10/><V109/><F0/><W129/><G129/><T81/><D54/><U92/><E36/><V21/><F21/><W31/><G80/><T82/><D82/><U32/><E32/><V20/><F20/><W33/><G33/><T117/><D117/><U62/><E131/><V63/><F109/><W135/><G135/><T116/><D116/><U75/><E61/><AGARI ba="1,0" hai="4,6,27,28,34,53,56,61,63,64,69,98,100,104" machi="61" ten="30,7700,0" yaku="7,1,25,2,52,1" doraHai="49" who="2" fromWho="1" sc="64,0,247,-80,356,80,333,0" /><INIT seed="6,0,0,2,3,38" ten="64,167,436,333" oya="2" hai0="28,125,42,76,134,101,96,89,132,45,94,61,25" hai1="78,59,41,112,90,40,109,113,98,15,100,4,33" hai2="129,97,71,128,65,55,91,67,7,74,60,27,85" hai3="2,10,120,31,48,22,106,86,19,35,47,133,3" shuffle="mt19937ar,4B04155B,4DD34F5F,01484519,D5B103BC,C01314FD,7D701633,87D2DA7E,BE16B784"/><V39/><F74/><W116/><G116/><T29/><D125/><U69/><E33/><V75/><F75/><W111/><G111/><T13/><D76/><U49/><E69/><V16/><F39/><W127/><G120/><T119/><D119/><U82/><E90/><V63/><F55/><W92/><G106/><T130/><D130/><U64/><E109/><V23/><F97/><W95/><G127/><T1/><D1/><U51/><E51/><V20/><F7/><W115/><G3/><T121/><D121/><U93/><E15/><V18/><F85/><W83/><G115/><N who="1" m="44106" /><E4/><V43/><F91/><W104/><G104/><T46/><D13/><U107/><E107/><V32/><F32/><W73/><G73/><T117/><D117/><U88/><E100/><V84/><F84/><W103/><G103/><T52/><D101/><U56/><E56/><V124/><F124/><W36/><G36/><T5/><D5/><U12/><E12/><V24/><F71/><W77/><G35/><T21/><D29/><U17/><E17/><V81/><F81/><W118/><G31/><T62/><D46/><U135/><E135/><N who="0" m="51753" /><D52/><N who="1" m="32143" /><E64/><V110/><F110/><W105/><G133/><T102/><D102/><U99/><E99/><V57/><F57/><W108/><G118/><T126/><D126/><U123/><E123/><V8/><F8/><W6/><G105/><T80/><D80/><U131/><E131/><V9/><F9/><W11/><G11/><T37/><AGARI ba="0,0" hai="21,25,28,37,42,45,61,62,89,94,96" m="51753" machi="37" ten="30,2000,0" yaku="20,1,52,1" doraHai="38" who="0" fromWho="0" sc="64,20,167,-5,436,-10,333,-5" /><INIT seed="7,0,0,4,2,19" ten="84,162,426,328" oya="3" hai0="28,68,37,15,69,45,61,29,38,8,98,52,60" hai1="74,48,97,78,47,114,83,23,99,36,56,106,108" hai2="22,122,5,33,58,4,44,101,77,127,81,12,79" hai3="62,70,91,43,128,75,95,115,76,73,116,104,135" shuffle="mt19937ar,9E92EE6B,E0994300,83822707,8D4F8680,85CE6118,1963B19B,94052790,88D09DBF"/><W134/><G116/><T87/><D98/><U1/><E108/><V0/><F33/><W49/><G104/><T14/><D87/><U120/><E120/><V123/><F127/><W112/><G128/><T39/><D45/><U84/><E1/><V24/><F101/><W55/><G43/><T59/><D8/><U30/><E36/><V107/><F0/><W100/><G100/><T40/><D40/><U71/><E71/><V67/><F44/><N who="3" m="28071" /><G62/><T20/><D61/><U111/><E111/><V25/><F107/><W124/><G70/><T57/><D57/><U41/><E106/><V6/><F58/><W89/><G89/><T121/><D121/><N who="2" m="46090" /><F67/><W80/><G75/><T109/><D109/><U11/><E74/><N who="2" m="43191" /><F79/><W103/><G103/><T2/><D2/><U131/><E131/><V119/><F119/><W82/><G82/><T132/><D132/><N who="3" m="50729" /><G124/><T72/><D72/><U65/><E11/><N who="2" m="4199" /><F25/><W93/><G93/><T26/><D29/><AGARI ba="0,0" hai="5,6,22,24,29" m="4199,43191,46090" machi="29" ten="30,2000,0" yaku="13,1,52,1" doraHai="19" who="2" fromWho="0" sc="84,-20,162,0,426,20,328,0" owari="64,-44,162,-24,446,55,328,13" /></mjloggm>