<mjloggm ver="2.3"><GO type="185"/><UN n0="%E6%84%9F%E8%AC%9D%E3%81%A7%E3%81%99" n1="%E3%81%B5%E3%81%8F%EF%BC%A3%EF%BD%88%EF%BD%81%EF%BD%8E%E2%99%AA" n2="%E7%B1%B3%E5%85%89%E5%80%B6%E6%A5%BD%E9%83%A8" n3="" dan="17,17,16,0" rate="2220,2190,2165,1500" sx="M,F,F,C"/><TAIKYOKU oya="0"/><INIT seed="0,0,0,3,4,64" ten="350,350,350,0" oya="0" hai0="77,118,109,1,38,80,76,69,135,53,110,133,102" hai1="95,62,86,56,79,87,71,125,115,67,121,42,55" hai2="36,111,120,40,119,83,114,108,74,113,37,0,130" hai3="" shuffle="mt19937ar,D0D01EA7,D6F9242A,B03D300B,FB33054C,C5961D45,ECECD26A,535F3451,C139E95F"/><T63/><D1/><U41/><N who="1" m="31008" /><U73/><E115/><V3/><N who="2" m="30752" /><V35/><F119/><T59/><D118/><U105/><E105/><V72/><F40/><T132/><D38/><N who="2" m="14954" /><F83/><T99/><D69/><U66/><E66/><V46/><F46/><T57/><D57/><U33/><E33/><V103/><F103/><T127/><D127/><U91/><E125/><V58/><F58/><T32/><D32/><U84/><E79/><N who="0" m="30281" /><D80/><U52/><E55/><V75/><F130/><T54/><D54/><U50/><E41/><V98/><F98/><T89/><D89/><U96/><E42/><V124/><F35/><T93/><AGARI ba="0,0" hai="53,59,63,93,99,102,109,110,132,133,135" m="30281" machi="93" ten="40,1400,0" yaku="20,1" doraHai="64" who="0" fromWho="0" sc="350,14,350,-7,350,-7,0,0" /><INIT seed="0,1,0,3,1,69" ten="364,343,343,0" oya="0" hai0="50,83,106,93,89,1,128,59,80,2,73,38,65" hai1="135,68,78,48,41,117,95,96,99,63,55,107,40" hai2="86,131,75,62,105,88,85,118,84,70,66,3,54" hai3="" shuffle="mt19937ar,A0497734,6F6E3216,009FF524,FAD077CB,3837ACD2,F9A01647,18D53BCE,268E7B51"/><T43/><D128/><U45/><E117/><V125/><F3/><T72/><D106/><U61/><E135/><V71/><F105/><T74/><D65/><U130/><E130/><V44/><F75/><T64/><D64/><U115/><E115/><V103/><F103/><T77/><D77/><U132/><E132/><V91/><F131/><T123/><N who="0" m="31520" /><T110/><D110/><U116/><E116/><V47/><F118/><T60/><D60/><U57/><E78/><V124/><F70/><T101/><D101/><U127/><E107/><V133/><F133/><T53/><D2/><U56/><E99/><V0/><F0/><T119/><D119/><U51/><E68/><V121/><N who="2" m="31008" /><V49/><REACH who="2" step="1"/><F47/><REACH who="2" step="2"/><T87/><REACH who="0" step="1"/><D1/><REACH who="0" step="2"/><U104/><E104/><V42/><F42/><T102/><D102/><U134/><E40/><V67/><F67/><T92/><D92/><U122/><N who="1" m="31264" /><U94/><E94/><V111/><F111/><T39/><D39/><U33/><E95/><V32/><F32/><T79/><D79/><U34/><E33/><V52/><F52/><T35/><D35/><U58/><E34/><V109/><F109/><T126/><D126/><AGARI ba="1,2" hai="44,49,54,62,66,71,84,85,86,88,91,124,125,126" m="31008" machi="126" ten="40,8000,1" yaku="1,1,18,1,52,1,54,1,53,0" doraHai="69" doraHaiUra="120" who="2" fromWho="0" sc="354,-82,343,0,333,102,0,0" /><INIT seed="1,0,0,0,4,75" ten="272,343,435,0" oya="1" hai0="84,35,105,94,106,50,42,92,93,98,121,69,90" hai1="58,104,120,56,123,37,77,111,0,71,133,108,80" hai2="110,132,97,82,39,130,36,51,91,125,100,66,124" hai3="" shuffle="mt19937ar,EA08BEBC,DD6D27D1,026009C4,FBFD55A9,E9F81ADB,AC873489,0D8E2FEC,52A19802"/><U103/><N who="1" m="30752" /><U64/><N who="1" m="31520" /><U83/><E0/><V122/><N who="2" m="31264" /><V102/><F66/><T118/><N who="0" m="31008" /><T135/><D35/><U40/><E83/><V44/><F132/><T46/><D69/><U45/><E133/><V2/><F2/><T76/><D135/><U74/><E103/><V131/><F110/><N who="1" m="42025" /><E104/><V117/><F117/><T41/><D41/><U55/><E55/><V85/><F100/><T63/><D118/><U113/><E113/><V87/><F87/><T114/><D114/><U43/><E43/><V52/><F97/><T59/><D106/><U67/><E67/><V73/><F102/><T1/><D105/><U109/><N who="1" m="42033" /><U38/><DORA hai="78" /><E38/><N who="2" m="14379" /><F73/><T49/><D1/><U115/><E115/><V134/><F134/><T88/><D42/><U47/><E47/><V119/><F119/><T128/><D46/><U95/><E95/><V127/><AGARI ba="0,0" hai="44,51,52,82,85,91,124,125,127,130,131" m="14379,31264" machi="127" ten="40,6000,1" yaku="18,1,52,2,54,1" doraHai="75,78" who="2" fromWho="2" sc="272,-20,343,-40,435,60,0,0" /><INIT seed="2,0,0,5,2,62" ten="252,303,495,0" oya="2" hai0="65,121,34,42,33,56,109,76,92,73,69,131,74" hai1="82,122,87,45,129,107,101,104,96,113,111,59,128" hai2="71,127,49,93,43,132,64,1,58,103,39,68,91" hai3="" shuffle="mt19937ar,A04546BD,DD1EFD44,2B76A169,CBEA8A7F,D0528023,D1609834,BD2D908E,99958B29"/><V37/><F1/><T105/><N who="0" m="31008" /><T48/><D105/><U51/><N who="1" m="31264" /><U125/><E113/><V100/><F127/><T86/><D131/><U40/><E107/><V89/><F132/><T124/><D124/><U126/><E111/><V67/><F43/><T41/><D109/><U36/><E126/><V38/><F49/><T83/><D74/><U118/><E125/><V72/><F72/><T70/><D70/><N who="2" m="26666" /><F58/><T75/><D75/><U78/><E118/><V53/><F53/><T0/><D0/><U135/><E135/><V79/><F79/><T120/><N who="0" m="30752" /><T80/><D92/><U66/><E59/><V114/><F93/><T32/><D48/><U2/><E2/><V134/><F114/><T133/><D56/><U61/><REACH who="1" step="1"/><E51/><REACH who="1" step="2"/><V99/><F134/><T46/><D133/><U119/><E119/><V110/><F110/><T44/><D44/><U102/><E102/><N who="2" m="38955" /><F99/><T63/><REACH who="0" step="1"/><D46/><REACH who="0" step="2"/><U116/><E116/><V98/><F98/><T3/><D3/><U88/><E88/><AGARI ba="0,2" hai="37,38,39,64,67,88,89,91" m="38955,26666" machi="88" ten="40,12000,1" yaku="28,2,52,2,54,1" doraHai="62" who="2" fromWho="1" sc="242,0,293,-120,495,140,0,0" /><AGARI ba="0,0" hai="32,33,34,41,42,63,65,69,73,76,80,83,86,88" m="30752,31008" machi="88" ten="40,12000,2" yaku="1,1,52,3,54,1,53,1" doraHai="62" doraHaiUra="106" who="0" fromWho="1" sc="242,120,173,-120,635,0,0,0" /><INIT seed="2,1,0,2,5,106" ten="362,53,635,0" oya="2" hai0="65,32,73,35,52,37,2,95,42,67,66,79,128" hai1="0,109,104,116,61,113,38,107,86,120,39,122,105" hai2="133,78,98,129,44,47,111,50,88,103,114,123,112" hai3="" shuffle="mt19937ar,D87DF0FA,128DA72E,7F2D0F15,56A5F723,18E03E0F,02FA96FA,17E8F5BA,0D44D3FC"/><V96/><N who="2" m="31520" /><V51/><F78/><T36/><D2/><U90/><N who="1" m="30752" /><U59/><N who="1" m="31264" /><U134/><E0/><V99/><F133/><T1/><D1/><U45/><E134/><V69/><F69/><T43/><D128/><U130/><E130/><V55/><F129/><T49/><D95/><U71/><E116/><V53/><F111/><T97/><D97/><U70/><E109/><V83/><F103/><T81/><D43/><U101/><E101/><V91/><F83/><T127/><D127/><U34/><E34/><V110/><REACH who="2" step="1"/><F110/><REACH who="2" step="2"/><T126/><D126/><U62/><E71/><V33/><F33/><T108/><D108/><U68/><E70/><V92/><F92/><T56/><REACH who="0" step="1"/><D37/><REACH who="0" step="2"/><U41/><E38/><V75/><F75/><T40/><D40/><U100/><E107/><V119/><F119/><T80/><D80/><U124/><E105/><V85/><F85/><T84/><D84/><U58/><E86/><V82/><F82/><T76/><D76/><U74/><E104/><V60/><F60/><T132/><D132/><U46/><E62/><V121/><F121/><T89/><D89/><AGARI ba="1,2" hai="44,47,50,51,53,55,88,89,91,96,98,99,112,114" m="31520" machi="89" ten="40,12000,1" yaku="1,1,9,1,52,1,54,1,53,0" doraHai="106" doraHaiUra="64" who="2" fromWho="0" sc="352,-122,53,0,625,142,0,0" /><INIT seed="2,2,0,3,5,113" ten="230,53,767,0" oya="2" hai0="1,74,114,95,62,65,32,40,100,123,97,110,130" hai1="45,51,78,41,80,67,115,60,112,36,129,53,103" hai2="108,104,125,2,63,124,46,93,109,68,44,35,48" hai3="" shuffle="mt19937ar,7A831CBF,B73E1350,AAF33328,947F72A9,2FBAC168,EB6B4C35,10F86006,BDB77B55"/><V128/><F2/><T34/><N who="0" m="31520" /><T66/><D114/><U37/><E103/><V86/><F104/><T106/><D1/><U119/><E129/><V72/><F72/><T38/><D74/><U117/><E112/><V102/><F35/><T87/><D130/><U49/><E115/><V58/><F128/><T55/><D110/><N who="2" m="42602" /><F68/><T79/><D66/><U134/><E134/><V59/><F102/><T84/><D65/><U70/><E80/><V116/><F116/><N who="1" m="44617" /><E78/><V98/><F86/><T94/><D87/><U76/><E76/><V43/><F93/><T127/><D84/><U33/><E33/><V105/><F98/><T118/><D95/><U133/><E133/><V111/><F105/><T122/><D94/><U0/><E0/><V101/><F101/><T47/><D97/><U121/><N who="1" m="31008" /><U83/><E83/><V54/><F111/><T61/><D106/><U52/><E41/><V81/><F81/><T135/><D100/><U56/><AGARI ba="2,0" hai="36,37,45,49,51,52,53,56,60,67,70" m="31008,44617" machi="56" ten="30,12000,3" yaku="12,1,34,2,52,4,54,1" doraHai="113" who="1" fromWho="1" sc="230,-42,53,124,767,-82,0,0" /><INIT seed="4,0,0,4,2,125" ten="188,177,685,0" oya="0" hai0="100,86,84,95,46,120,104,52,57,106,72,1,60" hai1="110,80,78,69,123,111,53,59,62,127,82,2,63" hai2="33,97,71,44,114,94,99,135,47,48,124,39,87" hai3="" shuffle="mt19937ar,D407358D,A2BBDB31,64AAE2F2,A2C783C3,46BC28A4,6D97AF36,C877CFAA,95781873"/><T66/><N who="0" m="30752" /><T102/><D1/><U32/><N who="1" m="31520" /><U91/><E2/><V81/><F71/><T35/><D35/><U65/><E32/><V55/><F33/><T117/><D117/><U131/><E127/><V93/><F124/><T64/><D72/><U130/><E91/><V43/><F114/><T96/><D100/><U61/><E63/><V98/><F135/><T54/><D66/><U45/><E45/><V116/><F116/><T108/><D108/><U50/><E50/><V115/><REACH who="2" step="1"/><F115/><REACH who="2" step="2"/><T112/><D112/><U79/><E79/><AGARI ba="0,1" hai="39,43,44,47,48,55,79,81,87,93,94,97,98,99" machi="79" ten="40,2600,0" yaku="1,1,2,1,53,0" doraHai="125" doraHaiUra="113" who="2" fromWho="1" sc="188,0,177,-26,675,36,0,0" /><INIT seed="5,0,0,5,2,2" ten="188,151,711,0" oya="1" hai0="79,55,51,84,41,59,114,43,77,88,66,100,96" hai1="34,122,64,113,61,80,35,126,32,89,104,117,58" hai2="133,73,134,93,94,120,123,54,49,127,131,65,130" hai3="" shuffle="mt19937ar,7933104C,D32FBA4B,10690D9E,9CB92B87,032C2F0E,7E66BA1F,D177BFC4,1CB86F45"/><U106/><N who="1" m="31264" /><U91/><E117/><V62/><N who="2" m="30752" /><V42/><N who="2" m="31520" /><V33/><F33/><T87/><D114/><U0/><E0/><V103/><F73/><T105/><D66/><U72/><E113/><V38/><F103/><T85/><REACH who="0" step="1"/><D88/><REACH who="0" step="2"/><U56/><E126/><V95/><F127/><T3/><D3/><U99/><E58/><V48/><F38/><T135/><D135/><N who="2" m="51722" /><F42/><AGARI ba="0,1" hai="41,42,43,51,55,59,77,79,84,85,87,96,100,105" machi="42" ten="40,8000,1" yaku="1,1,53,3" doraHai="2" doraHaiUra="81" who="0" fromWho="2" sc="178,90,151,0,711,-80,0,0" /><INIT seed="6,0,0,1,2,66" ten="268,151,631,0" oya="2" hai0="38,63,89,87,105,130,112,120,39,53,118,48,71" hai1="2,116,1,72,108,85,33,81,91,135,73,124,109" hai2="117,68,37,62,100,57,58,82,80,52,43,96,111" hai3="" shuffle="mt19937ar,638DE145,4ECBF787,9FDC5863,573DC7AA,AE87D06B,5A64BED5,46CACF5D,01812BFE"/><V34/><F34/><T103/><N who="0" m="30752" /><T75/><D118/><U126/><E33/><V49/><F117/><T123/><N who="0" m="31520" /><T51/><D75/><U61/><E61/><V47/><F111/><T0/><D0/><U122/><N who="1" m="31264" /><U64/><E64/><V90/><F90/><T106/><D130/><U98/><E1/><V128/><F128/><T70/><D63/><U133/><E2/><V36/><F36/><T46/><D89/><U93/><E116/><V41/><F41/><T56/><D87/><U94/><E98/><V102/><F102/><T76/><D76/><U32/><E32/><V79/><F68/><N who="0" m="26154" /><D103/><U44/><E44/><V54/><F79/><T125/><D106/><AGARI ba="0,0" hai="37,43,47,49,52,54,57,58,62,80,82,96,100,106" machi="106" ten="30,2900,0" yaku="7,1,54,1" doraHai="66" who="2" fromWho="0" sc="268,-29,151,0,631,29,0,0" owari="239,-16,151,-45,660,61,0,0" /></mjloggm>