<mjloggm ver="2.3"><GO type="185"/><UN n0="%E3%81%B5%E3%81%8F%EF%BC%A3%EF%BD%88%EF%BD%81%EF%BD%8E%E2%99%AA" n1="%E3%81%B0%E3%81%8F%E3%81%92%E3%81%A3%E3%81%8D" n2="%E4%B8%89%E7%94%B0%E6%9D%91%E8%8C%9C" n3="" dan="16,16,17,0" rate="2184,2273,2209,1500" sx="F,M,F,C"/><TAIKYOKU oya="0"/><INIT seed="0,0,0,0,0,40" ten="350,350,350,0" oya="0" hai0="3,82,81,104,57,91,44,69,52,45,126,120,89" hai1="76,96,108,102,124,64,115,94,34,33,71,119,97" hai2="121,37,109,107,59,122,80,60,88,58,35,73,117" hai3="" shuffle="mt19937ar,608BDD9F,3F04FCE1,E2241403,70D0AA9A,F25953FF,5C4EE4EF,2859B069,310D8D18"/><T116/><N who="0" m="30752" /><T112/><D3/><U75/><E119/><V46/><N who="2" m="31008" /><V54/><N who="2" m="31264" /><V77/><F117/><T85/><D116/><U32/><E115/><V93/><F35/><T55/><D69/><U47/><E124/><V53/><F107/><T48/><D104/><U56/><E108/><V41/><F109/><T68/><D68/><U123/><N who="1" m="31520" /><U65/><E71/><V118/><F118/><T0/><D126/><U105/><E76/><V79/><F79/><T61/><D0/><U84/><E84/><V43/><F43/><T63/><D63/><U98/><E75/><V130/><F130/><T131/><D131/><U78/><E78/><V87/><REACH who="2" step="1"/><F59/><REACH who="2" step="2"/><T62/><D112/><U72/><E105/><V114/><F114/><T125/><D125/><U135/><E56/><V90/><F90/><T42/><D62/><U74/><E34/><V1/><F1/><T133/><D133/><U67/><E135/><V86/><F86/><T39/><D91/><U127/><E127/><V129/><F129/><T100/><D100/><U101/><E33/><V134/><F134/><T95/><AGARI ba="0,1" hai="39,42,44,45,48,52,55,57,61,81,82,85,89,95" m="30752" machi="95" ten="20,12000,2" yaku="0,1,7,1,52,3,54,1" doraHai="40" who="0" fromWho="0" sc="350,130,350,-60,340,-60,0,0" /><INIT seed="0,1,0,4,3,121" ten="480,290,280,0" oya="0" hai0="47,72,96,63,67,68,36,33,88,41,50,61,132" hai1="81,65,124,105,95,130,134,59,104,2,58,34,69" hai2="0,107,129,117,106,122,37,80,57,120,101,131,32" hai3="" shuffle="mt19937ar,EBC1FBC0,FB9B10B3,C05E618D,7E6CE172,9F714EC9,B2FFCCC0,29A605BF,426EC51C"/><T94/><D72/><U43/><E34/><V78/><N who="2" m="30752" /><V115/><N who="2" m="31264" /><V3/><F32/><T84/><D33/><U109/><E2/><V75/><F117/><T110/><D132/><U97/><E43/><V42/><F57/><T1/><D1/><N who="2" m="586" /><F101/><T86/><D110/><U126/><E69/><V70/><F70/><T116/><D116/><U79/><E134/><V135/><F135/><T51/><D63/><U111/><E65/><V49/><F49/><T92/><REACH who="0" step="1"/><D84/><REACH who="0" step="2"/><U93/><E130/><N who="2" m="49675" /><F115/><T123/><N who="0" m="31520" /><T73/><D73/><U113/><E113/><V133/><F133/><T62/><D62/><U102/><E59/><V74/><F75/><T45/><D45/><AGARI ba="1,1" hai="37,42,45,74,78,80,106,107" m="49675,586,31264,30752" machi="45" ten="30,7700,0" yaku="19,1,23,1,52,2" doraHai="121" who="2" fromWho="0" sc="470,-79,290,0,280,89,0,0" /><INIT seed="1,0,0,5,4,49" ten="391,290,369,0" oya="1" hai0="63,72,57,51,36,44,66,70,90,76,2,92,113" hai1="59,33,68,81,54,48,50,67,105,120,107,126,53" hai2="60,128,96,35,61,99,123,117,111,34,37,110,58" hai3="" shuffle="mt19937ar,70148E36,9EF7F43F,57F73D65,DCD79026,9E173955,DD592048,8DF03AEA,7E50FA39"/><U0/><N who="1" m="30752" /><U78/><E33/><V125/><N who="2" m="31520" /><V1/><F117/><T74/><D2/><U130/><E0/><V104/><F1/><T94/><D113/><U112/><E112/><V32/><F37/><T100/><D76/><U3/><E3/><V131/><F125/><T69/><D69/><U124/><E130/><N who="2" m="49707" /><F61/><T133/><D133/><U83/><E67/><V109/><F104/><T71/><D71/><U134/><E68/><V101/><F101/><T95/><D100/><U43/><E43/><V122/><N who="2" m="31264" /><V132/><F132/><T116/><D90/><U97/><E134/><V40/><F40/><T77/><D77/><U52/><E78/><V38/><F38/><T62/><D116/><U75/><E75/><V135/><F135/><T84/><D84/><U118/><E118/><V45/><F45/><T46/><D46/><U93/><E93/><V73/><F73/><T64/><REACH who="0" step="1"/><D36/><REACH who="0" step="2"/><U106/><E59/><V56/><F56/><T88/><D88/><U41/><E97/><V103/><F103/><T119/><D119/><U86/><E86/><V115/><F115/><T87/><D87/><U98/><E98/><V127/><F127/><N who="1" m="48681" /><E41/><AGARI ba="0,1" hai="41,44,51,57,62,63,64,66,70,72,74,92,94,95" machi="41" ten="40,2600,0" yaku="1,1,53,1" doraHai="49" doraHaiUra="65" who="0" fromWho="1" sc="381,36,290,-26,369,0,0,0" /><INIT seed="2,0,0,0,2,67" ten="417,264,369,0" oya="2" hai0="111,32,52,87,53,75,34,54,49,97,120,55,68" hai1="112,128,80,91,135,88,134,60,130,115,44,95,122" hai2="96,106,71,94,110,62,99,117,56,82,59,70,43" hai3="" shuffle="mt19937ar,0A418652,897B1DF5,652649B3,5310D569,EEFBF979,2FB41582,57DEB3FA,2297C1CF"/><V1/><F1/><T102/><N who="0" m="30752" /><T118/><D75/><U105/><N who="1" m="31264" /><U86/><E105/><V84/><F117/><T104/><D118/><U39/><E39/><V133/><F133/><N who="1" m="50697" /><E60/><V123/><N who="2" m="31520" /><V79/><F110/><T108/><D87/><U65/><E65/><V132/><F43/><T41/><D41/><U93/><E80/><V98/><F106/><T103/><D103/><U76/><E76/><V66/><F132/><T74/><D74/><U38/><E44/><V42/><F42/><T35/><REACH who="0" step="1"/><D68/><REACH who="0" step="2"/><U81/><E38/><V48/><REACH who="2" step="1"/><F94/><REACH who="2" step="2"/><T40/><D40/><U36/><E95/><V50/><F50/><T72/><D72/><U124/><E36/><V64/><F64/><T92/><D92/><U119/><E119/><V61/><F61/><T51/><D51/><U113/><E124/><V126/><F126/><T107/><D107/><U100/><E100/><V73/><F73/><T83/><D83/><U90/><E93/><V101/><F101/><T47/><AGARI ba="0,2" hai="32,34,35,47,49,52,53,54,55,97,102,104,108,111" m="30752" machi="47" ten="40,6000,1" yaku="1,1,0,1,52,1,54,1,53,1" doraHai="67" doraHaiUra="46" who="0" fromWho="0" sc="407,80,264,-20,359,-40,0,0" /><INIT seed="4,0,0,4,2,122" ten="487,244,319,0" oya="0" hai0="56,81,63,80,64,117,104,52,77,135,45,58,108" hai1="99,66,134,82,65,39,121,132,53,133,79,95,73" hai2="67,97,89,123,85,57,107,87,78,61,41,36,105" hai3="" shuffle="mt19937ar,07AFB14F,F4059A85,A6C8A3DC,B22653C5,83FC3DC4,1FB215A5,A6334955,808DA489"/><T74/><D117/><U0/><N who="1" m="31008" /><U124/><E0/><V38/><N who="2" m="31520" /><V32/><F32/><T106/><D135/><U70/><E124/><V35/><F35/><T114/><D114/><U93/><E95/><V37/><F41/><T129/><D129/><U88/><E70/><V48/><F48/><T115/><D115/><U72/><E39/><V44/><F44/><T127/><D127/><U98/><E73/><V34/><F34/><T110/><D81/><U76/><E76/><V51/><F51/><T100/><D45/><U109/><E109/><N who="0" m="42089" /><D80/><U83/><E83/><V119/><F119/><T43/><D43/><U125/><E125/><V47/><F47/><T130/><D130/><U86/><REACH who="1" step="1"/><E53/><REACH who="1" step="2"/><V40/><F40/><T126/><D126/><U120/><N who="1" m="30752" /><U54/><E54/><V103/><F36/><T49/><D77/><U112/><E112/><V91/><F78/><T62/><D74/><U71/><E71/><V33/><F33/><T59/><D100/><U1/><E1/><V92/><F103/><T118/><D118/><U3/><E3/><V68/><F37/><T90/><D90/><U2/><E2/><V84/><F91/><T131/><D131/><U60/><E60/><V55/><F38/><RYUUKYOKU ba="0,1" sc="487,0,234,0,319,0,0,0" hai0="49,52,56,58,59,62,63,64,104,106" hai1="65,66,72,79,82,86,88,93,98,99,132,133,134" hai2="55,57,61,67,68,84,85,87,89,92,97,105,107" /><INIT seed="4,1,1,5,1,101" ten="487,234,319,0" oya="0" hai0="49,129,34,97,73,47,80,71,37,91,130,100,82" hai1="68,90,86,110,104,109,55,88,85,120,103,52,35" hai2="63,2,119,122,79,48,115,135,42,60,117,43,132" hai3="" shuffle="mt19937ar,C73052ED,C40424BD,BEA1E27A,4216BE47,DDE4BE55,8497501A,F5B7DAE2,8B29E891"/><T3/><D34/><U76/><N who="1" m="30752" /><U92/><E35/><V51/><N who="2" m="31264" /><V67/><F79/><T64/><D3/><U81/><E68/><V106/><F2/><T33/><D37/><U41/><E41/><N who="2" m="15371" /><F106/><T84/><D33/><U113/><E113/><V56/><F63/><T78/><D64/><U54/><REACH who="1" step="1"/><E76/><REACH who="1" step="2"/><V108/><F115/><T36/><D71/><U57/><E57/><V121/><N who="2" m="31008" /><V50/><F108/><T45/><D36/><U112/><E112/><V39/><F39/><T44/><D130/><U116/><E116/><AGARI ba="1,2" hai="48,50,51,56,60,67,116,117,119,132,135" m="31008,15371,31264" machi="116" ten="40,8000,1" yaku="12,1,34,2,52,2" doraHai="101" who="2" fromWho="1" sc="487,0,224,-82,319,102,0,0" /><INIT seed="5,0,0,3,2,2" ten="487,142,421,0" oya="1" hai0="102,109,67,51,78,39,97,42,110,123,72,74,61" hai1="125,85,40,66,99,77,131,103,100,104,54,118,133" hai2="112,105,80,81,73,37,120,92,82,1,111,70,90" hai3="" shuffle="mt19937ar,E07FF3D8,F4362A31,65C0A83D,17B992B2,384A3948,FA44AA06,277BB0AE,FB1B0110"/><U116/><E66/><V71/><N who="2" m="30752" /><V124/><F1/><T96/><N who="0" m="31520" /><T129/><D129/><U107/><E40/><V91/><F37/><T43/><D39/><U135/><E54/><V94/><F111/><T53/><D42/><U60/><E60/><V38/><F105/><T56/><D43/><U44/><E44/><V50/><F38/><T65/><D65/><U83/><E131/><V98/><F50/><T35/><D97/><U57/><E57/><V79/><F112/><T47/><D35/><U48/><E48/><V134/><F134/><N who="1" m="51209" /><E125/><V3/><F124/><T41/><D110/><U34/><E34/><V106/><F3/><T128/><D128/><U36/><E36/><V0/><F0/><T119/><D109/><U59/><E59/><V132/><F132/><T115/><D41/><U46/><E46/><V68/><F68/><T69/><D69/><U63/><E63/><V113/><F70/><T55/><D67/><U126/><E126/><V52/><F52/><T93/><D55/><U49/><E49/><V86/><F71/><T45/><D53/><U88/><E88/><V130/><F90/><T114/><D51/><U75/><E75/><V84/><F73/><T101/><D74/><U122/><E122/><RYUUKYOKU ba="0,0" sc="487,-10,142,20,421,-10,0,0" hai1="77,83,85,99,100,103,104,107,116,118" /><INIT seed="5,1,0,1,1,39" ten="477,162,411,0" oya="1" hai0="79,89,128,45,103,2,1,57,105,74,80,33,41" hai1="111,81,134,32,73,56,104,3,47,125,97,72,130" hai2="133,42,88,107,101,127,0,114,52,121,75,123,48" hai3="" shuffle="mt19937ar,EF922A50,E9D45B42,250A1A02,14F61384,39F635E8,C0170E02,D37D8756,5D21CF6A"/><U87/><E32/><V112/><N who="2" m="31008" /><V43/><N who="2" m="31520" /><V116/><F75/><T84/><D33/><U126/><E3/><V131/><F0/><T124/><D124/><N who="1" m="47723" /><E111/><V118/><F127/><T67/><D128/><U44/><E130/><V68/><F68/><T117/><D117/><N who="2" m="45162" /><F101/><T76/><D57/><U100/><E56/><V49/><F107/><T54/><D54/><U106/><E104/><V61/><F88/><T115/><D67/><U51/><E134/><V50/><F133/><T122/><N who="0" m="31264" /><T91/><D91/><U78/><E47/><V135/><F135/><T85/><D85/><U38/><E38/><V86/><F86/><T63/><D1/><U77/><E78/><V108/><F131/><T60/><D79/><U95/><E106/><V37/><F37/><T62/><D2/><U69/><E69/><V35/><F35/><T65/><D105/><U94/><E94/><V34/><F34/><T96/><D76/><U109/><E109/><V71/><F71/><T129/><D129/><U59/><E59/><V113/><F108/><T120/><N who="0" m="30752" /><T110/><D110/><U90/><E77/><V102/><F102/><T119/><D103/><U53/><AGARI ba="1,0" hai="44,51,53,72,73,81,87,90,95,97,100" m="47723" machi="53" ten="30,1000,0" yaku="18,1" doraHai="39" who="1" fromWho="1" sc="477,-6,162,12,411,-6,0,0" /><INIT seed="5,2,0,2,0,83" ten="471,174,405,0" oya="1" hai0="132,122,41,125,79,127,95,96,53,43,123,40,90" hai1="130,0,86,118,72,61,124,81,63,91,114,48,100" hai2="85,111,88,62,108,64,52,54,103,65,110,78,50" hai3="" shuffle="mt19937ar,6E796071,9F2B67A8,18DC18FD,FD83AFB7,670DB757,BD276FBB,92B6337E,0729E659"/><U42/><E0/><V133/><F133/><T49/><N who="0" m="31264" /><T97/><N who="0" m="31520" /><T105/><D132/><U80/><E118/><V60/><F103/><T131/><D79/><U112/><E130/><V39/><F78/><T3/><D3/><U1/><E1/><V46/><F39/><T51/><D131/><U119/><E119/><V93/><REACH who="2" step="1"/><F54/><REACH who="2" step="2"/><T45/><REACH who="0" step="1"/><D49/><REACH who="0" step="2"/><U74/><E124/><V102/><F102/><AGARI ba="2,2" hai="40,41,43,45,51,53,90,95,96,97,102,105,125,127" m="31520,31264" machi="102" ten="40,8000,1" yaku="1,1,2,1,52,2,53,0" doraHai="83" doraHaiUra="120" who="0" fromWho="2" sc="461,104,174,0,395,-84,0,0" /><INIT seed="6,0,0,1,1,49" ten="565,174,311,0" oya="2" hai0="3,62,53,106,44,97,33,121,69,64,68,124,38" hai1="110,113,78,43,130,51,120,122,128,80,45,129,76" hai2="83,99,91,35,100,96,90,79,0,66,87,132,118" hai3="" shuffle="mt19937ar,A42C69B9,3AF33BB5,DD5D88BF,C7BA4D5D,190BF52A,11B7DA82,42E75A28,84ECA6B8"/><V93/><F0/><T134/><N who="0" m="31008" /><T112/><D3/><U94/><N who="1" m="30752" /><U104/><N who="1" m="31264" /><U32/><E32/><V59/><F35/><T57/><D33/><U36/><E110/><V63/><F118/><T47/><D134/><U37/><E104/><V85/><F132/><T84/><D124/><U75/><E113/><V67/><F67/><T125/><D68/><U56/><E78/><V34/><F34/><T74/><D74/><U123/><N who="1" m="31520" /><U40/><E40/><V102/><F87/><T58/><D69/><U127/><E127/><V46/><F46/><T92/><D38/><U107/><E107/><AGARI ba="0,0" hai="59,63,66,79,83,85,90,91,93,96,99,100,102,107" machi="107" ten="30,1500,0" yaku="7,1" doraHai="49" who="2" fromWho="1" sc="565,0,174,-15,311,15,0,0" /><INIT seed="6,1,0,5,0,97" ten="565,159,326,0" oya="2" hai0="3,70,94,54,47,49,72,102,82,122,103,48,69" hai1="95,100,126,105,66,77,112,36,37,87,50,120,35" hai2="53,81,62,55,107,96,123,128,109,89,91,40,133" hai3="" shuffle="mt19937ar,19BD3C5E,BD39635D,F2FE8A79,5E0A8F5D,9D6BC4A6,6349BD03,A3BE2799,7B0C9E17"/><V121/><N who="2" m="31008" /><V80/><N who="2" m="31520" /><V65/><F109/><T90/><N who="0" m="31264" /><T117/><D117/><U85/><E35/><V51/><F133/><T42/><D69/><U61/><N who="1" m="30752" /><U135/><E105/><V93/><F128/><T113/><D70/><U1/><E1/><V88/><F107/><T111/><D3/><U71/><E135/><V64/><F40/><T106/><D106/><U59/><E126/><V52/><F51/><T58/><D113/><U115/><E37/><V124/><F124/><T43/><D111/><U110/><E36/><V34/><F34/><T119/><D119/><U41/><E110/><V99/><F99/><T98/><REACH who="0" step="1"/><D42/><REACH who="0" step="2"/><U84/><E71/><V44/><F44/><T114/><D114/><U104/><E104/><V39/><F39/><T2/><D2/><U45/><E115/><V86/><REACH who="2" step="1"/><F62/><REACH who="2" step="2"/><T101/><D101/><U131/><E112/><V63/><F63/><T60/><D60/><U92/><E131/><V33/><F33/><T129/><D129/><U130/><E130/><V57/><F57/><T132/><D132/><U46/><E59/><V56/><F56/><T116/><D116/><U127/><E127/><V32/><F32/><T74/><D74/><U79/><E61/><RYUUKYOKU ba="1,2" sc="555,10,159,-20,316,10,0,0" hai0="43,47,48,49,54,58,72,82,90,94,98,102,103" hai2="52,53,55,64,65,80,81,86,88,89,91,93,96" /><INIT seed="6,2,2,0,0,39" ten="565,139,326,0" oya="2" hai0="89,63,95,44,82,81,72,51,96,77,123,48,34" hai1="103,40,109,68,49,90,61,47,98,83,3,102,114" hai2="38,45,106,132,101,115,108,97,118,59,50,62,105" hai3="" shuffle="mt19937ar,803AA451,9A1BB831,C21E20C4,83692900,9FED8AC3,2D0C61D9,2E528F91,9A0CF371"/><V126/><F118/><T69/><N who="0" m="31520" /><T65/><D34/><U130/><E3/><V53/><F108/><T112/><D112/><U120/><N who="1" m="30752" /><U64/><E109/><V100/><F115/><T91/><D48/><U99/><E114/><V119/><F119/><T41/><D82/><U60/><E130/><V94/><F126/><T71/><D69/><U117/><E117/><V52/><F132/><T86/><REACH who="0" step="1"/><D72/><REACH who="0" step="2"/><U2/><E2/><V57/><REACH who="2" step="1"/><F101/><AGARI ba="2,3" hai="41,44,51,63,65,71,77,81,86,89,91,95,96,101" m="31520" machi="101" ten="30,12000,2" yaku="1,1,2,1,7,1,52,2,53,1" doraHai="39" doraHaiUra="42" who="0" fromWho="2" sc="555,154,139,0,326,-124,0,0" owari="709,66,139,-46,202,-20,0,0" /></mjloggm>