<mjloggm ver="2.3"><GO type="225"/><UN n0="%E9%9B%81%E7%BA%8F" n1="%E3%82%88%E3%81%A3%E3%81%A1" n2="%E3%81%BE%E3%81%AB%E3%82%83%E3%82%80%E3%82%93" n3="%E3%83%9B%E3%83%AA%E3%83%B1%E3%83%95%E3%83%9F%E3%82%AA" dan="16,16,16,16" rate="2068,2060,2005,2077" sx="M,M,M,M"/><TAIKYOKU oya="0"/><INIT seed="0,0,0,3,0,36" ten="250,250,250,250" oya="0" hai0="122,120,123,132,87,46,133,102,98,37,21,113,43" hai1="16,47,22,18,45,55,130,14,88,35,68,104,7" hai2="118,115,23,116,41,117,84,25,108,57,61,95,111" hai3="38,82,114,86,65,90,30,126,1,80,112,17,107" shuffle="mt19937ar,DD26B897,68EDF91F,5880394C,AEC23396,07D1D72D,D8CBBE1E,1678DA59,62E1928B"/><T103/><D113/><U76/><E104/><V10/><F115/><W110/><G107/><T28/><D87/><U50/><E68/><V5/><F95/><W125/><G1/><T40/><D40/><U51/><E35/><V109/><F84/><W6/><G6/><T99/><D28/><U56/><E76/><V72/><F72/><W85/><G30/><T4/><D4/><U78/><E78/><V134/><F134/><N who="0" m="51818" /><D21/><U77/><E77/><V89/><F89/><N who="3" m="51367" /><G65/><T58/><D58/><U93/><E130/><V119/><F116/><W49/><G38/><T2/><D2/><U27/><E7/><V12/><F41/><W48/><G17/><T131/><D131/><U34/><E34/><V63/><REACH who="2" step="1"/><F57/><REACH who="2" step="2"/><W32/><G114/><T79/><D79/><U94/><E94/><V81/><F81/><W69/><G82/><T31/><D31/><AGARI ba="0,1" hai="5,10,12,23,25,31,61,63,108,109,111,117,118,119" machi="31" ten="50,6400,0" yaku="1,1,14,1,12,1,53,0" doraHai="36" doraHaiUra="100" who="2" fromWho="0" sc="250,-64,250,0,240,74,250,0" /><INIT seed="1,0,0,1,4,104" ten="186,250,314,250" oya="1" hai0="2,100,128,74,111,35,66,124,116,107,132,40,41" hai1="73,57,88,78,24,46,29,17,106,113,56,38,125" hai2="83,80,45,51,21,44,19,49,135,37,130,85,3" hai3="1,79,32,94,91,129,0,114,39,5,30,122,117" shuffle="mt19937ar,CEA576B7,7CACFFC5,CF631186,614E6930,54C5C748,23138373,8B6B1140,D1672BE6"/><U127/><E106/><V31/><F3/><W20/><G39/><T133/><RYUUKYOKU type="yao9" ba="0,0" sc="186,0,250,0,314,0,250,0" hai0="2,35,40,41,66,74,100,107,111,116,124,128,132,133" /><INIT seed="1,1,0,4,0,98" ten="186,250,314,250" oya="1" hai0="44,126,132,124,121,103,50,122,74,102,72,80,78" hai1="104,106,116,62,127,26,108,28,3,84,120,110,65" hai2="101,52,119,68,25,87,83,7,29,8,130,6,14" hai3="79,71,113,39,75,0,105,112,41,133,1,100,69" shuffle="mt19937ar,0A4C081B,5638FB03,1E666BEC,13CDBE36,390DEEF7,16DE267F,80D5EADF,E4843900"/><U88/><E3/><V99/><F119/><W64/><G133/><T4/><D4/><U70/><E116/><V118/><F118/><W42/><G42/><N who="0" m="24855" /><D74/><U77/><E77/><N who="2" m="46575" /><F68/><N who="3" m="26187" /><G64/><T32/><D32/><U111/><E120/><N who="0" m="46185" /><D132/><U5/><E5/><N who="2" m="3343" /><F130/><W24/><G24/><T12/><D12/><U21/><REACH who="1" step="1"/><E127/><AGARI ba="1,0" hai="72,78,80,102,103,124,126,127" m="46185,24855" machi="127" ten="30,7700,0" yaku="18,1,13,1,52,2" doraHai="98" who="0" fromWho="1" sc="186,80,250,-80,314,0,250,0" /><INIT seed="2,0,0,1,2,82" ten="266,170,314,250" oya="2" hai0="18,99,56,4,72,85,115,14,31,108,93,1,86" hai1="2,80,101,133,10,116,98,109,87,50,6,121,63" hai2="110,59,44,20,90,117,131,122,17,96,57,71,91" hai3="64,112,100,3,127,97,92,24,55,5,7,129,119" shuffle="mt19937ar,2F773036,97EAB421,91462DA8,9CFBE675,42E2D14C,159EE873,C718192C,4BDCA591"/><V61/><F117/><W113/><G119/><T46/><D72/><U67/><E116/><V28/><F122/><W8/><G127/><T43/><D115/><N who="3" m="44105" /><G129/><T78/><D108/><U33/><E109/><V60/><F131/><W49/><G64/><T39/><D31/><U83/><E133/><V13/><F110/><W41/><G24/><T32/><D32/><U128/><E83/><V114/><F114/><W123/><G123/><T125/><D125/><U15/><E128/><V54/><F71/><W30/><G30/><T51/><D78/><U62/><E50/><V25/><F96/><W79/><G79/><T105/><D105/><U94/><E33/><V38/><F38/><W35/><G35/><T52/><D1/><U9/><E121/><V48/><F59/><N who="3" m="33263" /><G41/><T12/><D4/><AGARI ba="0,0" hai="3,4,5,7,8,92,97,100" m="33263,44105" machi="4" ten="30,1000,0" yaku="11,1" doraHai="82" who="3" fromWho="0" sc="266,-10,170,0,314,0,250,10" /><INIT seed="3,0,0,3,4,129" ten="256,170,314,260" oya="3" hai0="134,103,36,92,87,99,67,29,24,22,56,77,60" hai1="95,35,38,113,76,117,112,61,63,122,28,100,42" hai2="13,11,106,6,45,66,91,115,75,85,27,18,109" hai3="81,72,89,49,0,108,19,71,131,111,21,127,102" shuffle="mt19937ar,315F85F5,9ACCF17B,FB3F33E1,0D91512A,1BE6039B,CF4F4C85,340D969F,FD564AC7"/><W83/><G0/><T70/><D36/><U93/><E76/><V84/><F75/><W105/><G71/><T73/><D73/><U55/><E38/><V12/><F115/><W20/><G131/><T40/><D40/><U33/><E42/><V107/><F66/><W65/><G65/><T51/><D70/><U94/><E28/><V104/><F109/><N who="3" m="42059" /><G127/><T15/><D134/><U31/><E31/><V34/><F34/><W110/><G110/><T133/><D133/><U74/><E74/><V47/><F27/><N who="3" m="14751" /><G89/><T50/><D15/><U58/><E100/><V78/><F78/><W54/><G72/><T57/><D57/><U130/><E130/><V79/><F79/><W32/><G32/><T86/><D86/><U101/><E101/><V25/><F25/><W126/><G126/><T17/><D17/><U135/><E122/><V26/><F26/><W4/><G21/><T59/><D59/><U53/><E117/><V44/><REACH who="2" step="1"/><F91/><REACH who="2" step="2"/><W128/><G128/><T80/><AGARI ba="0,1" hai="22,24,29,50,51,56,60,67,77,80,87,92,99,103" machi="80" ten="30,7900,0" yaku="0,1,25,2,8,1" doraHai="129" who="0" fromWho="0" sc="256,89,170,-20,304,-20,260,-39" owari="345,35,150,-25,284,3,221,-13" /></mjloggm>