<mjloggm ver="2.3"><GO type="225"/><UN n0="%E3%83%80%E3%83%A0%E3%83%9E%E3%83%8B%E3%82%A2" n1="%E5%85%AD%E5%88%86%E5%84%80" n2="%6B%6F%67%65%70%61%6E" n3="%E3%83%9B%E3%83%A2%E3%83%8F%E3%83%A0" dan="16,18,16,16" rate="2148,2131,2071,2079" sx="M,F,M,M"/><TAIKYOKU oya="0"/><INIT seed="0,0,0,5,3,129" ten="250,250,250,250" oya="0" hai0="68,79,78,73,97,127,37,102,82,96,85,89,134" hai1="83,124,66,58,122,12,22,130,38,133,106,103,39" hai2="56,114,120,80,63,11,59,35,34,10,57,118,77" hai3="126,108,111,3,53,17,7,19,5,128,18,104,72" shuffle="mt19937ar,7997A5C1,A898538F,1E59D9FB,A99C349F,9F503956,DFC98CF5,7FBACBD7,259EC44B"/><T117/><D68/><U24/><E122/><V107/><F120/><W101/><G72/><T110/><D37/><U69/><E130/><V75/><F114/><W46/><G128/><T21/><D21/><U67/><E69/><V125/><F107/><W81/><G81/><N who="0" m="45263" /><D117/><U32/><E32/><V28/><F118/><W55/><G126/><T51/><D51/><U74/><E12/><V31/><F125/><W23/><G23/><T109/><D127/><U48/><E124/><V9/><REACH who="2" step="1"/><F63/><REACH who="2" step="2"/><W2/><G104/><N who="0" m="63559" /><D134/><U65/><E133/><V60/><F60/><W6/><G101/><T20/><D20/><U99/><E22/><V61/><F61/><W100/><G100/><T1/><D1/><N who="3" m="9" /><G46/><T95/><AGARI ba="0,1" hai="79,82,85,89,95,97,109,110" m="63559,45263" machi="95" ten="30,3000,0" yaku="34,2" doraHai="129" who="0" fromWho="0" sc="250,40,250,-10,240,-10,250,-10" /><INIT seed="0,1,0,3,5,78" ten="290,240,230,240" oya="0" hai0="31,119,16,131,111,65,76,96,127,69,87,73,58" hai1="62,75,123,27,117,99,105,36,118,26,70,56,12" hai2="24,114,82,10,39,42,54,13,61,71,94,120,124" hai3="55,113,25,48,68,110,104,86,67,35,19,21,66" shuffle="mt19937ar,7CB2A4FB,09F8F375,B9223F32,9C546CBF,8DE24773,47AD63D2,A092EA6B,9A8A9A53"/><T2/><D2/><U38/><E123/><V135/><F120/><W5/><G110/><T108/><D69/><U28/><E75/><V22/><F114/><W91/><G104/><T11/><D73/><U116/><E12/><V46/><F124/><W88/><G113/><T83/><D119/><U102/><E27/><V44/><F135/><W63/><G5/><T43/><D43/><U121/><E121/><V100/><F71/><W34/><G66/><T115/><D31/><U132/><E132/><V57/><F44/><W125/><G125/><T49/><D115/><U72/><E72/><V9/><F82/><W106/><G106/><T14/><D127/><U37/><E56/><V103/><F94/><W15/><G25/><T32/><D32/><N who="1" m="20503" /><E36/><V126/><F126/><W90/><REACH who="3" step="1"/><G86/><REACH who="3" step="2"/><T41/><D131/><U47/><E47/><AGARI ba="1,1" hai="15,19,21,34,35,47,48,55,63,67,68,88,90,91" machi="47" ten="40,5200,0" yaku="1,1,2,1,54,1,53,0" doraHai="78" doraHaiUra="1" who="3" fromWho="1" sc="290,0,240,-55,230,0,230,65" /><INIT seed="1,0,0,3,1,108" ten="290,185,230,295" oya="1" hai0="5,127,52,123,119,72,64,66,116,29,132,113,79" hai1="20,95,49,7,97,63,103,120,37,21,109,36,122" hai2="89,50,94,2,25,93,118,67,11,45,96,16,81" hai3="65,121,105,8,92,51,111,15,91,18,106,57,22" shuffle="mt19937ar,AD880FE0,5FACE79C,CEB42102,9761F0DD,7BF83DD4,A69A82D9,09F4A0CC,58C91F90"/><U31/><E109/><V23/><F118/><W38/><G38/><T99/><D79/><U58/><E7/><V75/><F67/><W13/><G111/><T115/><D72/><U55/><E37/><V12/><F2/><W70/><G70/><T39/><D99/><U6/><E36/><V124/><F124/><W32/><G32/><T60/><D29/><U130/><E130/><V69/><F69/><W134/><G134/><T74/><D5/><U28/><E6/><V110/><F110/><W90/><G121/><T59/><D74/><U42/><E122/><V71/><F71/><W46/><G91/><T114/><D123/><U128/><E128/><V0/><F0/><W10/><G22/><N who="1" m="8810" /><E120/><V1/><F1/><W26/><G26/><T40/><D127/><U117/><E117/><N who="0" m="45129" /><D132/><U86/><E86/><N who="2" m="50383" /><F75/><W3/><G3/><T27/><D27/><U100/><E100/><V30/><F96/><W76/><G76/><T9/><D9/><U19/><E19/><V83/><F83/><W24/><G24/><T44/><AGARI ba="0,0" hai="39,40,44,52,59,60,64,66,113,114,115" m="45129" machi="44" ten="40,12000,2" yaku="34,2,52,3,54,1" doraHai="108" who="0" fromWho="0" sc="290,120,185,-60,230,-30,295,-30" /><INIT seed="2,0,0,1,5,70" ten="410,125,200,265" oya="2" hai0="74,125,71,124,59,95,82,8,104,101,17,83,89" hai1="73,135,7,25,2,67,133,76,34,91,36,47,50" hai2="43,93,39,121,40,14,117,0,134,32,105,35,4" hai3="114,42,22,57,98,1,113,88,37,26,15,44,106" shuffle="mt19937ar,8C9E50CB,69398DC2,D1528EC7,0985A02E,DA6D1F89,E8BBA6F5,C5E699BE,C60363AC"/><V3/><F117/><W24/><G1/><T120/><D71/><U103/><E103/><V33/><F105/><W38/><G106/><T87/><D59/><U27/><E67/><V131/><F121/><W51/><G57/><T108/><D8/><N who="1" m="2167" /><E50/><V107/><F107/><W94/><G15/><T96/><D17/><U31/><E27/><V79/><F79/><W55/><G55/><T118/><D120/><U119/><E91/><V21/><F3/><W116/><G116/><T45/><D45/><U29/><E29/><V109/><F0/><W111/><G111/><T23/><D23/><U122/><E122/><V28/><F109/><W66/><G66/><T127/><D108/><U72/><E119/><V100/><F28/><N who="3" m="17431" /><G26/><T129/><D118/><U49/><E49/><V56/><F56/><W110/><G110/><T130/><D82/><N who="1" m="45319" /><E73/><V77/><F35/><W99/><G99/><T16/><D16/><U52/><E52/><V75/><F33/><W63/><G63/><T132/><D132/><U48/><E48/><V11/><F32/><W64/><G64/><T18/><D18/><U115/><E115/><AGARI ba="0,0" hai="37,38,42,44,51,88,94,98,113,114,115" m="17431" machi="115" ten="30,7700,0" yaku="11,1,52,2,54,1" doraHai="70" who="3" fromWho="1" sc="410,0,125,-77,200,0,265,77" /><INIT seed="3,0,0,4,3,61" ten="410,48,200,342" oya="3" hai0="3,103,31,24,15,37,29,77,112,117,124,46,107" hai1="55,23,52,42,105,116,62,84,64,16,35,91,2" hai2="69,19,88,60,78,54,40,104,36,100,41,47,38" hai3="22,94,33,34,87,48,26,135,10,65,73,50,102" shuffle="mt19937ar,0BE6F49C,A53036AE,68AAB5CE,EBF54F75,DCFBF9EC,93F88381,8F1394F8,93154BD0"/><W66/><G73/><T89/><D117/><U92/><E116/><V32/><F78/><W81/><G135/><T96/><D3/><U59/><E2/><V113/><F113/><W30/><G33/><T74/><D112/><U110/><E110/><V126/><F126/><W121/><G34/><T127/><D15/><U27/><E105/><V134/><F134/><W17/><G121/><T68/><D68/><U76/><E35/><V118/><F118/><W9/><G102/><T93/><D46/><U83/><E42/><V45/><F19/><W4/><G94/><T101/><D37/><U119/><E119/><V21/><F21/><W51/><G30/><T20/><D29/><U1/><E1/><V53/><F88/><N who="3" m="51311" /><G4/><T8/><D8/><AGARI ba="0,0" hai="8,9,10,17,22,26,48,50,51,65,66" m="51311" machi="8" ten="30,11600,0" yaku="8,1,52,2,54,1" doraHai="61" who="3" fromWho="0" sc="410,-116,48,0,200,0,342,116" owari="294,4,48,-35,200,-15,458,46" /></mjloggm>