<mjloggm ver="2.3"><GO type="185"/><UN n0="%EF%BC%BC%28%EF%BC%BE%6F%EF%BC%BE%29%EF%BC%8F%E2%98%85" n1="%E6%84%9F%E8%AC%9D%E3%81%A7%E3%81%99" n2="%E3%80%93%E3%81%84%E3%81%A1%E3%81%AF%E3%82%89%E3%80%93" n3="" dan="17,17,18,0" rate="2169,2201,2252,1500" sx="M,M,M,C"/><TAIKYOKU oya="0"/><INIT seed="0,0,0,2,0,63" ten="350,350,350,0" oya="0" hai0="35,2,130,74,86,112,124,97,80,104,107,100,96" hai1="56,83,133,44,113,48,122,103,59,84,62,109,121" hai2="92,50,108,116,57,79,111,119,89,34,49,32,90" hai3="" shuffle="mt19937ar,63FEF12A,2DB018DA,C80DBBDC,F7CE15B3,F6672DA0,72C2974B,CE7BD5EA,7F07E2D1"/><T78/><D35/><U115/><N who="1" m="31008" /><U93/><N who="1" m="31264" /><U125/><E109/><V76/><F92/><T51/><D2/><U36/><E36/><V88/><F90/><T39/><D39/><U98/><E133/><V81/><REACH who="2" step="1"/><F57/><REACH who="2" step="2"/><T55/><D107/><U85/><E125/><V37/><F37/><T3/><D104/><U38/><E38/><V106/><F106/><T91/><D91/><U64/><E56/><V46/><F46/><T71/><D124/><U66/><E66/><V127/><F127/><T45/><D45/><U75/><E75/><V68/><F68/><T60/><D71/><U94/><E94/><V1/><F1/><T105/><D105/><U82/><E82/><AGARI ba="0,1" hai="32,34,49,50,76,79,81,82,88,89,108,111,116,119" machi="82" ten="25,6400,0" yaku="1,1,22,2,54,1,53,0" doraHai="63" doraHaiUra="126" who="2" fromWho="1" sc="350,0,350,-64,340,74,0,0" /><INIT seed="1,0,0,3,5,126" ten="350,286,414,0" oya="1" hai0="64,67,81,35,66,78,45,50,85,103,59,83,2" hai1="120,99,133,70,98,94,69,40,52,79,34,131,132" hai2="127,107,86,65,112,95,72,63,117,33,84,115,38" hai3="" shuffle="mt19937ar,6B805BF0,3206D2A8,36427AAE,C078FE6E,A1ED44CD,7D1EA603,81D4465F,A5255C99"/><U47/><N who="1" m="30752" /><U96/><E34/><V48/><F38/><T125/><D35/><U91/><E79/><V116/><F33/><T42/><D2/><U75/><E75/><V68/><F107/><T41/><D125/><U62/><E131/><V106/><F106/><T74/><D103/><U100/><E70/><V32/><F32/><T43/><REACH who="0" step="1"/><D59/><REACH who="0" step="2"/><U60/><E69/><V3/><F127/><T101/><D101/><U37/><E132/><V123/><F3/><T89/><AGARI ba="0,1" hai="41,42,43,45,50,64,66,67,74,78,81,83,85,89" machi="89" ten="30,1500,0" yaku="1,1,0,1,53,0" doraHai="126" doraHaiUra="58" who="0" fromWho="0" sc="340,25,286,-10,414,-5,0,0" /><INIT seed="2,0,0,1,1,69" ten="365,276,409,0" oya="2" hai0="76,79,80,45,50,131,92,102,99,49,87,52,122" hai1="119,101,89,109,47,56,95,77,124,100,114,97,71" hai2="48,88,42,120,33,74,65,39,125,75,118,41,110" hai3="" shuffle="mt19937ar,FEC46640,FC2D8240,54062FFA,F9131D81,EEAEA73E,602FD47E,88F5B61B,9D1E96C4"/><V51/><N who="2" m="30752" /><V44/><F33/><T128/><N who="0" m="31264" /><T32/><D32/><U112/><E71/><V2/><F2/><T135/><D135/><U68/><E68/><V72/><F118/><T34/><D34/><U107/><E119/><V86/><F125/><T133/><D133/><U78/><E124/><V84/><F110/><T127/><D127/><U3/><E3/><V67/><F86/><T134/><D134/><U83/><E109/><V96/><F96/><T115/><D115/><U98/><E47/><V106/><F106/><T55/><REACH who="0" step="1"/><D79/><REACH who="0" step="2"/><U93/><E56/><AGARI ba="0,1" hai="45,49,50,52,55,56,76,80,87,92,99,102,128,131" m="31264" machi="56" ten="40,8000,1" yaku="1,1,2,1,52,1,54,1,53,1" doraHai="69" doraHaiUra="90" who="0" fromWho="1" sc="355,90,276,-80,409,0,0,0" /><INIT seed="4,0,0,1,5,118" ten="445,196,409,0" oya="0" hai0="96,54,49,38,60,0,126,78,125,91,100,104,77" hai1="89,32,37,135,56,132,83,92,87,117,52,93,129" hai2="76,70,131,35,108,106,107,85,1,40,59,111,105" hai3="" shuffle="mt19937ar,99D0E783,C064C77D,F85F4323,D45D9401,0C291071,38CD8FA1,469CEFDC,00193C45"/><T97/><D0/><U80/><E32/><V128/><F70/><T2/><D2/><U51/><E37/><V50/><F35/><T44/><D38/><U82/><E117/><V109/><F1/><T74/><D60/><U116/><E116/><V53/><F40/><T81/><D78/><U115/><E129/><N who="2" m="49739" /><F85/><T58/><D44/><U123/><N who="1" m="31520" /><U72/><E72/><V124/><F76/><T62/><D62/><U41/><E41/><V101/><F124/><N who="0" m="47722" /><D97/><AGARI ba="0,0" hai="50,53,59,97,101,105,106,107,108,109,111" m="49739" machi="97" ten="40,1300,0" yaku="19,1" doraHai="118" who="2" fromWho="0" sc="445,-13,196,0,409,13,0,0" /><INIT seed="5,0,0,3,4,118" ten="432,196,422,0" oya="1" hai0="97,53,112,65,71,49,107,74,123,79,59,55,69" hai1="72,58,36,68,52,95,84,54,102,48,120,44,76" hai2="98,125,33,35,88,108,85,62,83,37,128,50,61" hai3="" shuffle="mt19937ar,AD315599,0511FDD1,C8AAFCE9,A1E3C1A1,68039180,D2C2268B,A11F41A1,BA706BE0"/><U129/><N who="1" m="30752" /><U122/><N who="1" m="31264" /><U73/><E129/><V105/><F37/><T80/><N who="0" m="31520" /><T40/><D112/><U70/><E72/><V114/><F108/><T131/><D131/><U93/><E73/><V51/><F128/><T113/><D113/><U94/><E102/><V82/><F114/><T45/><D65/><U1/><E1/><V100/><F125/><T124/><D124/><U135/><E135/><V0/><F0/><T119/><D119/><U64/><E64/><V89/><F85/><T91/><D55/><U77/><E77/><V66/><F98/><T133/><D133/><U78/><E78/><V96/><F96/><T111/><D111/><U99/><E99/><V86/><F86/><T106/><D106/><U121/><N who="1" m="31008" /><U126/><E126/><V132/><F66/><T43/><D43/><U110/><E110/><V75/><F75/><T3/><D3/><U117/><E117/><V130/><F130/><T46/><D46/><U92/><N who="1" m="23552" /><DORA hai="115" /><U127/><E127/><V60/><F105/><T67/><D67/><U103/><E103/><V104/><F100/><T2/><D2/><U32/><E32/><N who="2" m="12363" /><F104/><T57/><D107/><U87/><E36/><V90/><F132/><T38/><D38/><RYUUKYOKU ba="0,0" sc="432,-10,196,-10,422,20,0,0" hai2="50,51,60,61,62,82,83,88,89,90" /><INIT seed="6,1,0,4,0,89" ten="422,186,442,0" oya="2" hai0="52,65,134,100,57,97,39,93,108,128,83,38,130" hai1="50,67,87,0,61,47,105,111,114,43,131,116,91" hai2="135,62,60,55,120,68,78,80,46,3,48,56,113" hai3="" shuffle="mt19937ar,BC3B8B54,D1432A7E,0D03BE50,D3CAD21D,D37211F1,DB78C9B7,8679F1F1,0CB8879C"/><V76/><N who="2" m="30752" /><V117/><F3/><T82/><D65/><U96/><E0/><V33/><F33/><T94/><D134/><U54/><E111/><V64/><F135/><T106/><D108/><U45/><E105/><V88/><F117/><T92/><D39/><U121/><N who="1" m="31008" /><U49/><E96/><V81/><F113/><T98/><D38/><U90/><E116/><V118/><F118/><T66/><D66/><U84/><E114/><V79/><REACH who="2" step="1"/><F88/><REACH who="2" step="2"/><T109/><D109/><U36/><E131/><N who="0" m="50217" /><D98/><U125/><E125/><V53/><AGARI ba="1,1" hai="46,48,53,55,56,60,62,64,68,76,78,79,80,81" m="30752" machi="53" ten="30,4000,0" yaku="1,1,0,1,52,1,53,0" doraHai="89" doraHaiUra="127" who="2" fromWho="2" sc="422,-21,186,-21,432,52,0,0" owari="401,0,165,-43,484,43,0,0" /></mjloggm>