<mjloggm ver="2.3"><GO type="225"/><UN n0="%E5%B1%B1%E5%B9%B8%E5%95%86%E5%BA%97" n1="%E3%81%B5%E3%82%8B%E3%81%AD%E3%81%93%40%E4%BD%95%E5%88%87%E3%82%8B" n2="%EF%BC%88%EF%BC%8A%EF%BC%9E%EF%BC%9C%EF%BC%89" n3="%E3%83%9A%E3%83%AD%E3%81%A1%E3%82%83%E3%82%93" dan="17,16,17,16" rate="2142,2065,2193,2077" sx="M,M,F,M"/><TAIKYOKU oya="0"/><INIT seed="0,0,0,4,3,6" ten="250,250,250,250" oya="0" hai0="56,25,108,52,118,9,58,2,104,38,35,123,78" hai1="65,126,87,91,63,19,81,61,113,79,135,96,80" hai2="55,57,107,11,120,49,48,119,1,85,3,69,116" hai3="99,30,110,84,82,18,46,0,117,7,16,53,94" shuffle="mt19937ar,D8B13201,C65C36F2,71BB3A6E,FA01488E,F98D6437,62516D3C,6DBEA305,7E060289"/><T103/><D118/><N who="2" m="45098" /><F107/><W128/><G117/><T37/><D123/><U133/><E126/><V26/><F120/><W17/><G128/><T45/><D78/><U47/><E113/><V98/><F98/><W43/><G110/><T93/><D104/><U14/><E47/><V97/><F97/><W73/><G73/><T129/><D129/><U132/><E65/><V50/><F69/><W72/><G72/><T125/><D125/><U101/><E101/><V10/><F26/><W60/><G30/><T114/><D114/><U62/><E96/><V44/><F85/><W29/><G29/><T71/><D71/><U106/><E106/><V41/><F48/><N who="3" m="26719" /><G7/><T12/><D2/><AGARI ba="0,0" hai="1,2,3,10,11,41,44,49,50,55,57" m="45098" machi="2" ten="30,3900,0" yaku="12,1,52,2" doraHai="6" who="2" fromWho="0" sc="250,-39,250,0,250,39,250,0" /><INIT seed="1,0,0,1,5,69" ten="211,250,289,250" oya="1" hai0="13,117,121,47,86,127,87,24,4,38,119,0,126" hai1="90,103,97,93,31,37,2,45,61,11,7,29,80" hai2="91,17,75,102,71,49,5,133,100,85,122,18,67" hai3="43,33,3,81,28,64,114,30,25,83,78,89,51" shuffle="mt19937ar,B97161FF,31CBFBD3,8999AF5B,869CB4B8,6A08B4E0,073BEC48,7F36EB16,83E3BE7A"/><U42/><E61/><V76/><F5/><W1/><G114/><T131/><D13/><U10/><E10/><V46/><F122/><W84/><G64/><T19/><D121/><U15/><E15/><V35/><F35/><W105/><G105/><T50/><D19/><U23/><E23/><V32/><F32/><W62/><G62/><T26/><D4/><U79/><REACH who="1" step="1"/><E103/><REACH who="1" step="2"/><V6/><F6/><W96/><G33/><T54/><D0/><U128/><E128/><V41/><F100/><W60/><G60/><T115/><D131/><U16/><E16/><V92/><F102/><W8/><G8/><T112/><D50/><U57/><E57/><V135/><F71/><W107/><G1/><T39/><D54/><U73/><AGARI ba="0,1" hai="2,7,11,29,31,37,42,45,73,79,80,90,93,97" machi="73" ten="20,18000,2" yaku="1,1,0,1,7,1,25,2,52,1,53,1" doraHai="69" doraHaiUra="77" who="1" fromWho="1" sc="211,-60,240,190,289,-60,250,-60" /><INIT seed="1,1,0,4,1,27" ten="151,430,229,190" oya="1" hai0="26,124,128,82,95,105,104,64,22,106,94,96,60" hai1="75,7,47,103,14,97,70,48,114,113,52,121,125" hai2="45,18,37,34,109,115,10,9,127,76,4,88,119" hai3="0,49,92,19,55,41,133,57,77,2,132,61,74" shuffle="mt19937ar,A7CA112E,25D6143C,97CFA8D4,4AF57412,029C962A,FC834D42,7C0EA0E5,A3A129D8"/><U100/><E121/><V21/><F119/><W38/><G19/><T23/><D128/><U36/><E75/><V122/><F122/><W6/><G92/><T83/><D124/><U59/><E70/><V31/><F76/><W12/><G12/><T131/><D131/><U65/><E125/><V32/><F127/><W101/><G101/><T42/><D42/><U40/><E100/><V73/><F73/><W51/><G61/><T25/><D60/><U85/><E65/><V123/><F123/><W130/><G49/><T98/><D104/><U126/><E126/><V112/><F109/><W63/><G63/><T69/><D64/><U33/><E33/><V134/><F134/><W117/><G117/><T90/><D90/><U62/><E62/><V24/><F45/><N who="3" m="23735" /><G130/><T68/><AGARI ba="1,0" hai="22,23,25,26,68,69,82,83,94,95,96,98,105,106" machi="68" ten="25,3200,0" yaku="0,1,22,2" doraHai="27" who="0" fromWho="0" sc="151,35,430,-17,229,-9,190,-9" /><INIT seed="2,0,0,4,1,84" ten="186,413,220,181" oya="2" hai0="9,119,88,63,95,48,39,107,132,101,33,28,57" hai1="79,76,64,91,89,129,5,74,35,46,24,45,60" hai2="128,93,25,65,105,102,85,111,55,56,59,27,110" hai3="20,54,0,118,17,22,66,12,115,114,127,7,18" shuffle="mt19937ar,C2E476DD,27CB5719,8F3FE21F,3991E083,2213C86B,A31E06D7,903FCF2F,F1DBAB78"/><V94/><F128/><W11/><G66/><T13/><D39/><U116/><E116/><V77/><F105/><W70/><G70/><T61/><D119/><U121/><E5/><V16/><F65/><W53/><G118/><T120/><D120/><U106/><E106/><V6/><F6/><W71/><G71/><T86/><D33/><U96/><E96/><V126/><F126/><W69/><G69/><T90/><D28/><U37/><E121/><V103/><F77/><W58/><G127/><T52/><D107/><U82/><E76/><V92/><F85/><W31/><G31/><T68/><D68/><U78/><E78/><V36/><F36/><W3/><G3/><T15/><D101/><N who="2" m="38410" /><F55/><W50/><REACH who="3" step="1"/><G54/><REACH who="3" step="2"/><T125/><D125/><U23/><E64/><V29/><F29/><W130/><G130/><T117/><D117/><U62/><E129/><V108/><F16/><W34/><G34/><T41/><D41/><U100/><E35/><V30/><F30/><W43/><G43/><T72/><D72/><U40/><E40/><V4/><F4/><W67/><G67/><T109/><D52/><U123/><E74/><V2/><F2/><W8/><G8/><T83/><D9/><U1/><E1/><V47/><F47/><W19/><G19/><T42/><D42/><U135/><E46/><V51/><F51/><W133/><G133/><T99/><D132/><U80/><E45/><V113/><F113/><W75/><G75/><T81/><D48/><U26/><E135/><V98/><F59/><W112/><G112/><T122/><D57/><U104/><E123/><RYUUKYOKU ba="0,1" sc="186,-10,413,-10,220,-10,171,30" hai3="0,7,11,12,17,18,20,22,50,53,58,114,115" /><INIT seed="3,1,1,0,4,54" ten="176,403,210,201" oya="3" hai0="76,15,8,94,12,65,20,21,46,43,77,40,82" hai1="57,103,135,79,84,107,41,99,55,7,63,104,26" hai2="105,69,60,71,50,52,68,49,126,118,70,0,2" hai3="89,36,39,18,83,31,17,4,129,78,115,90,92" shuffle="mt19937ar,BB0EE84C,73FD4009,359F2F05,058CA4A9,56A3A457,C34C521D,3EBE1283,1000E336"/><W101/><G115/><T73/><D65/><U93/><E135/><V24/><F105/><W19/><G129/><T131/><D131/><U3/><E41/><V48/><F118/><W32/><G4/><T130/><D130/><U62/><E3/><V120/><F120/><W114/><G114/><T56/><D94/><U98/><E7/><V14/><F14/><W96/><G32/><T111/><D111/><U74/><E74/><V30/><F126/><W102/><G31/><T23/><D76/><U119/><E119/><V51/><F60/><W81/><G90/><T75/><D75/><U122/><E63/><V45/><REACH who="2" step="1"/><F71/><REACH who="2" step="2"/><W67/><G67/><T53/><D15/><U28/><E62/><V66/><F66/><W6/><G6/><T113/><D113/><U100/><E104/><V35/><AGARI ba="1,2" hai="0,2,24,30,35,45,48,49,50,51,52,68,69,70" machi="35" ten="40,8000,1" yaku="1,1,0,1,54,1,53,1" doraHai="54" doraHaiUra="27" who="2" fromWho="2" sc="176,-21,403,-21,200,103,201,-41" owari="155,-24,382,38,303,5,160,-19" /></mjloggm>