<mjloggm ver="2.3"><GO type="185"/><UN n0="%E4%BF%8A%E3%81%93%E3%82%8D" n1="%EF%BC%BC%28%EF%BC%BE%6F%EF%BC%BE%29%EF%BC%8F%E2%98%85" n2="%E3%81%B5%E3%81%8F%EF%BC%A3%EF%BD%88%EF%BD%81%EF%BD%8E%E2%99%AA" n3="" dan="16,17,16,0" rate="2086,2163,2183,1500" sx="M,M,F,C"/><TAIKYOKU oya="0"/><INIT seed="0,0,0,1,1,116" ten="350,350,350,0" oya="0" hai0="105,61,85,121,40,71,110,50,124,72,135,76,79" hai1="108,95,131,130,3,114,99,92,100,54,33,88,65" hai2="93,68,55,56,133,101,111,47,128,118,45,98,77" hai3="" shuffle="mt19937ar,A9C3A202,C73FC9D3,D3A2E7D7,04F6B6FA,56F837EB,318AC896,75638A2D,DFC995E5"/><T0/><N who="0" m="31008" /><T82/><D0/><U44/><E33/><V35/><F118/><T67/><D135/><U48/><E3/><V84/><F35/><T78/><D124/><U112/><E65/><V66/><F133/><T134/><D134/><U74/><E74/><V132/><F132/><T70/><D110/><U53/><E108/><V34/><F34/><T39/><D105/><U97/><REACH who="1" step="1"/><E53/><REACH who="1" step="2"/><V60/><F111/><T2/><D2/><U63/><E63/><V94/><F128/><AGARI ba="0,1" hai="44,48,54,88,92,95,97,99,100,112,114,128,130,131" machi="128" ten="40,5200,0" yaku="1,1,19,1,54,1,53,0" doraHai="116" doraHaiUra="129" who="1" fromWho="2" sc="350,0,340,62,350,-52,0,0" /><INIT seed="1,0,0,4,1,80" ten="350,402,298,0" oya="1" hai0="36,55,111,52,70,72,116,33,123,119,75,79,42" hai1="39,41,122,97,91,95,109,2,65,59,54,129,49" hai2="96,0,46,92,133,37,3,124,51,85,81,135,130" hai3="" shuffle="mt19937ar,A07D405C,220A8C67,2677E4D5,C055B386,032F8063,DDD1ED44,5489FA03,F34DA58D"/><U98/><N who="1" m="31264" /><U68/><E2/><V89/><F37/><T62/><N who="0" m="31520" /><T115/><D33/><U106/><E129/><V114/><F130/><T110/><D115/><U134/><E134/><V93/><F114/><T132/><D132/><N who="2" m="50762" /><F124/><T32/><D32/><U74/><E74/><V71/><F71/><T43/><D79/><U127/><E127/><V101/><F81/><T45/><D72/><U64/><E109/><N who="0" m="41481" /><D75/><U38/><E68/><V82/><F82/><T86/><D86/><U84/><E98/><V113/><F113/><T66/><D43/><AGARI ba="0,0" hai="0,3,43,46,51,85,89,92,93,96,101" m="50762" machi="43" ten="30,2000,0" yaku="20,1,52,1" doraHai="80" who="2" fromWho="0" sc="350,-20,402,0,298,20,0,0" /><INIT seed="2,0,0,3,3,68" ten="330,402,318,0" oya="2" hai0="83,64,67,41,95,78,57,115,104,91,37,69,44" hai1="73,90,135,119,56,54,127,106,113,131,89,133,62" hai2="134,72,97,92,102,85,52,55,63,81,0,99,98" hai3="" shuffle="mt19937ar,75591BFC,C8168739,8E46A36A,85307EA0,1906461C,B66A66D2,9D10AC9B,6315F185"/><V111/><F0/><T108/><D115/><U65/><E73/><V124/><F134/><T53/><D104/><U45/><E106/><V75/><F124/><T32/><D32/><U59/><E113/><V48/><F111/><T36/><D69/><U116/><E127/><V87/><F85/><T77/><D108/><U100/><E100/><V103/><F63/><T132/><D132/><N who="1" m="50763" /><E131/><V60/><F99/><T94/><D36/><U82/><E45/><V129/><F60/><T74/><D77/><U50/><E82/><V130/><F55/><T107/><D107/><U46/><E46/><V42/><F42/><T49/><REACH who="0" step="1"/><D95/><REACH who="0" step="2"/><U71/><E71/><V120/><N who="2" m="30752" /><V126/><F126/><T110/><D110/><U84/><E119/><V1/><F1/><T128/><D128/><N who="2" m="49258" /><F52/><T47/><D47/><U61/><E116/><V112/><F112/><T34/><D34/><U114/><E114/><V66/><F66/><T80/><D80/><U51/><E65/><V43/><F43/><T118/><D118/><U105/><E54/><V117/><F117/><T33/><D33/><U125/><E125/><V58/><F58/><T88/><D88/><U76/><E59/><V79/><F48/><T121/><N who="0" m="31008" /><T40/><D40/><RYUUKYOKU ba="0,1" sc="320,10,402,-20,318,10,0,0" hai0="37,41,44,49,53,57,64,67,74,78,83,91,94" hai2="72,75,79,81,87,92,97,98,102,103" /><INIT seed="2,1,1,2,2,65" ten="330,382,328,0" oya="2" hai0="123,32,35,49,125,38,100,63,106,79,105,67,96" hai1="34,41,104,91,118,76,80,111,99,103,69,107,129" hai2="134,3,71,126,39,82,46,66,98,101,128,135,114" hai3="" shuffle="mt19937ar,178167C4,CD44AACD,55BF5D0C,28219B54,B3A93E36,EACB6CC7,692D7EAC,F0289209"/><V62/><F3/><T33/><N who="0" m="31520" /><T97/><D38/><U0/><E34/><V45/><F114/><T83/><D125/><U52/><E0/><V43/><F126/><T2/><D2/><U81/><E118/><V109/><F82/><T132/><D132/><U120/><N who="1" m="30752" /><U59/><E129/><V55/><F128/><T102/><D49/><U57/><E41/><V36/><F109/><T51/><D51/><U93/><E111/><V85/><F85/><T47/><D47/><U54/><E69/><V88/><F88/><T94/><D94/><U64/><E64/><V122/><N who="2" m="31264" /><V70/><F70/><T77/><REACH who="0" step="1"/><D83/><REACH who="0" step="2"/><U78/><E93/><V113/><F113/><T58/><AGARI ba="1,2" hai="32,33,35,58,63,67,77,79,96,97,100,102,105,106" m="31520" machi="58" ten="30,6000,1" yaku="1,1,2,1,0,1,9,1,52,1,53,0" doraHai="65" doraHaiUra="112" who="0" fromWho="0" sc="320,82,382,-21,328,-41,0,0" /><INIT seed="4,0,0,2,0,80" ten="402,361,287,0" oya="0" hai0="58,88,45,119,39,70,56,87,95,101,103,83,107" hai1="71,77,127,0,33,73,102,105,92,106,98,81,100" hai2="89,43,62,115,44,68,2,116,40,111,46,112,96" hai3="" shuffle="mt19937ar,A332DB4F,8B5A13B7,E32798E9,156408FE,022A92FE,F62C3F1F,78FF53FE,5D67C397"/><T126/><D119/><U82/><E33/><V65/><F2/><T120/><N who="0" m="30752" /><T41/><D70/><U66/><E0/><V35/><F35/><T132/><D132/><U51/><E71/><V131/><F116/><T76/><D126/><U122/><N who="1" m="31264" /><U108/><E66/><V37/><F111/><T54/><D107/><U38/><E38/><V124/><F96/><T64/><D64/><U123/><N who="1" m="31520" /><U67/><E67/><V32/><F89/><T130/><D130/><U48/><E108/><V78/><F78/><T109/><D109/><U47/><E51/><V63/><F32/><T36/><D36/><U57/><E57/><V134/><F134/><T113/><D113/><U84/><E102/><V52/><F124/><T55/><D58/><U117/><E127/><V69/><F131/><T118/><D118/><U86/><E117/><V93/><F93/><T121/><N who="0" m="31008" /><T135/><D135/><U3/><E3/><V74/><F69/><T53/><REACH who="0" step="1"/><D56/><REACH who="0" step="2"/><U114/><E114/><V90/><F115/><T133/><D133/><U91/><REACH who="1" step="1"/><E73/><AGARI ba="0,1" hai="39,41,45,53,54,55,73,76,83,87,88,95,101,103" m="31008,30752" machi="73" ten="40,18000,2" yaku="1,1,52,3,54,1,53,1" doraHai="80" doraHaiUra="72" who="0" fromWho="1" sc="392,190,361,-180,287,0,0,0" /><INIT seed="4,1,0,4,3,121" ten="582,181,287,0" oya="0" hai0="76,36,103,104,0,94,3,118,106,129,91,84,66" hai1="57,61,32,105,88,124,41,87,127,128,63,100,116" hai2="2,109,45,58,35,134,95,117,48,42,85,96,107" hai3="" shuffle="mt19937ar,143CF005,48762905,5CEEA0F7,5E65BB03,0731C220,74D84FCD,66A005B0,7B5FF4BF"/><T115/><D118/><U110/><E116/><V86/><F117/><T135/><D36/><U132/><E32/><V71/><F71/><T1/><D115/><U49/><E132/><V90/><F2/><T50/><D135/><U54/><E128/><V126/><F126/><T33/><D33/><U73/><E73/><V125/><F125/><N who="1" m="48201" /><E41/><V69/><F69/><T98/><D129/><U74/><E74/><V80/><F134/><T60/><D50/><U122/><N who="1" m="31264" /><U62/><E110/><V46/><F107/><T43/><D43/><U78/><E78/><V75/><F58/><T81/><REACH who="0" step="1"/><D76/><REACH who="0" step="2"/><U52/><E105/><V113/><F35/><T56/><AGARI ba="1,1" hai="0,1,3,56,60,66,81,84,91,94,98,103,104,106" machi="56" ten="30,7800,0" yaku="1,1,2,1,0,1,53,1" doraHai="121" doraHaiUra="55" who="0" fromWho="0" sc="572,90,181,-40,287,-40,0,0" /><INIT seed="4,2,0,2,1,76" ten="662,141,247,0" oya="0" hai0="94,43,130,81,0,33,47,51,135,82,104,131,88" hai1="66,86,107,34,115,83,103,36,52,67,84,132,85" hai2="102,69,97,71,105,80,119,58,90,113,63,98,116" hai3="" shuffle="mt19937ar,410C242D,391C35B5,025EBFEF,AC58648F,9B196D1E,7558DB39,59176CBD,A8590698"/><T60/><D0/><U41/><E34/><V99/><F71/><T120/><N who="0" m="30752" /><T54/><D33/><U73/><E132/><V40/><F69/><T101/><D135/><U64/><E115/><V89/><F40/><T114/><D114/><U111/><E111/><V91/><F58/><T122/><N who="0" m="31264" /><T108/><D108/><U106/><E103/><V128/><F63/><T37/><D60/><U2/><E2/><V42/><F42/><T50/><D101/><U79/><E41/><V117/><F113/><T95/><D104/><U35/><E35/><V38/><F38/><T55/><D37/><U87/><E36/><V57/><F57/><T78/><D78/><U125/><E125/><V129/><F80/><T75/><D43/><U109/><E109/><V59/><F59/><T92/><D47/><U46/><N who="1" m="21504" /><DORA hai="56" /><U49/><AGARI ba="2,0" hai="46,49,52,64,66,67,73,79,83,106,107" m="21504" machi="49" ten="50,6000,1" yaku="4,1,0,1,52,1,54,1" doraHai="76,56" who="1" fromWho="1" sc="662,-42,141,64,247,-22,0,0" /><INIT seed="5,0,0,4,2,87" ten="620,205,225,0" oya="1" hai0="46,101,104,40,38,111,94,86,57,91,97,135,129" hai1="36,95,112,34,75,58,121,59,85,120,56,90,107" hai2="44,3,98,37,130,49,125,92,55,118,53,119,77" hai3="" shuffle="mt19937ar,75294873,C99E33E2,F7A6D561,19450792,EF20508B,634B76EE,254C46AB,85DC2D51"/><U50/><N who="1" m="30752" /><U78/><N who="1" m="31008" /><U51/><E34/><V89/><F3/><T79/><D111/><U84/><E36/><V67/><F125/><T123/><N who="0" m="31520" /><T61/><D135/><U43/><E107/><V88/><F77/><T106/><D79/><U133/><E133/><V105/><F105/><T115/><D115/><U126/><E112/><V70/><F53/><T131/><REACH who="0" step="1"/><D106/><REACH who="0" step="2"/><U68/><E126/><V52/><F130/><T74/><D74/><U103/><E75/><V113/><F113/><T64/><AGARI ba="0,1" hai="38,40,46,57,61,64,86,91,94,97,101,104,129,131" m="31520" machi="64" ten="30,6000,1" yaku="1,1,0,1,52,2,53,1" doraHai="87" doraHaiUra="81" who="0" fromWho="0" sc="610,70,205,-40,225,-20,0,0" /><INIT seed="6,0,0,4,2,45" ten="680,165,205,0" oya="2" hai0="120,63,57,118,84,44,88,80,97,2,76,51,92" hai1="119,109,67,0,65,91,133,56,54,131,58,124,93" hai2="40,111,128,33,50,98,102,107,38,110,59,90,113" hai3="" shuffle="mt19937ar,7F8AC869,4F82D680,62C507FF,34114191,ECAB6F41,D62DDBD5,C7CBA568,B6BDD7F1"/><V60/><F33/><T71/><N who="0" m="30752" /><T104/><D118/><U106/><E109/><V43/><F128/><T75/><D2/><U103/><E0/><V87/><F38/><T117/><D117/><U85/><E119/><V1/><F1/><T127/><D127/><U61/><E124/><V41/><F113/><T52/><D71/><U34/><E34/><V116/><F116/><T47/><D63/><U94/><E131/><V82/><REACH who="2" step="1"/><F50/><REACH who="2" step="2"/><T46/><D46/><U115/><E115/><V123/><N who="2" m="31520" /><V79/><F79/><T72/><D75/><U105/><E133/><V121/><N who="2" m="31008" /><V64/><AGARI ba="0,1" hai="40,41,43,59,60,64,82,87,90,98,102,107,110,111" m="31008,31520" machi="64" ten="30,12000,2" yaku="1,1,4,1,0,1,52,2,53,1" doraHai="45" doraHaiUra="95" who="2" fromWho="2" sc="680,-60,165,-60,195,130,0,0" /><INIT seed="6,1,0,1,4,72" ten="620,105,325,0" oya="2" hai0="0,32,116,50,77,73,34,107,105,89,56,131,42" hai1="43,46,48,51,1,66,97,87,121,58,79,94,112" hai2="133,39,36,132,68,106,125,101,120,118,115,117,124" hai3="" shuffle="mt19937ar,5B1BA551,6F7F3C89,377791EA,1AEB2753,0899AF66,7E44B72F,0BD47487,E838F733"/><V45/><F106/><T76/><D0/><U65/><N who="1" m="31008" /><U104/><E1/><V109/><F101/><T80/><D116/><U40/><E112/><V91/><N who="2" m="30752" /><V88/><F68/><T3/><D3/><U62/><E104/><V52/><F109/><T41/><D131/><U74/><E74/><V102/><F102/><T55/><D77/><U63/><E87/><V108/><F108/><T96/><D107/><U83/><E94/><V59/><F45/><T44/><D42/><U70/><E97/><V47/><F47/><T69/><D69/><U129/><E129/><V86/><F86/><T85/><D96/><U35/><E35/><V114/><REACH who="2" step="1"/><F59/><REACH who="2" step="2"/><T126/><D105/><U37/><E83/><V61/><F61/><T90/><D56/><U49/><E79/><V38/><F38/><T103/><D103/><U110/><E110/><V92/><F92/><T84/><D85/><U75/><E75/><V60/><F60/><T64/><D84/><U78/><E78/><V57/><F57/><T33/><D76/><U128/><E128/><V135/><F135/><T98/><D32/><U2/><E2/><V122/><N who="2" m="31264" /><V95/><F95/><T82/><D33/><U53/><E40/><V67/><F67/><AGARI ba="1,1" hai="37,43,46,48,49,51,53,58,62,63,65,66,67,70" m="31008" machi="67" ten="40,16000,3" yaku="6,1,35,6,52,1" doraHai="72" who="1" fromWho="2" sc="620,0,105,172,315,-162,0,0" owari="620,57,277,-12,153,-45,0,0" /></mjloggm>