<mjloggm ver="2.3"><GO type="225"/><UN n0="%41%42%49%4C%49%54%59" n1="%E3%83%9B%E3%83%AA%E3%83%B1%E3%83%95%E3%83%9F%E3%82%AA" n2="%E3%81%B6%E3%81%A3%E3%81%A8%E3%81%B3%E4%BE%8D" n3="%E9%95%B7%E5%B2%A1%E5%A4%A7%E6%98%8E%E7%A5%9E" dan="17,16,16,16" rate="2135,2066,2080,2012" sx="M,M,M,F"/><TAIKYOKU oya="0"/><INIT seed="0,0,0,1,4,32" ten="250,250,250,250" oya="0" hai0="81,53,118,73,94,10,57,71,80,78,77,106,86" hai1="60,90,91,35,99,103,113,28,68,67,72,49,120" hai2="9,128,29,22,12,69,126,92,107,5,111,129,114" hai3="42,8,133,109,4,63,52,74,25,75,43,85,62" shuffle="mt19937ar,D6B73EEB,6CAC3D9E,ADD328ED,B8FE4468,37E4C931,75EDA706,0C3BAFDC,811248A0"/><T125/><D118/><U105/><E72/><V11/><F107/><W82/><G133/><T45/><D106/><U38/><E38/><V6/><F92/><W70/><G109/><T33/><D71/><U58/><E120/><V76/><F76/><W101/><G101/><T15/><D33/><U66/><E113/><V59/><F59/><W31/><G70/><T61/><D125/><U119/><E119/><V124/><F69/><W110/><G110/><T95/><REACH who="0" step="1"/><D45/><REACH who="0" step="2"/><U2/><E105/><V93/><F111/><W46/><G46/><T87/><D87/><U40/><E35/><V47/><F47/><W16/><G75/><T127/><D127/><U19/><E68/><V135/><F114/><W134/><G74/><T130/><D130/><N who="2" m="50282" /><F135/><W37/><G134/><T20/><D20/><U17/><E99/><V41/><F126/><W108/><G85/><T48/><D48/><U56/><E49/><V115/><F115/><W116/><G116/><T50/><D50/><U123/><E123/><V100/><F22/><W51/><G108/><T121/><D121/><U7/><E58/><V84/><F84/><W102/><G51/><T27/><D27/><U44/><E56/><V96/><F124/><W79/><G63/><T83/><D83/><U117/><E44/><V89/><F41/><W64/><G43/><T55/><D55/><U36/><E40/><V88/><F29/><W112/><G31/><T39/><D39/><U132/><E36/><V26/><F26/><W65/><G42/><T54/><D54/><U3/><E28/><V98/><F98/><W131/><G37/><RYUUKYOKU ba="0,1" sc="240,15,250,-15,250,15,250,-15" hai0="10,15,53,57,61,73,77,78,80,81,86,94,95" hai2="5,6,9,11,12,88,89,93,96,100" /><INIT seed="0,1,1,3,0,101" ten="255,235,265,235" oya="0" hai0="83,1,24,127,56,129,13,103,117,43,65,41,0" hai1="27,35,16,82,57,23,25,108,102,118,38,121,42" hai2="62,79,40,135,104,4,100,120,133,61,116,48,113" hai3="45,73,66,18,47,10,91,90,15,93,115,14,105" shuffle="mt19937ar,4919E3D3,1DA72E59,CAF2FBFC,BC78A29A,AE9D7D95,43DEA1FA,83F9E4F4,C76F8371"/><T106/><D117/><U55/><E121/><V44/><F120/><W86/><G73/><T134/><D83/><U107/><E118/><V88/><F79/><W59/><G115/><T22/><D13/><U85/><E108/><V64/><F113/><W94/><G105/><T36/><D36/><U26/><E35/><V17/><F4/><W97/><G66/><T110/><D65/><U21/><E42/><V78/><F78/><W68/><G68/><T54/><D134/><U111/><E38/><V30/><F30/><W5/><REACH who="3" step="1"/><G59/><REACH who="3" step="2"/><T126/><D56/><U39/><E57/><V124/><F64/><W12/><G12/><T74/><D74/><U89/><E107/><V58/><F58/><W7/><G7/><T125/><D106/><U99/><E27/><V49/><F116/><W60/><G60/><T122/><D24/><U76/><E26/><V128/><F61/><W132/><G132/><T31/><D125/><U87/><E111/><V19/><F62/><W70/><G70/><T33/><D110/><U51/><E25/><V96/><F124/><W3/><G3/><T75/><D1/><U53/><E39/><V63/><F63/><W81/><G81/><T80/><D0/><U9/><E82/><V130/><F135/><W77/><G77/><T34/><D80/><U52/><E76/><V11/><F133/><W69/><G69/><T72/><D126/><U84/><E51/><V50/><F49/><W8/><AGARI ba="1,2" hai="5,8,10,14,15,18,45,47,86,90,91,93,94,97" machi="8" ten="20,5200,0" yaku="1,1,0,1,7,1,8,1,53,0" doraHai="101" doraHaiUra="109" who="3" fromWho="3" sc="255,-27,235,-14,265,-14,225,75" /><INIT seed="1,0,0,5,4,32" ten="228,221,251,300" oya="1" hai0="58,44,69,96,104,114,123,21,117,30,133,101,102" hai1="20,39,47,1,60,63,94,10,29,115,57,110,78" hai2="106,65,130,35,52,135,77,50,84,131,43,68,120" hai3="19,51,127,59,5,71,33,11,81,121,14,105,97" shuffle="mt19937ar,9BA7E3CB,2B511283,FB4BB7A8,A77FB157,0BA2B32F,709137EC,BBA8BDB3,5E0AEF49"/><U98/><E115/><V70/><F35/><W83/><G71/><T2/><D114/><U132/><E132/><V22/><F106/><W87/><G121/><T46/><D117/><U24/><E110/><V40/><F22/><W76/><G33/><T17/><D133/><U92/><E78/><V37/><F135/><W126/><G105/><T113/><D113/><U107/><E107/><V119/><F120/><W85/><G97/><T55/><D123/><U28/><E28/><V111/><F119/><W116/><G116/><T134/><D134/><U4/><E94/><V67/><F84/><W93/><G93/><T53/><D69/><N who="2" m="26730" /><F77/><W72/><G72/><T42/><D102/><U8/><E8/><V7/><F7/><W62/><G51/><T16/><D46/><U9/><E9/><V45/><F111/><W129/><G129/><N who="2" m="49161" /><F43/><W100/><G100/><T128/><D128/><U15/><E1/><V75/><F75/><W103/><G103/><T73/><D2/><U3/><E3/><V41/><F40/><W99/><G99/><T88/><D73/><U86/><E86/><V109/><F109/><W122/><G122/><T54/><D104/><U13/><E92/><V124/><F124/><N who="3" m="47659" /><G5/><T61/><D101/><U95/><E4/><V56/><AGARI ba="0,0" hai="37,41,45,50,52,56,65,67" m="49161,26730" machi="56" ten="30,7900,0" yaku="19,1,34,2,54,1" doraHai="32" who="2" fromWho="2" sc="228,-20,221,-39,251,79,300,-20" /><INIT seed="2,0,0,3,3,60" ten="208,182,330,280" oya="2" hai0="119,88,129,33,127,78,15,8,100,107,84,6,105" hai1="120,58,102,91,45,56,49,43,61,39,122,124,118" hai2="92,74,71,59,76,116,4,115,104,133,63,51,66" hai3="87,67,5,75,123,22,109,10,135,42,32,73,117" shuffle="mt19937ar,4C382E20,65FD0B7E,6F2B6E6D,C791CA9B,10171AED,7FF72B74,8BE266C5,8D98FE98"/><V57/><F104/><W29/><G32/><T25/><D127/><U90/><E118/><V121/><F4/><W93/><G123/><N who="1" m="47146" /><E102/><V11/><F11/><W82/><G117/><T27/><D119/><U1/><E1/><V9/><F9/><W80/><G42/><T128/><D78/><U2/><E2/><V55/><F121/><W81/><G109/><T50/><D50/><U52/><E124/><V89/><F76/><W94/><G135/><T134/><D134/><U14/><E14/><V34/><F74/><W37/><G37/><T7/><D7/><U96/><E96/><V23/><F133/><W125/><G125/><T83/><D100/><U101/><E101/><V62/><F116/><W132/><G132/><T131/><REACH who="0" step="1"/><D33/><REACH who="0" step="2"/><U95/><E95/><V113/><F34/><W41/><G94/><T35/><D35/><U65/><AGARI ba="0,1" hai="39,43,45,49,52,56,58,61,65,90,91" m="47146" machi="65" ten="30,4000,0" yaku="13,1,52,1,54,1" doraHai="60" who="1" fromWho="1" sc="198,-10,182,50,330,-20,280,-10" /><INIT seed="3,0,0,0,1,89" ten="188,232,310,270" oya="3" hai0="103,112,24,72,76,119,133,66,64,6,0,17,94" hai1="77,49,9,132,62,127,60,43,99,20,109,27,96" hai2="47,48,41,53,33,14,123,40,23,57,34,125,85" hai3="37,31,117,84,135,70,81,71,65,83,129,116,104" shuffle="mt19937ar,F1DE7FF8,CD7431FF,8FB08595,9926ABD9,1D24D463,5C64BF9F,DA358773,34C33A64"/><W42/><G104/><T111/><D119/><U26/><E127/><V128/><F125/><W52/><G31/><T74/><D111/><U131/><E109/><V106/><F106/><W98/><G98/><T82/><D133/><U7/><E131/><V107/><F107/><W39/><G84/><T97/><D112/><U35/><E77/><V80/><F128/><W73/><G129/><T10/><D74/><U13/><E35/><V11/><F123/><W29/><G29/><T86/><D24/><U46/><E132/><V100/><F100/><W118/><G73/><T134/><D134/><U114/><E27/><V95/><F95/><W4/><G135/><T16/><REACH who="0" step="1"/><D72/><REACH who="0" step="2"/><U102/><E114/><V25/><F25/><W88/><G118/><T19/><AGARI ba="0,1" hai="0,6,10,16,17,19,64,66,76,82,86,94,97,103" machi="19" ten="30,12000,2" yaku="1,1,2,1,0,1,52,1,54,1,53,1" doraHai="89" doraHaiUra="32" who="0" fromWho="0" sc="178,130,232,-30,310,-30,270,-60" owari="308,31,202,-20,280,3,210,-14" /></mjloggm>