<mjloggm ver="2.3"><GO type="185"/><UN n0="%EF%BC%BC%28%EF%BC%BE%6F%EF%BC%BE%29%EF%BC%8F%E2%98%85" n1="%E5%8D%81%E5%85%AD%E5%A4%9C%E2%80%A0%E5%92%B2%E5%A4%9C" n2="%72%75%69%63%65" n3="" dan="17,16,16,0" rate="2162,2162,2059,1500" sx="M,F,M,C"/><TAIKYOKU oya="0"/><INIT seed="0,0,0,4,3,97" ten="350,350,350,0" oya="0" hai0="55,115,101,82,84,75,89,106,123,59,35,76,93" hai1="108,34,66,90,105,0,99,47,134,50,52,112,62" hai2="64,39,78,79,37,120,46,44,1,118,88,68,42" hai3="" shuffle="mt19937ar,C58C51F2,E206CD46,3E239F57,32F3839B,324F5EBA,9692892C,7C873036,BC547F51"/><T43/><N who="0" m="31520" /><T81/><D35/><U83/><E34/><V67/><N who="2" m="30752" /><V128/><F1/><T32/><D32/><U129/><E0/><V98/><F67/><T2/><D2/><U61/><E108/><V36/><F36/><T125/><D115/><U51/><E112/><V119/><F128/><T131/><D131/><U104/><E129/><V3/><F3/><T96/><D125/><U85/><E134/><V86/><F98/><T49/><REACH who="0" step="1"/><D43/><REACH who="0" step="2"/><U117/><E117/><V33/><F33/><T133/><D133/><U77/><E105/><AGARI ba="0,1" hai="49,55,59,75,76,81,82,84,89,93,96,101,105,106" m="31520" machi="105" ten="40,7700,0" yaku="1,1,52,2,53,0" doraHai="97" doraHaiUra="40" who="0" fromWho="1" sc="340,87,350,-77,350,0,0,0" /><INIT seed="0,1,0,0,0,52" ten="427,273,350,0" oya="0" hai0="111,91,84,93,82,2,132,116,54,40,87,57,71" hai1="109,105,68,123,118,102,128,101,126,89,100,70,58" hai2="59,74,104,38,80,120,78,43,75,135,125,88,103" hai3="" shuffle="mt19937ar,0171405F,722B64D3,7BAB114F,9FB3AFBD,83261191,DEBFCF74,5C0E7D11,C648F7F8"/><T37/><D2/><U56/><N who="1" m="31520" /><U81/><E105/><V131/><N who="2" m="30752" /><V34/><F34/><T85/><D116/><U53/><E118/><V77/><F38/><T97/><D71/><U39/><E39/><V60/><F43/><T129/><D132/><U122/><N who="1" m="31264" /><U69/><E109/><V45/><F135/><T127/><D111/><U83/><E128/><V67/><F45/><T117/><D117/><U41/><E41/><V106/><F131/><T0/><D0/><U42/><E42/><V47/><F47/><T50/><D129/><U86/><E126/><V33/><F33/><T113/><D127/><U124/><E124/><V90/><F125/><T36/><D113/><U48/><REACH who="1" step="1"/><E81/><REACH who="1" step="2"/><V133/><F133/><T61/><D82/><U115/><E115/><V32/><F32/><T79/><D79/><U121/><N who="1" m="31008" /><U51/><E51/><V1/><F1/><T99/><D40/><U3/><E3/><V49/><F106/><T35/><D35/><U63/><E63/><V114/><F49/><T134/><D134/><U65/><E65/><V98/><F114/><T108/><D108/><U44/><AGARI ba="1,1" hai="44,48,53,56,58,68,69,70,83,86,89,100,101,102" m="31008,31264,31520" machi="44" ten="40,12000,3" yaku="1,1,0,1,52,5,53,1" doraHai="52" doraHaiUra="46" who="1" fromWho="1" sc="427,-81,263,132,350,-41,0,0" /><INIT seed="1,0,0,2,0,134" ten="346,395,309,0" oya="1" hai0="93,38,67,102,90,48,70,99,126,79,104,63,77" hai1="114,52,0,35,46,75,100,68,97,125,84,116,1" hai2="118,81,120,71,60,49,32,42,59,89,130,92,123" hai3="" shuffle="mt19937ar,4FA36F8D,BD8204BA,665BED30,040A472B,B8CD3114,298433E5,E3B3BC9A,C1FF8AA2"/><U94/><E35/><V72/><N who="2" m="30752" /><V66/><N who="2" m="31520" /><V122/><N who="2" m="31264" /><V80/><F32/><T83/><D38/><U53/><E68/><V124/><F118/><T39/><D39/><U73/><E116/><V127/><F130/><T95/><D79/><U135/><E114/><V129/><F129/><T82/><D48/><U58/><E135/><V47/><F72/><T50/><D50/><U117/><E117/><V85/><F71/><T108/><D108/><U86/><E75/><V41/><F41/><T55/><D55/><U76/><E73/><V133/><F133/><T103/><D77/><U62/><E125/><AGARI ba="0,0" hai="42,47,49,59,60,66,80,81,85,89,92,124,125,127" m="31264,31520,30752" machi="125" ten="40,12000,2" yaku="18,1,52,6" doraHai="134" who="2" fromWho="1" sc="346,0,395,-120,309,120,0,0" /><INIT seed="2,0,0,2,5,75" ten="346,275,429,0" oya="2" hai0="100,125,101,131,46,118,43,102,107,97,80,127,84" hai1="94,67,130,1,41,39,74,116,68,53,37,122,38" hai2="33,85,72,108,42,103,132,83,0,70,69,58,104" hai3="" shuffle="mt19937ar,B6418A77,4D9BA375,D9830A7A,DFC81F30,CB91F5CE,7BDB013B,58F3FF53,5B5F8450"/><V79/><F0/><T3/><D3/><U86/><N who="1" m="31264" /><U117/><E1/><V35/><F33/><T65/><D118/><U88/><E74/><V56/><F35/><T76/><D65/><U105/><E105/><V34/><F34/><T57/><D57/><U61/><E130/><V92/><F42/><T50/><REACH who="0" step="1"/><D131/><REACH who="0" step="2"/><U121/><N who="1" m="31008" /><U90/><E41/><V124/><F56/><T91/><D91/><U36/><E53/><V126/><F58/><T133/><D133/><U96/><N who="1" m="9216" /><DORA hai="54" /><U51/><REACH who="1" step="1"/><E51/><REACH who="1" step="2"/><V77/><F132/><T63/><D63/><U109/><E109/><V129/><F108/><T112/><D112/><U120/><N who="1" m="30752" /><U123/><N who="1" m="31520" /><U40/><E40/><V66/><F129/><T81/><D81/><AGARI ba="0,2" hai="61,67,68,81,86,88,90,94,96,116,117" m="31520,30752,9216,31008,31264" machi="81" ten="70,16000,3" yaku="1,1,52,4,54,1,53,2" doraHai="75,54" doraHaiUra="49,115" who="1" fromWho="0" sc="336,-160,265,180,429,0,0,0" /><INIT seed="4,0,0,4,2,60" ten="176,445,429,0" oya="0" hai0="85,81,67,125,101,93,75,2,97,100,112,35,57" hai1="33,43,55,66,56,52,50,42,126,127,37,77,69" hai2="71,129,98,1,73,88,94,46,109,111,92,59,105" hai3="" shuffle="mt19937ar,60CE9F14,0CE4437E,7F54B534,1BFB72CA,0F404495,95CC62DF,84AC2460,39B960CB"/><T110/><D35/><U116/><E33/><V53/><F1/><T119/><D2/><U114/><E77/><V108/><F73/><T62/><D119/><U54/><E116/><V90/><F71/><T89/><D110/><U63/><E114/><V76/><F105/><T134/><D112/><U124/><REACH who="1" step="1"/><E43/><REACH who="1" step="2"/><V133/><F76/><T115/><D115/><U103/><E103/><V106/><F111/><T47/><D75/><U131/><E131/><V87/><F129/><T40/><D134/><U80/><E80/><V132/><F133/><T34/><D34/><U64/><E64/><V83/><F132/><T61/><D125/><U95/><E95/><V118/><F109/><T79/><REACH who="0" step="1"/><D62/><REACH who="0" step="2"/><U70/><E70/><V82/><F118/><T86/><D86/><U3/><E3/><V117/><F108/><T45/><D45/><AGARI ba="0,2" hai="37,42,45,50,52,54,55,56,63,66,69,124,126,127" machi="45" ten="40,16000,3" yaku="1,1,24,2,18,1,34,3,52,1,54,1,53,0" doraHai="60" doraHaiUra="130" who="1" fromWho="0" sc="166,-160,435,180,429,0,0,0" /><INIT seed="5,0,0,4,1,82" ten="6,615,429,0" oya="1" hai0="133,100,95,88,91,108,105,111,40,48,38,93,36" hai1="126,59,122,130,89,120,32,99,123,107,53,78,117" hai2="34,125,97,131,45,71,47,57,132,113,72,85,114" hai3="" shuffle="mt19937ar,B31796CE,9EFEFA9A,FBD692D9,34B3EB8E,74568EAD,B4903549,BF4CE3F3,C6FD8BFC"/><U44/><E32/><V119/><F34/><T3/><D3/><U60/><E117/><V2/><F2/><T41/><D48/><U110/><E110/><V118/><F72/><T43/><D100/><U56/><E130/><V115/><F131/><T33/><D33/><U103/><E126/><V86/><F125/><T84/><D105/><U69/><E69/><V70/><F132/><T39/><D133/><U68/><E68/><N who="2" m="26155" /><F57/><T75/><D75/><U54/><E44/><N who="2" m="16971" /><F97/><T66/><D66/><U98/><E78/><V106/><F106/><T61/><D61/><U101/><E89/><V96/><F96/><T129/><D129/><U73/><E73/><V49/><F49/><T64/><D64/><U92/><N who="1" m="30752" /><U104/><REACH who="1" step="1"/><E92/><REACH who="1" step="2"/><V109/><F109/><T102/><D102/><U50/><AGARI ba="0,1" hai="50,53,54,56,59,60,98,99,101,103,104,107,122,123" m="30752" machi="50" ten="20,12000,2" yaku="1,1,2,1,0,1,7,1,9,1,52,1,53,0" doraHai="82" doraHaiUra="65" who="1" fromWho="1" sc="6,-60,605,130,429,-60,0,0" owari="-54,-65,735,68,369,-3,0,0" /></mjloggm>