<mjloggm ver="2.3"><GO type="225"/><UN n0="%6E%6F%72%69%73%69%6F" n1="%61%6E%62%79%33" n2="%E9%9B%81%E7%BA%8F" n3="%E6%A1%9C%E8%8A%B1%E9%96%83%E3%80%85" dan="16,16,16,16" rate="2019,2059,2066,2028" sx="M,M,M,M"/><TAIKYOKU oya="0"/><INIT seed="0,0,0,1,3,4" ten="250,250,250,250" oya="0" hai0="0,51,24,98,43,125,93,91,55,109,72,107,103" hai1="56,36,86,117,97,61,84,105,40,89,15,11,80" hai2="34,52,101,123,46,134,7,100,114,71,49,126,66" hai3="28,87,128,112,54,113,90,116,8,69,29,135,104" shuffle="mt19937ar,E379DC80,6B4B97B3,0A116741,9B88BD02,B2888596,DB4066B1,5C1A7C02,8511BDBA"/><T10/><D72/><U83/><E117/><V115/><F123/><W85/><G116/><T21/><D125/><U22/><E36/><V73/><F34/><W75/><G75/><T82/><D43/><U92/><E40/><V18/><F73/><W133/><G104/><T17/><D82/><U124/><E124/><V106/><F126/><W30/><G69/><T23/><D109/><U118/><E118/><V67/><F7/><W1/><G128/><T77/><D77/><U3/><E3/><V132/><F18/><W95/><G54/><T14/><D0/><U58/><E22/><V63/><F101/><W79/><G1/><T129/><D129/><U35/><E35/><V88/><F88/><W6/><G6/><T130/><D24/><U44/><E44/><V50/><F100/><W68/><G68/><T27/><D27/><U127/><E105/><V42/><F67/><W16/><G85/><N who="1" m="32874" /><E127/><V121/><F121/><W102/><G102/><T33/><D33/><U119/><E119/><V9/><F9/><W64/><G64/><T120/><D120/><U60/><E80/><V110/><F110/><W70/><G70/><T108/><D108/><U19/><E83/><V26/><F26/><W94/><G94/><N who="0" m="58839" /><D130/><U39/><E39/><V65/><F65/><W96/><G79/><T41/><D41/><U53/><E53/><V76/><F76/><W62/><G112/><N who="2" m="43049" /><F106/><W31/><G113/><T32/><D107/><U20/><E20/><V111/><F111/><W131/><G131/><T2/><D32/><U38/><E38/><V81/><F81/><W47/><G135/><RYUUKYOKU ba="0,0" sc="250,-15,250,15,250,15,250,-15" hai1="11,15,19,56,58,60,61,89,92,97" hai2="42,46,49,50,52,63,66,71,132,134" /><INIT seed="1,1,0,3,3,108" ten="235,265,265,235" oya="1" hai0="101,19,82,6,83,124,111,8,10,130,45,58,44" hai1="107,134,131,119,26,49,43,129,11,33,12,1,127" hai2="27,88,20,75,34,91,38,118,52,104,132,68,53" hai3="54,28,120,16,72,4,41,9,13,47,80,2,46" shuffle="mt19937ar,0E468265,937BC057,5697B7AB,6BC8396D,6BBCC361,D597F4FB,0732F6B9,08F396C5"/><U59/><E107/><V14/><F118/><W73/><G120/><T63/><D111/><U117/><E1/><V62/><F38/><W99/><G28/><T121/><D121/><U17/><E59/><V66/><F75/><W113/><G113/><T81/><D124/><U90/><E90/><V79/><F79/><W85/><G99/><T25/><D101/><U133/><E49/><V29/><F132/><N who="1" m="50793" /><E43/><V71/><F71/><W42/><G54/><T84/><D130/><N who="1" m="49675" /><E127/><V3/><F3/><W86/><G42/><T67/><D84/><U0/><E0/><V102/><F91/><W56/><G56/><T48/><D44/><U31/><AGARI ba="1,0" hai="11,12,17,26,31,33,117,119" m="49675,50793" machi="31" ten="40,12000,1" yaku="20,1,19,1,34,2" doraHai="108" who="1" fromWho="1" sc="235,-41,265,123,265,-41,235,-41" /><INIT seed="1,2,0,1,2,4" ten="194,388,224,194" oya="1" hai0="118,42,88,37,29,40,32,43,134,116,110,128,60" hai1="70,21,120,89,45,49,121,30,56,23,7,108,113" hai2="112,55,9,58,117,106,28,125,3,1,96,123,126" hai3="83,130,115,31,86,63,133,73,5,59,105,135,65" shuffle="mt19937ar,5DEA50F7,8A6FDFD1,25B006B2,D4F3391B,D8F89D53,78F21B64,591E7DE2,DE147135"/><U82/><E70/><V41/><F117/><W34/><G115/><T57/><D110/><U132/><E113/><V20/><F123/><W103/><G73/><T47/><D134/><N who="3" m="51209" /><G130/><T78/><D78/><U19/><E132/><V98/><F41/><W80/><G5/><T109/><D109/><U74/><E108/><V90/><F112/><W64/><G64/><T13/><D128/><U46/><E74/><V25/><F106/><W8/><G8/><T52/><D116/><U84/><E7/><N who="2" m="1263" /><F3/><W127/><G127/><N who="2" m="48649" /><F90/><W69/><G59/><T131/><D131/><U61/><E30/><V6/><F6/><W91/><G105/><T114/><D114/><U14/><E23/><V67/><F67/><W50/><G103/><T94/><D118/><U72/><E72/><V18/><F18/><W54/><G91/><T38/><D37/><U122/><REACH who="1" step="1"/><E49/><AGARI ba="2,0" hai="20,25,28,49,55,58,96,98" m="48649,1263" machi="49" ten="30,2000,0" yaku="18,1,52,1" doraHai="4" who="2" fromWho="1" sc="194,0,388,-26,224,26,194,0" /><INIT seed="2,0,0,3,3,133" ten="194,362,250,194" oya="2" hai0="60,92,50,48,19,117,77,127,45,103,6,53,123" hai1="9,89,130,121,70,7,64,73,126,131,125,88,135" hai2="11,22,79,124,96,10,33,87,15,37,62,129,91" hai3="80,86,66,106,26,18,71,39,114,81,93,78,97" shuffle="mt19937ar,0205A8EB,C01F00F3,46783019,AA12E633,83824F73,2613926D,AF27EBBE,497DE19A"/><V105/><F33/><W29/><G39/><T109/><D123/><U31/><E73/><V132/><F37/><W41/><G41/><T40/><D117/><U113/><E121/><V95/><F132/><W44/><G44/><T120/><D120/><U4/><E135/><V42/><F42/><W101/><G114/><T108/><D77/><U0/><E113/><V25/><F129/><N who="1" m="49161" /><E31/><V110/><F110/><N who="0" m="42602" /><D6/><U98/><E7/><V107/><F107/><W2/><G2/><T58/><D19/><U84/><E98/><V69/><F105/><W128/><G128/><T17/><D17/><U8/><E8/><V59/><F69/><W28/><G93/><T72/><D72/><U21/><E21/><V54/><F15/><W5/><G5/><T12/><D12/><U63/><E89/><V76/><F76/><W1/><G1/><T14/><D14/><U47/><E47/><V99/><F99/><W102/><G97/><N who="0" m="59815" /><D60/><U27/><E27/><V112/><F112/><W16/><G26/><T46/><D46/><U34/><E34/><V75/><F75/><W23/><G29/><T82/><D82/><AGARI ba="0,0" hai="0,4,9,63,64,70,82,84,88,125,126" m="49161" machi="82" ten="30,7700,0" yaku="19,1,52,2,54,1" doraHai="133" who="1" fromWho="0" sc="194,-77,362,77,250,0,194,0" /><INIT seed="3,0,0,4,0,73" ten="117,439,250,194" oya="3" hai0="22,23,119,123,46,108,12,115,66,89,72,75,52" hai1="110,56,5,24,116,3,4,69,40,20,1,127,10" hai2="104,87,18,48,78,7,30,25,49,15,37,34,26" hai3="16,117,14,91,122,114,92,35,64,96,109,19,94" shuffle="mt19937ar,33EB26A5,57ABAA7B,DD294B81,EFFCC746,251F09D6,27C4BC91,CD4CE4A4,3D9282C7"/><W135/><G117/><T133/><D119/><U54/><E69/><V67/><F37/><W77/><G122/><T88/><D123/><U126/><E40/><V28/><F104/><W82/><G114/><T105/><D115/><U74/><E74/><V43/><F67/><W81/><G35/><T112/><D112/><U99/><E116/><V11/><F43/><W97/><G135/><T58/><D105/><U101/><E110/><V17/><F17/><W70/><G109/><T129/><D133/><U93/><E5/><V107/><F107/><W84/><G14/><T85/><D129/><U103/><E103/><V65/><F65/><W62/><REACH who="3" step="1"/><G81/><REACH who="3" step="2"/><T125/><D108/><U13/><E127/><V42/><F34/><W79/><G79/><T50/><D125/><U27/><E126/><V44/><F78/><W38/><G38/><T76/><D12/><U9/><E13/><V98/><F15/><W32/><G32/><T51/><D75/><U2/><E2/><V53/><F11/><W45/><G45/><T31/><D72/><U90/><E1/><V47/><F44/><W128/><G128/><T86/><D66/><U63/><E10/><V41/><F47/><W71/><G71/><T29/><D46/><U134/><E134/><V132/><F132/><W0/><G0/><T95/><D76/><U21/><E21/><N who="0" m="7689" /><D51/><U55/><E20/><V68/><F42/><W6/><G6/><T59/><D59/><U33/><E33/><V60/><F41/><W80/><G80/><AGARI ba="0,1" hai="29,31,50,52,58,80,85,86,88,89,95" m="7689" machi="80" ten="30,3900,0" yaku="8,1,54,2" doraHai="73" who="0" fromWho="3" sc="117,49,439,0,250,0,184,-39" owari="166,-18,439,43,250,0,145,-25" /></mjloggm>