<mjloggm ver="2.3"><GO type="225"/><UN n0="%E9%9B%AA%E5%9B%BD%E8%82%B2%E3%81%A1" n1="%E9%9B%81%E7%BA%8F" n2="%E3%83%81%E3%83%A3%E3%82%AA%E3%83%AA" n3="%EF%BC%88%EF%BC%8A%EF%BC%9E%EF%BC%9C%EF%BC%89" dan="17,16,17,17" rate="2070,2063,2131,2194" sx="M,M,M,F"/><TAIKYOKU oya="0"/><INIT seed="0,0,0,0,2,125" ten="250,250,250,250" oya="0" hai0="107,127,67,121,40,2,108,118,135,50,66,54,122" hai1="55,110,48,68,23,17,92,134,93,112,69,6,47" hai2="37,30,0,100,96,98,83,56,79,77,133,24,51" hai3="15,104,49,70,13,22,120,39,74,53,60,52,105" shuffle="mt19937ar,9CF08316,B3D6F778,FB63D190,536EC9FD,F82F89C3,20BA6B51,39DCC71A,8A34A0CB"/><T87/><D107/><U18/><E110/><V61/><F37/><W130/><G39/><T86/><D2/><U63/><E134/><V90/><F0/><W5/><G74/><T4/><D4/><U126/><E126/><V19/><F51/><W59/><G120/><T33/><D33/><U85/><E112/><V89/><F133/><W42/><G42/><T129/><D135/><U31/><E6/><V78/><F19/><W29/><G70/><T81/><D118/><U16/><E69/><V44/><F44/><W57/><G13/><T45/><D127/><U26/><E68/><V99/><F100/><W10/><REACH who="3" step="1"/><G130/><REACH who="3" step="2"/><T8/><D129/><U62/><REACH who="1" step="1"/><E85/><REACH who="1" step="2"/><V65/><REACH who="2" step="1"/><F83/><REACH who="2" step="2"/><W11/><G11/><T75/><D8/><U12/><E12/><V1/><F1/><W76/><G76/><T46/><D81/><U106/><E106/><V101/><F101/><W95/><G95/><AGARI ba="0,3" hai="16,17,18,23,26,31,47,48,55,62,63,92,93,95" machi="95" ten="40,5200,0" yaku="1,1,8,1,54,1,53,0" doraHai="125" doraHaiUra="3" who="1" fromWho="3" sc="250,0,240,82,240,0,240,-52" /><INIT seed="1,0,0,5,1,99" ten="250,322,240,188" oya="1" hai0="45,60,113,25,59,0,105,57,79,133,96,115,89" hai1="121,35,77,49,124,114,106,7,56,93,98,100,23" hai2="12,19,22,20,66,14,24,51,64,13,82,126,97" hai3="120,107,91,117,34,26,55,62,58,33,44,43,4" shuffle="mt19937ar,8A2FD935,756FC6F3,0A206AAD,DCA3DFA8,F19E4803,0C6EE546,C63E43F2,992B9086"/><U69/><E35/><V81/><F126/><W83/><G120/><T48/><D0/><U29/><E114/><V68/><F51/><W75/><G117/><T95/><D133/><U61/><E124/><V71/><F97/><W17/><G4/><T84/><D25/><U52/><E121/><V116/><F116/><W111/><G111/><T50/><D50/><U90/><E7/><V37/><F37/><W131/><G131/><T11/><D11/><U129/><E129/><V53/><F53/><W1/><G1/><T78/><D59/><U63/><E77/><V72/><F72/><W85/><G75/><T40/><D79/><U41/><E41/><V119/><F119/><W9/><G107/><T73/><D73/><U46/><E69/><V80/><REACH who="2" step="1"/><F20/><REACH who="2" step="2"/><W132/><G132/><T47/><D47/><U92/><E106/><V5/><F5/><W118/><G118/><T130/><D130/><U127/><E127/><V104/><F104/><W28/><G34/><T27/><D105/><U38/><E38/><V108/><F108/><W39/><G39/><T30/><D96/><N who="1" m="59399" /><E46/><V21/><F21/><W134/><G134/><T2/><D113/><U101/><E90/><V122/><F122/><W76/><G44/><T70/><D115/><U18/><E29/><V86/><F86/><W112/><G112/><T125/><D84/><U128/><E128/><V94/><F94/><W110/><G110/><T42/><D95/><U67/><E67/><AGARI ba="0,1" hai="12,13,14,19,22,24,64,66,67,68,71,80,81,82" machi="67" ten="40,1300,0" yaku="1,1,53,0" doraHai="99" doraHaiUra="103" who="2" fromWho="1" sc="250,0,322,-13,230,23,188,0" /><INIT seed="2,0,0,2,3,79" ten="250,309,253,188" oya="2" hai0="80,112,59,134,3,26,71,70,109,12,133,68,31" hai1="74,78,24,131,28,2,96,119,84,58,122,113,66" hai2="40,77,72,110,83,16,20,42,86,30,13,11,10" hai3="43,55,75,95,116,104,129,35,69,29,37,135,14" shuffle="mt19937ar,9B4433CD,F4E502C5,3E25CA34,EF5B2137,7E77446E,241FCD92,1F1AFE58,BD3F6BF1"/><V64/><F110/><W102/><G95/><T33/><D112/><U4/><E113/><V5/><F64/><W48/><G75/><T115/><D115/><U47/><E74/><V101/><F101/><W49/><G116/><T25/><D3/><U6/><E119/><V15/><REACH who="2" step="1"/><F72/><REACH who="2" step="2"/><W103/><G102/><T130/><D109/><U132/><E122/><V39/><F39/><W27/><G37/><T65/><D65/><U21/><E66/><V22/><F22/><W46/><G103/><T60/><D71/><U1/><E21/><V54/><F54/><W97/><G69/><T38/><D70/><U0/><E1/><V123/><F123/><W34/><G55/><T106/><D38/><U105/><E0/><V61/><F61/><W62/><G62/><T92/><D60/><U121/><E2/><V82/><F82/><W8/><G35/><T100/><D80/><U111/><E111/><V120/><F120/><W114/><G114/><T19/><D68/><U18/><E121/><V9/><F9/><W87/><G8/><T89/><D100/><U67/><E67/><V88/><F88/><W99/><G34/><T126/><D89/><U93/><E93/><V52/><F52/><W36/><G36/><T107/><D92/><U127/><E105/><V117/><F117/><W41/><G104/><T45/><D33/><U76/><E78/><V98/><F98/><W32/><G99/><T124/><D106/><U85/><E76/><V125/><F125/><W44/><G97/><T108/><D107/><U57/><E96/><V91/><F91/><W17/><G32/><RYUUKYOKU ba="0,1" sc="250,-10,309,-10,243,30,188,-10" hai2="5,10,11,13,15,16,20,30,40,42,77,83,86" /><INIT seed="2,1,1,5,3,84" ten="240,299,273,178" oya="2" hai0="93,15,65,3,32,98,110,64,89,118,49,27,35" hai1="57,87,70,69,77,23,122,44,101,61,29,86,125" hai2="39,80,132,115,10,76,72,99,68,21,131,14,79" hai3="18,5,34,133,111,120,0,28,50,97,121,59,46" shuffle="mt19937ar,74F2D62C,C2DCD647,F8EEA4A2,36582F28,AE61E91D,01A934B7,B7CC1FD8,6264AC24"/><V113/><F39/><W51/><G133/><T102/><D3/><U103/><E44/><V41/><F41/><W119/><G119/><T88/><D118/><U126/><E122/><V134/><F68/><N who="1" m="26217" /><E29/><V4/><F131/><W124/><G28/><T105/><D110/><U38/><E23/><V9/><F21/><W112/><G34/><T56/><D32/><U66/><E38/><V58/><F58/><W106/><G111/><T12/><D35/><U48/><E48/><V91/><F79/><W6/><G112/><T30/><D27/><U92/><E87/><V7/><F99/><W60/><G18/><T96/><D30/><U74/><E74/><V83/><F83/><W81/><G81/><T42/><D105/><U25/><E25/><V82/><F82/><W55/><G51/><T62/><D65/><U107/><E107/><V33/><F33/><W90/><G106/><T11/><D98/><U73/><E73/><V1/><REACH who="2" step="1"/><F91/><REACH who="2" step="2"/><N who="0" m="34890" /><D11/><U37/><E37/><V8/><F8/><W20/><G120/><T75/><D75/><U43/><E43/><V16/><F16/><W63/><G121/><T71/><D71/><U47/><E77/><V19/><F19/><W2/><G97/><T85/><D85/><U130/><E86/><V127/><F127/><N who="1" m="48649" /><E130/><V40/><F40/><W52/><G124/><T104/><D104/><U135/><E103/><V129/><F129/><W114/><G114/><AGARI ba="1,2" hai="1,4,7,9,10,14,72,76,80,113,114,115,132,134" machi="114" ten="40,2000,0" yaku="1,1,53,0" doraHai="84" doraHaiUra="53" who="2" fromWho="3" sc="240,0,299,0,263,43,178,-23" /><INIT seed="2,2,0,1,4,133" ten="240,299,306,155" oya="2" hai0="41,5,98,52,77,30,61,82,26,47,58,43,37" hai1="86,64,110,13,83,123,8,2,131,54,72,80,126" hai2="79,18,59,69,129,53,32,35,104,114,88,102,29" hai3="19,56,17,3,107,91,55,120,34,99,60,63,71" shuffle="mt19937ar,ED0F4AC2,D6F06ED1,5D117496,88701EDB,5EC7FAB8,ACDF51FF,AC67F999,D68DA88A"/><V124/><F69/><W118/><G118/><T49/><D5/><U28/><E123/><V108/><F79/><W92/><G120/><T128/><D128/><U101/><E2/><V9/><F114/><W90/><G3/><T81/><D98/><U134/><E134/><V117/><F117/><W75/><G75/><T93/><D93/><U36/><E36/><V84/><F129/><W4/><G4/><T76/><D76/><U85/><E131/><V73/><F73/><W44/><G44/><T6/><D6/><U50/><E28/><V109/><F104/><W122/><G122/><T51/><D43/><U78/><E64/><V87/><F102/><W94/><G107/><T57/><D77/><U106/><E110/><N who="2" m="42603" /><F29/><W100/><G34/><N who="2" m="12841" /><F124/><W125/><G125/><T46/><D37/><U115/><E115/><V70/><F70/><W12/><G100/><T74/><D74/><U66/><E126/><V1/><F88/><W0/><G71/><T23/><REACH who="0" step="1"/><D46/><REACH who="0" step="2"/><N who="1" m="27991" /><E83/><V67/><F1/><W127/><G127/><T89/><D89/><U14/><E106/><V21/><F87/><W116/><G116/><T96/><D96/><U25/><E101/><V113/><F113/><W95/><G0/><T45/><D45/><U40/><E86/><V62/><F84/><N who="3" m="52295" /><G94/><T16/><D16/><N who="3" m="6217" /><G12/><T103/><D103/><U7/><E14/><V20/><F18/><W33/><G33/><T119/><D119/><U68/><E85/><V31/><F31/><W10/><G10/><T24/><D24/><U39/><E25/><V48/><F9/><W121/><G121/><T42/><D42/><RYUUKYOKU ba="2,1" sc="230,10,299,-30,306,10,155,10" hai0="23,26,30,41,47,49,51,52,57,58,61,81,82" hai2="20,21,48,53,59,62,67" hai3="55,56,60,63,91,95,99" /><INIT seed="2,3,1,5,0,53" ten="240,269,316,165" oya="2" hai0="110,17,62,118,81,45,111,30,70,47,2,75,64" hai1="71,34,21,105,29,59,93,74,13,14,90,104,99" hai2="122,103,119,107,83,33,27,36,40,84,102,116,46" hai3="76,82,18,121,127,101,10,68,57,100,0,32,134" shuffle="mt19937ar,30DB7E54,5776F8DC,043D3C28,3355198F,6F603A7B,00759796,5E90C486,C1DF9386"/><V41/><F122/><W16/><G68/><T98/><D118/><U112/><E71/><V7/><F7/><W15/><G121/><T77/><D2/><U132/><E74/><V63/><F40/><W51/><G32/><T113/><D113/><U58/><E112/><V123/><F123/><W87/><G0/><T96/><D30/><U120/><E120/><V91/><F107/><W12/><G127/><T80/><D80/><U66/><E34/><V117/><REACH who="2" step="1"/><F63/><REACH who="2" step="2"/><W61/><G134/><T35/><D110/><U115/><E105/><V128/><F128/><W28/><G51/><T60/><D111/><U38/><E104/><V44/><F44/><W22/><REACH who="3" step="1"/><G28/><AGARI ba="3,2" hai="27,28,33,36,41,46,83,84,91,102,103,116,117,119" machi="28" ten="40,2000,0" yaku="1,1,53,0" doraHai="53" doraHaiUra="55" who="2" fromWho="3" sc="240,0,269,0,306,49,165,-29" /><INIT seed="2,4,0,2,1,20" ten="240,269,355,136" oya="2" hai0="82,5,86,7,134,23,47,102,80,19,1,21,88" hai1="122,54,72,92,44,85,83,96,75,48,124,109,128" hai2="74,81,79,87,6,66,12,30,104,68,9,60,8" hai3="71,52,59,38,11,64,105,4,43,34,98,40,78" shuffle="mt19937ar,1724B722,783E94A1,E899B0F2,34313DD4,A7345DE6,C619D0A0,D3F7A520,F441C00B"/><V107/><F30/><W16/><G78/><T123/><D123/><U103/><E109/><V63/><F63/><W25/><G38/><T89/><D134/><U93/><E124/><V135/><F135/><W15/><G64/><T27/><D102/><U106/><E128/><V121/><F121/><W28/><G71/><T10/><D47/><U90/><E122/><V130/><F130/><W58/><G58/><T111/><D111/><U127/><E127/><V46/><F46/><W45/><G45/><T116/><D116/><U129/><E129/><V61/><F61/><W113/><G113/><T18/><D7/><U39/><E39/><V3/><REACH who="2" step="1"/><F74/><REACH who="2" step="2"/><W108/><G108/><T14/><REACH who="0" step="1"/><D82/><REACH who="0" step="2"/><U70/><E70/><V0/><F0/><W100/><REACH who="3" step="1"/><G4/><AGARI ba="4,2" hai="3,4,6,8,9,12,60,66,68,79,81,87,104,107" machi="4" ten="30,5800,0" yaku="1,1,7,1,53,1" doraHai="20" doraHaiUra="73" who="2" fromWho="3" sc="230,0,269,0,345,90,136,-70" /><INIT seed="2,5,0,2,5,106" ten="230,269,435,66" oya="2" hai0="87,70,134,80,95,40,123,130,17,124,35,64,23" hai1="44,36,114,18,79,48,51,37,93,126,58,43,125" hai2="89,83,20,101,65,66,112,55,98,24,13,120,50" hai3="85,10,56,5,57,132,94,14,78,6,92,118,27" shuffle="mt19937ar,C6CD7641,7918DCED,47596E66,16D0E75D,6594DBCB,9C38C71E,242823A2,6B2D7118"/><V54/><F112/><W75/><G118/><T97/><D123/><U131/><E79/><V33/><F33/><W77/><G132/><T68/><D134/><U25/><E114/><V84/><F13/><W41/><G41/><T63/><D35/><U133/><E133/><V22/><F120/><W46/><G46/><T127/><D130/><U100/><E100/><V39/><F39/><W31/><G5/><T32/><D32/><U74/><E93/><V82/><F82/><W128/><G128/><T109/><D40/><U21/><E74/><V96/><F20/><W4/><G4/><T12/><D109/><U108/><E131/><V7/><F7/><W8/><G8/><T16/><D17/><U115/><E115/><V122/><F122/><W38/><G38/><T99/><D70/><U135/><E135/><V72/><F72/><W116/><G116/><T76/><REACH who="0" step="1"/><D99/><REACH who="0" step="2"/><U19/><E108/><V119/><F98/><W15/><G31/><T107/><D107/><U26/><E19/><V91/><F96/><W73/><G6/><T61/><D61/><U29/><E29/><V113/><F119/><W111/><G111/><T30/><D30/><U67/><E18/><V3/><F113/><W2/><G10/><T52/><D52/><N who="1" m="32031" /><E67/><V0/><F66/><W59/><G2/><T102/><D102/><U28/><BYE who="0" /><E26/><V90/><F101/><W53/><G57/><T121/><D121/><U71/><E71/><V103/><F65/><W45/><G53/><T11/><D11/><U49/><E37/><V110/><F103/><W104/><G104/><T105/><D105/><RYUUKYOKU ba="5,1" sc="220,15,269,15,435,-15,66,-15" hai0="12,16,23,63,64,68,76,80,87,95,97,124,127" hai1="21,25,28,36,43,44,48,49,125,126" /><INIT seed="3,6,1,5,1,73" ten="235,284,420,51" oya="3" hai0="54,7,117,85,119,104,87,68,115,94,55,24,3" hai1="47,118,114,103,9,128,51,46,37,93,50,127,60" hai2="61,29,72,92,84,62,34,66,38,59,71,44,134" hai3="13,67,107,80,99,121,76,5,98,74,124,110,17" shuffle="mt19937ar,9CCD1028,CC368C24,E4654845,F7CFD38E,09643EA9,E55483A2,849CAA94,72775609"/><W78/><G121/><T53/><D53/><U21/><E114/><V77/><F72/><W31/><G31/><T106/><D106/><U123/><E118/><V125/><F125/><W11/><G124/><T36/><D36/><U32/><E32/><V120/><F134/><W96/><G110/><T79/><D79/><U40/><E123/><V88/><F77/><N who="3" m="29803" /><G74/><T69/><D69/><U26/><E128/><V130/><F120/><W109/><G107/><T100/><D100/><U83/><E127/><V135/><F130/><W1/><G109/><T39/><D39/><U105/><E105/><V129/><F29/><W75/><G75/><T95/><D95/><U4/><E60/><V12/><F34/><W41/><G1/><T25/><D25/><U33/><E83/><V18/><F71/><W35/><G35/><T56/><D56/><U133/><E33/><V27/><F38/><W91/><G67/><T42/><D42/><U113/><E113/><V10/><F66/><W43/><G5/><T82/><D82/><U0/><E37/><V70/><F70/><W14/><G14/><T58/><D58/><U48/><E0/><V122/><F12/><W86/><AGARI ba="6,1" hai="11,13,17,41,43,80,86,91,96,98,99" m="29803" machi="86" ten="30,11700,0" yaku="8,1,52,3" doraHai="73" who="3" fromWho="3" sc="235,-45,284,-45,420,-45,51,145" /><INIT seed="3,7,0,5,2,34" ten="190,239,375,196" oya="3" hai0="33,64,107,66,55,75,14,114,0,116,61,36,82" hai1="20,68,35,1,65,37,127,9,28,128,121,52,39" hai2="104,32,30,108,85,117,60,135,95,51,49,19,132" hai3="46,83,100,41,12,44,26,122,113,54,72,92,13" shuffle="mt19937ar,AC30049F,7F55DF29,BC7E8DAD,AE4ADEDB,9599750F,82C35278,24980B9F,11A4A47E"/><W110/><G122/><T105/><D105/><U109/><E121/><V84/><F104/><W67/><G67/><T89/><D89/><U57/><E35/><V86/><F117/><W48/><G113/><T5/><D5/><U24/><E128/><V73/><F73/><W130/><G130/><T123/><D123/><U94/><E109/><V29/><F108/><W38/><G110/><T124/><D124/><U80/><E127/><V43/><F60/><W31/><G92/><T129/><D129/><U47/><E47/><V2/><F2/><W63/><G100/><T4/><D4/><U15/><E1/><V120/><F120/><W23/><REACH who="3" step="1"/><G63/><REACH who="3" step="2"/><T106/><D106/><U88/><E65/><V71/><F95/><W118/><G118/><T126/><D126/><U103/><E103/><V99/><F71/><W8/><G8/><T102/><D102/><U16/><E68/><V134/><F134/><W101/><G101/><T111/><D111/><U93/><E93/><V69/><F135/><W50/><G50/><T40/><D40/><U79/><E80/><V62/><F43/><W45/><G45/><T78/><D78/><AGARI ba="7,1" hai="12,13,23,26,31,38,41,44,46,48,54,72,78,83" machi="78" ten="40,2000,0" yaku="1,1,53,0" doraHai="34" doraHaiUra="131" who="3" fromWho="0" sc="190,-41,239,0,375,0,186,51" /><INIT seed="3,8,0,4,2,48" ten="149,239,375,237" oya="3" hai0="41,15,84,115,69,53,36,62,6,81,37,78,43" hai1="131,2,107,58,31,82,129,49,96,83,23,116,27" hai2="117,47,118,126,77,103,17,86,130,105,71,30,51" hai3="25,9,19,52,95,93,61,66,8,104,125,13,20" shuffle="mt19937ar,85EDC1F3,6B26ABA6,9D3B0D84,FF4CDF57,642F35EF,7A85549F,869DB080,AAA4CD60"/><W5/><G104/><T56/><D56/><U21/><E2/><V55/><F71/><UN n0="%E9%9B%AA%E5%9B%BD%E8%82%B2%E3%81%A1" /><W112/><G112/><T110/><D115/><U121/><E121/><V29/><F126/><W57/><G125/><T74/><D110/><U102/><E116/><V14/><F130/><N who="1" m="49673" /><E23/><V114/><F114/><W33/><G33/><T38/><D74/><U87/><E87/><V88/><F77/><W79/><G79/><T64/><D6/><U128/><E128/><V80/><F105/><W65/><G9/><T106/><D106/><U50/><E58/><V123/><F123/><W63/><G63/><T68/><D15/><U4/><E4/><V12/><F103/><W75/><G75/><T89/><D78/><U60/><E60/><V1/><F1/><W97/><G93/><T109/><D109/><U73/><E73/><V54/><F118/><W85/><G85/><T132/><D132/><U34/><E34/><V45/><F86/><W101/><AGARI ba="8,0" hai="5,8,13,19,20,25,52,57,61,65,66,95,97,101" machi="101" ten="20,12000,1" yaku="0,1,7,1,8,1,52,1,54,1" doraHai="48" who="3" fromWho="3" sc="149,-48,239,-48,375,-48,237,144" owari="101,-30,191,-16,327,8,381,38" /></mjloggm>