<mjloggm ver="2.3"><GO type="225"/><UN n0="%E3%83%9C%E3%83%84" n1="%4E%6F%2E%32" n2="%E3%83%9B%E3%83%A2%E3%83%8F%E3%83%A0" n3="%E3%81%BF%E3%81%A3%E3%81%A4%E3%81%83%EF%BD%9E" dan="16,16,16,17" rate="2012,2072,2081,2153" sx="M,M,M,F"/><TAIKYOKU oya="0"/><INIT seed="0,0,0,1,2,60" ten="250,250,250,250" oya="0" hai0="26,20,105,37,33,106,6,68,111,29,123,81,71" hai1="96,104,75,133,82,49,119,127,118,42,55,74,79" hai2="107,112,115,121,76,125,91,40,25,85,98,47,73" hai3="34,17,39,11,80,63,67,130,84,19,14,77,134" shuffle="mt19937ar,FE1EC749,ADF85B28,144DFAD8,7E349C75,B38DA0AC,A53776A6,8115B1F1,6207D518"/><T126/><D123/><U2/><E2/><V46/><F121/><W65/><G39/><T35/><D126/><U44/><E127/><V128/><F128/><W24/><G130/><T113/><D113/><U15/><E133/><V88/><F125/><W69/><G134/><T23/><D37/><U108/><E75/><V13/><F13/><N who="3" m="7359" /><G34/><T16/><D6/><U59/><E108/><V10/><F10/><N who="3" m="6615" /><G69/><T38/><D38/><U122/><E122/><V110/><F25/><W78/><G63/><T83/><D111/><U8/><E96/><V51/><F110/><W5/><G5/><T95/><D95/><U48/><REACH who="1" step="1"/><E104/><REACH who="1" step="2"/><V7/><F107/><W54/><G24/><T94/><D106/><U100/><E100/><V109/><F98/><W131/><G131/><T57/><D105/><U21/><E21/><V66/><F109/><W92/><G78/><T4/><D35/><U1/><E1/><V135/><F73/><W53/><G92/><T64/><D94/><U22/><E22/><V120/><F76/><W132/><G132/><T12/><D23/><U86/><E86/><V50/><F85/><W89/><G77/><T70/><REACH who="0" step="1"/><D4/><AGARI ba="0,1" hai="4,8,15,42,44,48,49,55,59,74,79,82,118,119" machi="4" ten="30,2000,0" yaku="1,1,7,1,53,0" doraHai="60" doraHaiUra="31" who="1" fromWho="0" sc="250,-20,240,30,250,0,250,0" /><INIT seed="1,0,0,2,4,106" ten="230,270,250,250" oya="1" hai0="99,38,26,43,65,4,59,132,72,116,80,121,5" hai1="119,27,107,17,60,0,1,35,125,84,111,93,92" hai2="25,63,39,113,112,37,96,47,42,131,134,30,61" hai3="36,117,89,11,20,114,76,57,108,24,28,12,29" shuffle="mt19937ar,B538D23C,F8C9A5BC,FEE5AAEC,2156F104,A353FA07,3912B470,FFEE69C1,F5A146AA"/><U15/><E119/><V41/><F134/><W49/><G36/><N who="2" m="13897" /><F96/><W120/><G117/><T88/><D116/><U79/><E107/><V14/><F14/><W77/><G120/><T122/><D132/><U118/><E118/><V133/><F133/><W68/><G68/><T101/><D26/><U64/><E125/><V9/><F9/><W95/><G29/><T31/><D31/><U86/><E111/><V8/><F8/><W56/><G108/><T127/><D43/><N who="2" m="16394" /><F131/><W53/><G57/><T18/><D18/><U62/><E86/><V135/><F135/><W115/><G115/><N who="2" m="44105" /><F47/><W98/><REACH who="3" step="1"/><G114/><REACH who="3" step="2"/><T34/><D59/><N who="1" m="36895" /><E35/><AGARI ba="0,1" hai="25,30,35,61,63" m="44105,16394,13897" machi="35" ten="30,1000,0" yaku="11,1" doraHai="106" who="2" fromWho="1" sc="230,0,270,-10,250,20,240,0" /><INIT seed="2,0,0,5,0,107" ten="230,260,270,240" oya="2" hai0="128,73,95,93,114,62,99,35,76,87,3,57,72" hai1="44,54,85,16,52,8,36,37,122,100,116,130,22" hai2="7,43,132,41,110,59,27,125,66,106,42,34,30" hai3="74,24,129,9,38,124,104,69,96,126,112,77,119" shuffle="mt19937ar,58841DEF,55B8BFAC,D90E6E39,FCF86841,E2D85FA5,C1C3F960,24B3DD09,5635C551"/><V53/><F106/><W5/><G69/><T47/><D114/><U67/><E116/><V134/><F125/><N who="3" m="48235" /><G119/><T55/><D128/><U33/><E130/><V2/><F110/><W6/><G38/><T80/><D3/><U75/><E33/><V133/><F66/><W15/><G129/><T23/><D35/><U98/><E75/><V48/><F7/><N who="3" m="3519" /><G112/><T90/><D23/><U14/><E67/><V51/><REACH who="2" step="1"/><F2/><REACH who="2" step="2"/><W68/><G5/><T135/><D135/><U29/><E122/><V21/><F21/><W118/><G6/><T1/><D1/><U117/><E117/><V46/><AGARI ba="0,1" hai="27,30,34,41,42,43,46,48,51,53,59,132,133,134" machi="46" ten="40,7800,0" yaku="1,1,0,1,20,1,53,0" doraHai="107" doraHaiUra="103" who="2" fromWho="2" sc="230,-26,260,-26,260,88,240,-26" /><INIT seed="2,1,0,3,4,74" ten="204,234,348,214" oya="2" hai0="7,13,4,86,42,70,64,115,129,35,27,108,21" hai1="106,113,17,2,80,112,107,109,50,61,85,9,53" hai2="130,88,95,54,124,105,16,62,56,97,94,100,87" hai3="6,57,0,90,63,78,36,32,55,122,69,18,110" shuffle="mt19937ar,2F54C65A,A824622C,ED003F48,489BCFBE,8B5B3E8F,976531C5,2A538A88,C52E8C38"/><V118/><F130/><W11/><G110/><T40/><D115/><U126/><E109/><V24/><F124/><W91/><G122/><T125/><D129/><U77/><E126/><V133/><F133/><W48/><G32/><T131/><D131/><U120/><E120/><V98/><F118/><W39/><G18/><T23/><D108/><U14/><E2/><V22/><REACH who="2" step="1"/><F98/><REACH who="2" step="2"/><W25/><G25/><T47/><D125/><U66/><E113/><V49/><F49/><W71/><G39/><T52/><D27/><U99/><E112/><V75/><F75/><W20/><G36/><T93/><D4/><U104/><E99/><V44/><F44/><W58/><G6/><T1/><D7/><U89/><E50/><V46/><F46/><W19/><G48/><T67/><D47/><U128/><E128/><V5/><F5/><W92/><G63/><T45/><D45/><U123/><E123/><V84/><F84/><W119/><G119/><T96/><D86/><U68/><REACH who="1" step="1"/><E53/><REACH who="1" step="2"/><V114/><F114/><W117/><G55/><T29/><D52/><U134/><E134/><V81/><AGARI ba="1,2" hai="16,22,24,54,56,62,81,87,88,94,95,97,100,105" machi="81" ten="20,12000,1" yaku="1,1,0,1,7,1,54,2,53,0" doraHai="74" doraHaiUra="8" who="2" fromWho="2" sc="204,-41,224,-41,338,143,214,-41" /><INIT seed="2,2,0,5,4,96" ten="163,183,481,173" oya="2" hai0="75,33,41,78,94,127,129,35,121,61,45,85,120" hai1="34,110,126,70,69,47,21,90,24,52,115,134,116" hai2="40,99,95,63,125,8,23,19,0,13,49,58,117" hai3="123,3,37,105,77,104,101,7,1,114,130,91,81" shuffle="mt19937ar,EC1E9714,65F97299,9A7EE868,1FFAF3B5,C51B0823,559F9859,3A3747D0,1CD8E8BB"/><V57/><F117/><W92/><G37/><T31/><D75/><U97/><E116/><V22/><F125/><W44/><G44/><T111/><D127/><U135/><E115/><V27/><F0/><W53/><G53/><T48/><D111/><U68/><E34/><V133/><F133/><N who="1" m="50697" /><E110/><V83/><F83/><W84/><G7/><T50/><D129/><U60/><E126/><V128/><F128/><W103/><G3/><T30/><D61/><U93/><E47/><N who="2" m="25831" /><F63/><W5/><G5/><T29/><D78/><U43/><E43/><V74/><F74/><N who="3" m="43191" /><G1/><T122/><REACH who="0" step="1"/><D50/><REACH who="0" step="2"/><U73/><E73/><V76/><F76/><W39/><G39/><T62/><D62/><U6/><E60/><V17/><F8/><W36/><G36/><T46/><D46/><U11/><E69/><V124/><F124/><W64/><G130/><T20/><D20/><U10/><E70/><V2/><F2/><W87/><G64/><T82/><D82/><U67/><E68/><V108/><F108/><W106/><G123/><T80/><D80/><U72/><E67/><V102/><AGARI ba="2,1" hai="13,17,19,22,23,27,57,58,95,99,102" m="25831" machi="102" ten="30,3000,0" yaku="8,1,52,1" doraHai="96" who="2" fromWho="2" sc="153,-12,183,-12,481,46,173,-12" /><INIT seed="2,3,0,5,4,73" ten="141,171,527,161" oya="2" hai0="116,119,21,108,15,27,128,118,101,66,24,7,46" hai1="86,114,16,19,100,70,4,8,106,39,82,74,3" hai2="127,68,96,14,40,75,47,122,43,112,18,59,53" hai3="132,30,92,9,110,32,2,115,38,44,84,111,11" shuffle="mt19937ar,C3876049,B184F6ED,8827F376,68B722F5,16702A45,6ED63627,C12CD0E1,06485C7D"/><V49/><F112/><W31/><G38/><T61/><D108/><N who="3" m="41513" /><G115/><T91/><D128/><U71/><E114/><V133/><F68/><W63/><G132/><T5/><D101/><U79/><E39/><V104/><F122/><W124/><G124/><T56/><D91/><U12/><E74/><V121/><F127/><W78/><G44/><T72/><D72/><U50/><E19/><V20/><F133/><W125/><G125/><T80/><D80/><U13/><E3/><V52/><F121/><W33/><G92/><T117/><N who="0" m="29696" /><DORA hai="29" /><T107/><D107/><U90/><E90/><V55/><F75/><W60/><G31/><T135/><D135/><U42/><E100/><V34/><F34/><N who="3" m="13419" /><G30/><T130/><D46/><N who="1" m="25943" /><E106/><V129/><F104/><W77/><G84/><T36/><D36/><U89/><E89/><V6/><F96/><W58/><G63/><T22/><D130/><U65/><E65/><V103/><F103/><W105/><G105/><T54/><D66/><U120/><E120/><V76/><F129/><W88/><G88/><T26/><REACH who="0" step="1"/><D15/><REACH who="0" step="2"/><U109/><E109/><V123/><F14/><W67/><G2/><T126/><D126/><U51/><E51/><V113/><F49/><W93/><G93/><T97/><D97/><U10/><AGARI ba="3,1" hai="4,8,10,12,13,16,70,71,79,82,86" m="25943" machi="10" ten="30,4000,0" yaku="25,1,52,1,54,1" doraHai="73,29" who="1" fromWho="1" sc="131,-13,171,59,527,-23,161,-13" /><INIT seed="3,0,0,5,4,117" ten="118,230,504,148" oya="3" hai0="131,135,104,49,96,93,107,50,83,47,99,16,51" hai1="89,31,112,118,90,24,17,130,27,56,101,111,64" hai2="108,86,9,105,54,102,45,0,61,119,85,87,21" hai3="125,114,66,36,38,43,62,88,109,37,30,65,120" shuffle="mt19937ar,AC1AC424,4C9ECFBA,7FAD328D,4034C0C0,27BC3F2C,CC5990ED,F32E65FC,3683D412"/><W78/><G30/><T98/><D131/><U79/><E130/><V15/><F119/><W110/><G78/><T128/><D128/><U1/><E111/><N who="3" m="42506" /><G114/><T103/><D135/><U41/><E79/><V4/><F108/><W115/><G115/><T71/><D71/><U5/><E41/><V84/><F105/><W82/><G125/><T92/><D47/><U11/><E101/><V69/><F102/><W129/><G129/><T7/><D7/><U113/><E118/><V72/><F72/><W8/><G120/><T97/><D83/><U122/><E122/><V40/><F69/><N who="3" m="42167" /><G66/><T46/><D46/><U123/><E64/><V134/><F134/><W20/><G20/><T133/><D133/><U74/><E123/><V126/><F21/><W13/><G43/><T77/><D77/><U57/><E74/><V59/><F126/><W25/><G25/><T67/><D67/><U2/><E27/><V26/><F26/><W106/><G106/><T91/><REACH who="0" step="1"/><D16/><REACH who="0" step="2"/><U6/><E17/><V55/><F55/><W95/><G82/><T34/><D34/><U42/><E113/><V100/><F40/><W18/><G38/><T32/><D32/><U35/><E42/><V3/><F54/><W127/><G127/><T53/><D53/><U70/><E112/><V14/><F9/><W22/><G8/><T33/><D33/><U94/><E35/><V124/><F124/><W23/><G22/><T73/><D73/><U121/><E11/><V58/><F4/><W63/><G63/><T48/><N who="0" m="12288" /><DORA hai="10" /><T75/><D75/><U39/><E6/><V44/><F61/><RYUUKYOKU ba="0,1" sc="108,15,230,-15,504,-15,148,15" hai0="91,92,93,96,97,98,99,103,104,107" hai3="13,18,23,36,37,88,95" /><INIT seed="3,1,1,5,5,126" ten="123,215,489,163" oya="3" hai0="120,127,20,55,2,96,101,39,106,56,99,129,114" hai1="76,71,131,80,19,117,36,18,51,93,42,24,61" hai2="9,40,46,122,133,54,63,3,97,128,12,45,41" hai3="38,35,31,43,65,132,78,102,17,107,53,85,48" shuffle="mt19937ar,A2643FA1,DF5B5913,ADE81C6B,AECB7A2A,31B2A9A4,5BE70E76,ADA60450,768EC356"/><W4/><G65/><T10/><D120/><U34/><E36/><V115/><F3/><W74/><G4/><T58/><D127/><U98/><E117/><V90/><F115/><W89/><G38/><T33/><D33/><U72/><E71/><V84/><F122/><W88/><G43/><T111/><D114/><U87/><E61/><V37/><F133/><W13/><G74/><T44/><D111/><U73/><E34/><V86/><F54/><W64/><G64/><T79/><D129/><U5/><E131/><V124/><F63/><W28/><G107/><T62/><D79/><U104/><E5/><V32/><F128/><W116/><G102/><T30/><D96/><U77/><E42/><V125/><F46/><N who="3" m="27799" /><G35/><T59/><D39/><U52/><E104/><V123/><F41/><W112/><G112/><T130/><D130/><U121/><E121/><V110/><F32/><W94/><G78/><T8/><D44/><N who="1" m="27751" /><E73/><V100/><F123/><W109/><G109/><T22/><D2/><U11/><E76/><V113/><F110/><W105/><G105/><T16/><D30/><U27/><E72/><V83/><F113/><W0/><G0/><T23/><REACH who="0" step="1"/><D8/><REACH who="0" step="2"/><U66/><E11/><V70/><F70/><W15/><G132/><T118/><D118/><U7/><E77/><V29/><F125/><W1/><G1/><T26/><D26/><U67/><E27/><V95/><F124/><W81/><G116/><T119/><D119/><U47/><E24/><V6/><F29/><W103/><G31/><T135/><D135/><U50/><E98/><V82/><F97/><RYUUKYOKU ba="1,2" sc="113,30,215,-10,489,-10,163,-10" hai0="10,16,20,22,23,55,56,58,59,62,99,101,106" owari="143,-26,205,-4,499,50,153,-20" /></mjloggm>