<mjloggm ver="2.3"><GO type="225"/><UN n0="%E9%95%B7%E5%B2%A1%E5%A4%A7%E6%98%8E%E7%A5%9E" n1="%E7%AB%9C%E9%A9%A4%E9%BA%9F%E6%8C%AF" n2="%E2%98%85%E3%83%A6%E3%83%94%E3%83%86%E3%83%AB%E2%98%85" n3="%E3%83%81%E3%83%A3%E3%82%AA%E3%83%AA" dan="16,17,17,17" rate="2072,2021,2083,2108" sx="F,M,M,M"/><TAIKYOKU oya="0"/><INIT seed="0,0,0,2,0,89" ten="250,250,250,250" oya="0" hai0="60,21,108,63,48,129,102,95,98,105,92,94,121" hai1="71,80,20,115,68,76,30,106,53,116,109,64,96" hai2="122,39,67,120,132,83,77,103,49,126,119,22,24" hai3="46,7,58,18,0,85,97,93,15,28,52,6,42" shuffle="mt19937ar,A49FFE63,126FAE79,DE5CBD3B,57FDB013,BB162F93,C6475349,D344B0A2,CEC5E1F8"/><T111/><D121/><U35/><E116/><V90/><F119/><W40/><G85/><T110/><D129/><U38/><E38/><V31/><F39/><W43/><G28/><T59/><D21/><U65/><E20/><V82/><F126/><W17/><G46/><T133/><D133/><U74/><E115/><V50/><F132/><W101/><G0/><T56/><D48/><U107/><E53/><V81/><F103/><W135/><G135/><T128/><D128/><U1/><E1/><V113/><F113/><W104/><G104/><T99/><D99/><U34/><E109/><V33/><F77/><W19/><REACH who="3" step="1"/><G15/><REACH who="3" step="2"/><T13/><D13/><U123/><E30/><V84/><F122/><W131/><G131/><T12/><D12/><U79/><E123/><V134/><F134/><W62/><AGARI ba="0,1" hai="6,7,17,18,19,40,42,43,52,58,62,93,97,101" machi="62" ten="30,8000,1" yaku="1,1,0,1,8,1,52,1,54,1,53,0" doraHai="89" doraHaiUra="23" who="3" fromWho="3" sc="250,-40,250,-20,250,-20,240,90" /><INIT seed="1,0,0,5,0,0" ten="210,230,230,330" oya="1" hai0="19,122,119,117,10,60,35,103,71,24,89,98,51" hai1="49,102,120,75,64,91,48,93,38,126,125,133,47" hai2="135,88,66,40,97,34,87,110,100,50,8,58,45" hai3="4,12,111,79,65,128,41,27,28,62,31,134,22" shuffle="mt19937ar,E4FCAE26,060CC390,F6DF20DC,6E89BAC6,DF5DF64A,1DA70996,3B2AD22E,72E815DC"/><U105/><E75/><V83/><F110/><W6/><G79/><T78/><D122/><U14/><E120/><V5/><F135/><W115/><G115/><T131/><D78/><U13/><E133/><V9/><F34/><W44/><G134/><T113/><D113/><U118/><E38/><V114/><F114/><W52/><G111/><T29/><D131/><U37/><E37/><V94/><F5/><N who="3" m="2155" /><G41/><T76/><D76/><U132/><E118/><V116/><REACH who="2" step="1"/><F116/><REACH who="2" step="2"/><W101/><G128/><T77/><D35/><U46/><E132/><V57/><F57/><N who="3" m="37071" /><G101/><T74/><D103/><U99/><E64/><V70/><F70/><W33/><G33/><T127/><D119/><U67/><E67/><V11/><F11/><W3/><G3/><T80/><D10/><U36/><E36/><V107/><F107/><W112/><G112/><T123/><D117/><U1/><E1/><V129/><F129/><W95/><G12/><N who="1" m="4714" /><E46/><V84/><F84/><W130/><G130/><T72/><D123/><U23/><E47/><V90/><F90/><W124/><G124/><N who="1" m="47722" /><E23/><V20/><F20/><W109/><G109/><T21/><D127/><U17/><E17/><V104/><F104/><W16/><G95/><N who="0" m="56687" /><D74/><U96/><AGARI ba="0,1" hai="48,49,91,93,96,99,102,105" m="47722,4714" machi="96" ten="30,1500,0" yaku="18,1" doraHai="0" who="1" fromWho="1" sc="210,-5,230,25,220,-5,330,-5" /><INIT seed="1,1,0,0,5,18" ten="205,255,215,325" oya="1" hai0="77,61,32,83,90,8,71,54,13,102,55,121,100" hai1="14,98,52,42,56,124,69,120,64,111,19,118,103" hai2="29,3,76,110,126,10,57,88,12,67,21,97,91" hai3="125,82,25,78,28,133,47,65,15,9,122,37,26" shuffle="mt19937ar,5EDC8F52,8DB7FFCA,D21490DE,E1C62FA2,94786C64,9B6BDDAD,515D48B4,CBA8E95F"/><U59/><E118/><V17/><F110/><W63/><G122/><T101/><D32/><U41/><E120/><V6/><F126/><W86/><G125/><T93/><D121/><U36/><E124/><V114/><F114/><W109/><G109/><T94/><D71/><U22/><E111/><V73/><F97/><W70/><G133/><T4/><D61/><N who="1" m="37927" /><E36/><V60/><REACH who="2" step="1"/><F29/><REACH who="2" step="2"/><W106/><G28/><T96/><REACH who="0" step="1"/><D94/><REACH who="0" step="2"/><N who="1" m="58839" /><E69/><V113/><F113/><W92/><G70/><T23/><D23/><U7/><E7/><V107/><F107/><W27/><G106/><T33/><D33/><U127/><E127/><V81/><AGARI ba="1,2" hai="3,6,10,12,17,21,57,60,67,73,76,81,88,91" machi="81" ten="30,12000,2" yaku="1,1,0,1,52,1,54,1,53,2" doraHai="18" doraHaiUra="84" who="2" fromWho="2" sc="195,-31,255,-61,205,143,325,-31" /><INIT seed="2,0,0,3,5,78" ten="164,194,348,294" oya="2" hai0="18,47,44,105,7,64,36,4,21,116,126,30,26" hai1="111,72,127,94,104,19,108,23,96,86,81,38,39" hai2="119,134,40,57,101,3,8,93,41,84,112,85,27" hai3="34,95,29,55,113,131,117,6,114,33,65,68,13" shuffle="mt19937ar,3EABEBF6,7F4ADEFF,2B099592,09D5477B,12949424,991B03E2,F0D85470,D67107A8"/><V37/><F119/><W75/><G117/><T120/><D105/><U67/><E67/><V61/><F112/><N who="3" m="43115" /><G131/><T32/><D116/><U99/><E72/><V24/><F134/><W98/><G75/><T100/><D120/><U60/><E60/><V135/><F135/><W0/><G0/><T51/><D100/><U49/><E104/><V133/><F133/><W43/><G43/><N who="2" m="16457" /><F3/><W77/><G77/><T42/><D64/><U17/><E49/><V128/><F37/><W80/><G80/><T52/><REACH who="0" step="1"/><D126/><REACH who="0" step="2"/><U45/><E127/><V20/><F101/><N who="3" m="60639" /><G65/><T22/><D22/><U121/><E23/><V124/><F20/><W129/><G129/><T10/><D10/><U118/><E118/><V48/><F8/><W63/><G34/><T46/><D46/><U122/><E45/><V97/><F124/><W12/><G33/><T92/><D92/><U25/><E94/><V83/><F93/><W66/><G66/><T2/><D2/><U109/><E109/><V11/><F11/><W102/><G102/><T53/><D53/><U58/><E111/><V130/><F130/><W87/><G55/><T82/><D82/><U79/><E108/><V14/><F83/><W74/><G68/><T110/><D110/><U50/><E121/><V16/><F128/><W73/><G73/><T115/><D115/><U132/><E122/><V88/><F97/><W15/><G74/><T56/><D56/><U71/><E132/><V35/><F57/><W123/><G123/><T76/><D76/><U90/><E58/><V31/><F35/><W28/><G6/><T89/><D89/><RYUUKYOKU ba="0,1" sc="154,30,194,-10,348,-10,294,-10" hai0="4,7,18,21,26,30,32,36,42,44,47,51,52" /><INIT seed="3,1,1,2,1,78" ten="184,184,338,284" oya="3" hai0="66,122,132,28,116,72,108,16,41,85,89,92,21" hai1="86,61,57,15,114,76,121,94,24,105,29,90,111" hai2="31,7,97,54,59,65,96,134,0,11,26,4,64" hai3="100,109,107,71,46,93,99,70,17,38,113,19,123" shuffle="mt19937ar,F5FC1588,D1D6E810,1B549246,BB65FDB0,5BDA21E2,7E142632,A1C4D084,2DE63D72"/><W58/><G113/><T35/><D116/><U112/><E105/><V106/><F134/><W95/><G123/><T73/><D122/><U68/><E121/><V103/><F103/><W1/><G1/><T20/><D132/><U101/><E68/><V5/><F5/><W80/><G109/><T77/><D108/><U115/><E111/><V45/><F45/><W22/><G58/><T13/><D35/><U75/><E101/><V79/><F79/><W36/><G100/><T10/><D41/><U125/><E125/><V14/><F14/><W82/><G46/><T30/><D77/><U50/><E50/><V117/><F117/><W2/><G2/><T52/><D66/><U131/><E15/><V9/><F106/><W44/><G44/><T39/><D39/><U62/><E131/><V74/><F74/><W118/><G107/><T47/><D72/><U18/><E18/><V8/><F64/><W128/><G118/><T51/><D73/><U84/><E75/><V43/><F43/><W110/><G110/><T124/><D124/><U48/><E48/><V55/><F65/><W135/><G135/><T23/><AGARI ba="1,1" hai="10,13,16,20,21,23,28,30,47,51,52,85,89,92" machi="23" ten="30,7900,0" yaku="0,1,8,1,54,2" doraHai="78" who="0" fromWho="0" sc="184,92,184,-21,338,-21,284,-40" owari="276,3,163,-24,317,32,244,-11" /></mjloggm>