<mjloggm ver="2.3"><GO type="185"/><UN n0="%41%55%54%4F%4E%4F%4D%59" n1="%E3%81%9F%E3%82%80%E3%81%A8%E3%83%BC" n2="%E7%A5%9E%E9%80%9F%E2%98%85%2E%63%6F%6D" n3="" dan="16,16,17,0" rate="2117,2115,2184,1500" sx="M,M,M,C"/><TAIKYOKU oya="0"/><INIT seed="0,0,0,2,2,123" ten="350,350,350,0" oya="0" hai0="74,126,48,96,133,87,2,44,118,100,34,93,94" hai1="77,128,119,33,127,52,115,112,38,43,62,65,98" hai2="42,120,3,75,68,63,110,61,103,95,99,60,54" hai3="" shuffle="mt19937ar,B5EF7FC9,A7937D21,6B3F2F6A,11735758,02FF12AD,32145F18,CD1188C0,45519CE5"/><T104/><D74/><U90/><E33/><V69/><N who="2" m="30752" /><V56/><F3/><T122/><N who="0" m="31264" /><T73/><D73/><U0/><E0/><V86/><F75/><T79/><D2/><U82/><E119/><V135/><F135/><T37/><D118/><U97/><E127/><V35/><F35/><T71/><D34/><U105/><E128/><V101/><F110/><T36/><D71/><U121/><N who="1" m="31008" /><U32/><E32/><V70/><F42/><T41/><D126/><U50/><E38/><V58/><F86/><T55/><D133/><U51/><E43/><V124/><F124/><T46/><D37/><U39/><E39/><V125/><F125/><T57/><D79/><U88/><E105/><V109/><F109/><T47/><D104/><U116/><E116/><V80/><F80/><T64/><D64/><U84/><E77/><V117/><F117/><T45/><D45/><U130/><E130/><V83/><F83/><T107/><D107/><U53/><E82/><V106/><F54/><T49/><D36/><U40/><E40/><V81/><REACH who="2" step="1"/><F81/><REACH who="2" step="2"/><T66/><D41/><U91/><E84/><V134/><F134/><T85/><D85/><U72/><E72/><V113/><F113/><T78/><D87/><RYUUKYOKU ba="0,1" sc="350,-10,350,-10,340,20,0,0" hai2="56,58,60,61,63,68,69,70,95,99,101,103,106" /><INIT seed="1,1,1,3,3,78" ten="340,340,360,0" oya="1" hai0="124,134,43,39,127,104,103,97,65,113,84,76,120" hai1="60,47,86,119,70,48,108,33,44,95,54,128,51" hai2="1,56,85,67,66,126,88,38,96,63,35,32,36" hai3="" shuffle="mt19937ar,A9AA34FF,3ED7F3D6,B8A3067F,3DBAF84A,8D250BF9,F4910405,6FDBCEE8,F49B95EC"/><U62/><E33/><V101/><F1/><T42/><N who="0" m="30752" /><T135/><D65/><U64/><E119/><V69/><F126/><N who="0" m="48170" /><D113/><U110/><E95/><V123/><N who="2" m="31520" /><V34/><F67/><T81/><D39/><U117/><E86/><V131/><F131/><T132/><AGARI ba="1,1" hai="42,43,76,81,84,97,103,104,132,134,135" m="48170,30752" machi="132" ten="40,6000,1" yaku="20,1,18,1,52,2" doraHai="78" who="0" fromWho="0" sc="340,72,340,-41,360,-21,0,0" /><INIT seed="2,0,0,5,5,52" ten="412,299,339,0" oya="2" hai0="69,62,36,113,71,85,45,63,2,59,123,55,135" hai1="80,37,84,49,97,79,86,47,53,100,54,78,64" hai2="93,96,88,76,34,66,60,74,83,68,108,116,117" hai3="" shuffle="mt19937ar,3C1BDD2F,907DBC41,11157110,DF5C9498,F1F19580,B310178F,52E920F0,137AD4BD"/><V73/><F34/><T114/><N who="0" m="31520" /><T119/><D2/><U109/><E109/><V104/><F108/><T102/><D119/><U126/><E126/><V70/><F70/><T91/><D102/><U61/><E37/><V33/><F33/><T90/><D90/><U95/><E53/><V75/><REACH who="2" step="1"/><F104/><REACH who="2" step="2"/><T42/><D135/><U122/><N who="1" m="31264" /><U110/><E110/><V111/><F111/><T92/><D69/><U101/><E101/><V82/><F82/><T121/><N who="0" m="31008" /><T98/><D71/><U56/><E79/><V58/><F58/><T132/><D132/><U44/><E44/><V51/><F51/><T40/><D63/><U105/><E105/><V41/><F41/><N who="0" m="15978" /><D36/><U1/><E1/><V118/><AGARI ba="0,1" hai="60,66,68,73,74,75,76,83,88,93,96,116,117,118" machi="118" ten="30,7800,0" yaku="1,1,0,1,54,1,53,1" doraHai="52" doraHaiUra="89" who="2" fromWho="2" sc="412,-39,299,-39,329,88,0,0" /><INIT seed="2,1,0,0,2,48" ten="373,260,417,0" oya="2" hai0="45,37,118,115,128,33,94,63,38,88,131,77,76" hai1="90,57,80,49,0,65,113,103,3,46,125,67,81" hai2="53,112,1,101,54,133,62,119,124,72,60,100,97" hai3="" shuffle="mt19937ar,11D781EB,B35235FF,2F17F531,67128EC1,45E5C287,3FCD8F42,5574D546,6D4D29D2"/><V70/><F1/><T74/><D33/><U84/><E113/><V2/><F2/><T55/><D115/><U105/><E125/><V126/><F112/><T110/><D118/><U47/><E0/><V40/><F119/><T86/><D110/><U96/><E3/><V134/><F72/><T71/><D71/><U114/><E114/><V85/><F85/><T39/><D74/><U106/><E106/><V102/><F40/><T108/><D108/><U116/><E116/><V75/><F75/><T36/><D63/><N who="2" m="24106" /><F70/><T44/><D44/><U98/><E98/><V129/><F129/><T93/><D93/><U43/><E57/><V117/><F97/><T51/><REACH who="0" step="1"/><D39/><REACH who="0" step="2"/><U135/><E46/><V32/><F32/><T95/><D95/><U61/><E81/><V41/><F117/><T68/><D68/><U78/><E61/><V120/><N who="2" m="30752" /><V42/><F124/><T83/><D83/><U64/><E78/><AGARI ba="1,1" hai="36,37,38,45,51,55,76,77,78,86,88,94,128,131" machi="78" ten="50,6400,0" yaku="1,1,52,1,54,1,53,0" doraHai="48" doraHaiUra="122" who="0" fromWho="1" sc="363,76,260,-66,417,0,0,0" /><INIT seed="4,0,0,3,0,127" ten="439,194,417,0" oya="0" hai0="32,64,81,107,116,126,65,84,69,47,103,51,45" hai1="49,79,115,74,68,77,117,125,130,109,38,134,39" hai2="60,63,131,96,86,132,113,56,88,66,93,82,33" hai3="" shuffle="mt19937ar,28E116E7,3B891931,07D80DCC,F50BD966,C5071F2D,F8F62EBF,CE436885,C38AF3DB"/><T92/><D32/><U35/><E77/><V2/><F33/><T3/><D3/><U75/><E79/><V76/><F2/><T124/><D107/><U129/><E75/><V128/><F132/><T97/><D47/><U53/><E129/><N who="2" m="49739" /><F63/><T122/><N who="0" m="31264" /><T106/><D106/><U95/><E95/><V94/><F94/><T42/><D116/><U50/><E53/><V105/><F105/><T40/><D40/><U1/><E49/><V108/><F113/><T91/><D69/><U87/><E87/><V59/><F108/><T111/><D111/><U80/><E50/><V83/><F82/><T54/><D126/><U55/><E55/><V119/><F119/><T67/><D124/><U41/><E41/><V46/><F46/><T43/><AGARI ba="0,0" hai="42,43,45,51,54,64,65,67,81,84,91,92,97,103" m="31264" machi="43" ten="30,4000,0" yaku="0,1,8,1,52,1" doraHai="127" who="0" fromWho="0" sc="439,40,194,-20,417,-20,0,0" /><INIT seed="4,1,0,4,4,97" ten="479,174,397,0" oya="0" hai0="81,77,51,126,64,76,50,61,88,113,39,124,47" hai1="40,129,67,69,3,33,46,2,114,74,63,131,48" hai2="127,1,71,65,75,34,0,42,111,133,101,116,60" hai3="" shuffle="mt19937ar,5E456514,42BE5698,22663289,666B53ED,6B57B685,F4B5316A,1F837FCC,DB93112C"/><T130/><D39/><U84/><E74/><V59/><F34/><T54/><D130/><N who="1" m="49675" /><E33/><V125/><F116/><T66/><D113/><U102/><E114/><V94/><F111/><T134/><D134/><U104/><E84/><V108/><F108/><T135/><D135/><U110/><E110/><V55/><F133/><T37/><D37/><U86/><E86/><V122/><N who="2" m="31264" /><V83/><F42/><T119/><D119/><U36/><E48/><V38/><F38/><T117/><D117/><U85/><E85/><V52/><F75/><T62/><D88/><U99/><AGARI ba="1,0" hai="2,3,36,40,46,63,67,69,99,102,104" m="49675" machi="99" ten="30,3000,0" yaku="19,1,23,1,52,1" doraHai="97" who="1" fromWho="1" sc="479,-21,174,32,397,-11,0,0" /><INIT seed="5,0,0,0,5,92" ten="458,206,386,0" oya="1" hai0="40,71,95,125,3,134,41,88,78,69,115,103,82" hai1="53,122,129,94,108,67,101,81,55,77,112,91,0" hai2="2,133,57,60,75,93,73,62,50,89,51,72,117" hai3="" shuffle="mt19937ar,B647DC37,F9FD1864,CCD3FAB1,B577C926,86F4472C,5B253501,F0473B25,50B9F842"/><U79/><E0/><V114/><F2/><T102/><D3/><U64/><N who="1" m="31264" /><U96/><E112/><V33/><F33/><T107/><D115/><U38/><E129/><V61/><F114/><T49/><D125/><U1/><E1/><V80/><F117/><T130/><D130/><U63/><E108/><V99/><F133/><T90/><D134/><U85/><E38/><V132/><F132/><T124/><D124/><U86/><E77/><V46/><F80/><T121/><N who="0" m="31008" /><T70/><D90/><U47/><E47/><V45/><F50/><T120/><N who="0" m="30752" /><T131/><D131/><U65/><REACH who="1" step="1"/><E63/><REACH who="1" step="2"/><V83/><F46/><T43/><D49/><U68/><E68/><V104/><F57/><T97/><REACH who="0" step="1"/><D107/><AGARI ba="0,1" hai="53,55,64,65,67,79,81,85,86,91,94,96,101,107" m="31264" machi="107" ten="40,7700,0" yaku="1,1,52,2,53,0" doraHai="92" doraHaiUra="113" who="1" fromWho="0" sc="458,-77,196,87,386,0,0,0" /><INIT seed="5,1,0,4,4,125" ten="381,283,386,0" oya="1" hai0="126,56,122,51,113,75,70,98,86,100,79,65,110" hai1="104,68,0,39,43,97,72,57,36,62,131,89,115" hai2="2,73,82,66,49,59,78,134,80,112,64,42,96" hai3="" shuffle="mt19937ar,6B42410D,66E0F944,6C5C2A43,2C20E5CE,CA2C482B,BCAC5CFE,8F6BAFB6,1E66EDFC"/><U91/><E0/><V129/><F2/><T119/><N who="0" m="31264" /><T132/><D119/><U118/><E118/><V53/><F134/><T99/><D132/><U85/><E72/><V3/><F3/><T130/><D126/><U117/><E117/><V67/><F112/><T135/><D135/><U55/><E115/><V107/><F129/><T81/><D130/><U71/><E131/><V87/><F42/><T114/><D99/><U133/><E133/><V109/><F109/><T90/><D110/><U33/><E33/><V120/><N who="2" m="30752" /><V105/><REACH who="2" step="1"/><F96/><REACH who="2" step="2"/><T103/><D98/><U77/><E43/><V45/><F45/><T101/><D114/><U69/><E104/><V38/><F38/><T60/><D113/><U34/><E34/><V93/><F93/><T108/><D108/><U40/><E40/><V111/><F111/><T37/><D37/><U95/><REACH who="1" step="1"/><E77/><AGARI ba="1,1" hai="49,53,59,64,66,67,73,77,78,80,82,87,105,107" m="30752" machi="77" ten="40,2600,0" yaku="1,1,52,1,53,0" doraHai="125" doraHaiUra="94" who="2" fromWho="1" sc="381,0,283,-28,376,38,0,0" /><INIT seed="6,0,0,1,2,59" ten="381,255,414,0" oya="2" hai0="116,73,134,129,1,38,94,43,85,56,84,119,98" hai1="53,132,80,66,40,74,35,113,111,123,109,135,65" hai2="100,87,114,107,72,128,34,81,61,2,130,50,90" hai3="" shuffle="mt19937ar,C670B2ED,10C08D2E,807DAA03,B32F3A4C,553DEEF5,4029AEDD,A410B7A9,3D641E59"/><V118/><F2/><T32/><D1/><U122/><N who="1" m="31264" /><U127/><N who="1" m="31520" /><U33/><E74/><V93/><F34/><N who="1" m="12809" /><E80/><V47/><F118/><T76/><D32/><U92/><E92/><V46/><F114/><T58/><D73/><U36/><E113/><V71/><F107/><T124/><D94/><U117/><E117/><V86/><F72/><T95/><D95/><U3/><E3/><V131/><F100/><T75/><D75/><U62/><E53/><V42/><F47/><T97/><D76/><U83/><E83/><V101/><F101/><T110/><D119/><U68/><E65/><V108/><F108/><N who="1" m="41545" /><E127/><V63/><F71/><T121/><N who="0" m="31008" /><T60/><D116/><U96/><E96/><V41/><F41/><T105/><D110/><U70/><E70/><V77/><AGARI ba="0,0" hai="42,46,50,61,63,77,81,86,87,90,93,128,130,131" machi="77" ten="30,7800,0" yaku="0,1,19,1,52,2" doraHai="59" who="2" fromWho="2" sc="381,-39,255,-39,414,78,0,0" owari="342,-6,216,-38,492,44,0,0" /></mjloggm>