<mjloggm ver="2.3"><GO type="185"/><UN n0="%E3%81%B5%E3%81%8F%EF%BC%A3%EF%BD%88%EF%BD%81%EF%BD%8E%E2%99%AA" n1="%E3%80%93%E3%81%84%E3%81%A1%E3%81%AF%E3%82%89%E3%80%93" n2="%E3%81%A8%E3%81%84%E3%81%A4%E3%81%BE%E3%81%99%E3%81%9F%E3%81%81%E2%99%AA" n3="" dan="17,18,16,0" rate="2153,2256,2145,1500" sx="F,M,M,C"/><TAIKYOKU oya="0"/><INIT seed="0,0,0,2,4,53" ten="350,350,350,0" oya="0" hai0="1,95,106,43,134,58,116,40,75,124,2,50,135" hai1="52,89,119,3,38,114,117,102,56,62,104,0,98" hai2="39,111,73,59,69,92,115,97,99,57,37,81,103" hai3="" shuffle="mt19937ar,5E4B80E8,5B925022,09882E07,712C6845,692FB03A,13F41B1E,47D52F8F,54146E12"/><T49/><D106/><U80/><E38/><V60/><F69/><T93/><D75/><U79/><E114/><V33/><F33/><T133/><D116/><U46/><E46/><V83/><F115/><T101/><D124/><U32/><E32/><V118/><F118/><T71/><D71/><U120/><N who="1" m="30752" /><U82/><E119/><V112/><F112/><T131/><D131/><U67/><E117/><V96/><F111/><T107/><D107/><U87/><REACH who="1" step="1"/><E67/><REACH who="1" step="2"/><V35/><F35/><T121/><N who="0" m="31008" /><T72/><D58/><U42/><E42/><V91/><F59/><T128/><D128/><U47/><E47/><V100/><F37/><T110/><D110/><U108/><E108/><V105/><F39/><T68/><D68/><U54/><E54/><V125/><F125/><T85/><D134/><U122/><N who="1" m="31264" /><U36/><E36/><V66/><REACH who="2" step="1"/><F73/><AGARI ba="0,1" hai="0,3,52,56,62,73,79,80,82,87,89,98,102,104" m="31264,30752" machi="73" ten="30,12000,2" yaku="1,1,7,1,52,3,54,1,53,1" doraHai="53" doraHaiUra="51" who="1" fromWho="2" sc="350,0,340,130,350,-120,0,0" /><INIT seed="1,0,0,0,5,39" ten="350,470,230,0" oya="1" hai0="46,38,93,103,92,65,95,54,58,114,40,101,86" hai1="71,70,96,2,134,133,127,59,121,97,125,124,115" hai2="60,109,98,52,43,112,107,105,32,35,79,90,67" hai3="" shuffle="mt19937ar,01B479DC,97350AA2,7180F27D,B3D76E2A,82EED14E,316E466D,26F3A0F4,4F3B698E"/><U53/><N who="1" m="31008" /><U64/><E2/><V57/><F112/><T73/><D73/><U47/><E97/><V120/><N who="2" m="30752" /><V128/><F128/><T33/><D33/><U94/><E115/><V99/><F109/><T41/><D114/><U83/><E83/><V3/><F3/><T0/><D0/><U69/><E47/><V89/><F79/><T106/><D41/><U129/><E64/><V108/><F108/><T132/><D65/><U75/><E75/><V44/><F32/><T34/><D34/><U61/><REACH who="1" step="1"/><E129/><REACH who="1" step="2"/><V55/><F35/><T131/><D131/><U84/><E84/><V102/><F99/><T1/><D1/><U51/><E51/><V78/><F107/><T62/><D106/><U122/><N who="1" m="31264" /><U126/><N who="1" m="31744" /><DORA hai="100" /><U77/><E77/><V74/><F78/><T88/><D103/><AGARI ba="0,1" hai="53,59,61,69,70,71,94,96,103,133,134" m="31744,31264,31008" machi="103" ten="80,12000,1" yaku="1,1,18,1,52,2,53,1" doraHai="39,100" doraHaiUra="72,48" who="1" fromWho="0" sc="350,-120,460,130,230,0,0,0" /><INIT seed="1,1,0,1,1,131" ten="230,590,230,0" oya="1" hai0="54,56,59,103,99,85,66,78,61,1,47,58,0" hai1="46,51,38,48,130,68,101,133,41,118,40,34,116" hai2="44,74,108,113,125,2,81,37,93,92,114,3,39" hai3="" shuffle="mt19937ar,7469EB19,88C19849,6E4F9030,38691CC8,00E4A0C9,7872F507,9481C7B9,8C0C56F5"/><U65/><E34/><V35/><F35/><T117/><D117/><U43/><E101/><V132/><F108/><T91/><D78/><U32/><E32/><V112/><F125/><T106/><D47/><U135/><E130/><V98/><F44/><T55/><D55/><U87/><E87/><V69/><F69/><T134/><D134/><N who="1" m="51211" /><E38/><N who="2" m="14347" /><F132/><T123/><N who="0" m="31520" /><T102/><D102/><U110/><E110/><V111/><F111/><T57/><REACH who="0" step="1"/><D54/><REACH who="0" step="2"/><U50/><E46/><V63/><F2/><T95/><AGARI ba="1,1" hai="0,1,56,57,58,59,61,66,85,91,95,99,103,106" m="31520" machi="95" ten="30,5900,0" yaku="1,1,2,1,0,1,52,1,53,0" doraHai="131" doraHaiUra="128" who="0" fromWho="0" sc="220,71,590,-40,230,-21,0,0" /><INIT seed="2,0,0,1,4,111" ten="291,550,209,0" oya="2" hai0="133,94,0,62,129,109,59,50,114,66,82,96,52" hai1="51,103,46,120,89,100,77,80,83,113,78,74,54" hai2="97,104,84,126,70,55,64,119,115,32,68,79,130" hai3="" shuffle="mt19937ar,B8B99366,B61A4421,6D868BDC,5BD8C8BE,83E36DF2,3545C8CE,EFEAD093,C6C07CD6"/><V44/><F32/><T105/><D0/><U118/><N who="1" m="30752" /><U33/><E33/><V101/><F119/><T87/><D109/><U75/><E118/><V81/><F130/><T49/><D133/><U42/><E113/><V106/><F126/><T37/><D37/><U67/><E67/><V45/><F115/><T102/><D129/><U41/><E89/><V47/><F64/><T76/><D114/><U58/><REACH who="1" step="1"/><E42/><REACH who="1" step="2"/><V43/><F43/><T91/><REACH who="0" step="1"/><D66/><REACH who="0" step="2"/><U3/><E3/><V108/><F108/><T61/><D61/><AGARI ba="0,2" hai="41,46,51,54,58,61,74,75,77,78,80,83,100,103" m="30752" machi="61" ten="30,7700,0" yaku="1,1,7,1,9,1,52,1,53,0" doraHai="111" doraHaiUra="1" who="1" fromWho="0" sc="281,-77,540,97,209,0,0,0" /><INIT seed="4,0,0,3,3,133" ten="204,637,209,0" oya="0" hai0="45,123,40,84,2,129,124,34,111,117,100,87,119" hai1="81,60,59,97,125,57,134,82,102,72,131,127,39" hai2="106,107,120,112,101,1,118,108,122,98,73,33,35" hai3="" shuffle="mt19937ar,F7BF2AB6,A4B7313F,1B7390BC,225864EB,46D78729,D2C21D5D,FE607A33,64EA8290"/><T78/><N who="0" m="31520" /><T37/><D34/><U76/><E39/><V49/><N who="2" m="30752" /><V135/><N who="2" m="31264" /><V55/><F1/><T75/><D2/><U58/><E134/><V54/><F108/><T68/><D111/><U121/><N who="1" m="31008" /><U46/><E46/><V79/><F135/><T74/><D129/><U95/><E131/><V99/><F118/><T42/><D68/><U43/><E43/><V90/><F112/><T130/><D130/><U36/><E36/><V32/><F90/><T53/><D124/><N who="1" m="47691" /><E82/><V63/><F32/><T86/><D42/><U65/><AGARI ba="0,0" hai="57,58,59,60,65,72,76,81,95,97,102" m="47691,31008" machi="65" ten="30,6000,1" yaku="18,1,52,4" doraHai="133" who="1" fromWho="1" sc="204,-40,637,60,209,-20,0,0" /><INIT seed="5,0,0,2,2,100" ten="164,697,189,0" oya="1" hai0="133,117,122,76,82,95,103,72,124,108,111,134,68" hai1="125,94,107,130,74,40,39,33,98,1,97,41,50" hai2="35,55,34,128,0,64,47,88,102,131,48,115,43" hai3="" shuffle="mt19937ar,705B860E,3F3A744C,FB6245B5,085C8729,095136E1,F3901D31,136405C6,C34D0ABC"/><U75/><E33/><V119/><F0/><T87/><N who="0" m="31264" /><T52/><D68/><U38/><E1/><V51/><F119/><T2/><D2/><U104/><E94/><V62/><F115/><T67/><D67/><U69/><E50/><V77/><F77/><T112/><D52/><U56/><E56/><V99/><F88/><T126/><D117/><U101/><E101/><V44/><F128/><T54/><D54/><U73/><E73/><V45/><F45/><T121/><N who="0" m="31008" /><T42/><D42/><U65/><E130/><V71/><F131/><T84/><D112/><U113/><E113/><V81/><F81/><T135/><D72/><U92/><E65/><V85/><F85/><T118/><D118/><U129/><E129/><V96/><F96/><T89/><D103/><U61/><E69/><V116/><F116/><T110/><AGARI ba="0,0" hai="76,82,84,87,89,95,108,110,111,124,126,133,134,135" m="31008,31264" machi="110" ten="40,9000,2" yaku="0,1,20,1,34,3,52,2" doraHai="100" who="0" fromWho="0" sc="164,90,697,-60,189,-30,0,0" /><INIT seed="6,0,0,0,3,81" ten="254,637,159,0" oya="2" hai0="93,90,126,110,41,72,65,44,97,130,73,106,103" hai1="49,69,34,134,92,43,135,95,37,86,96,40,117" hai2="121,94,82,39,132,74,53,85,129,62,55,109,36" hai3="" shuffle="mt19937ar,ECD5DB55,F3752C83,77C501DE,1B5B7ED4,E822397C,AD3B3446,00A14F0C,42298BCE"/><V68/><N who="2" m="31008" /><V38/><F109/><T114/><D110/><U88/><E34/><V125/><F125/><T102/><D126/><U99/><E69/><V70/><F129/><T71/><D130/><U51/><E117/><V3/><F3/><T105/><D114/><U101/><E37/><V42/><F42/><T131/><D131/><U67/><E67/><V128/><F128/><T57/><D71/><U54/><E51/><V2/><F2/><T48/><D103/><U50/><E50/><V33/><F33/><T0/><D106/><U79/><E79/><V66/><F70/><T32/><D32/><U112/><E112/><V116/><F116/><T77/><D77/><U123/><N who="1" m="31520" /><U84/><E134/><V107/><F107/><T35/><D35/><U61/><E61/><V45/><F132/><T80/><D80/><U118/><E118/><V60/><F60/><T76/><D76/><U47/><E135/><V124/><F124/><T115/><D115/><U91/><E99/><V133/><F133/><T100/><D0/><U108/><E108/><V78/><REACH who="2" step="1"/><F45/><REACH who="2" step="2"/><T1/><D1/><U89/><E43/><V127/><F127/><T46/><D46/><U98/><E40/><V104/><F104/><T111/><D105/><RYUUKYOKU ba="0,1" sc="254,-20,637,10,149,10,0,0" hai1="47,49,54,84,86,88,89,91,92,95,96,98,101" hai2="36,38,39,53,55,62,66,68,74,78,82,85,94" /><INIT seed="6,1,1,4,5,123" ten="234,647,159,0" oya="2" hai0="51,81,74,66,90,98,33,45,88,46,50,32,76" hai1="100,44,94,55,132,54,82,52,85,97,41,121,125" hai2="40,75,103,101,68,110,99,77,129,48,106,134,78" hai3="" shuffle="mt19937ar,D5A427AC,1A67ECD6,04E6399A,90A75719,EF1F3808,78F49355,F315A4D7,13BE98F3"/><V79/><F68/><T0/><D0/><U53/><N who="1" m="31008" /><U107/><E132/><V69/><F69/><T102/><D66/><U95/><E125/><V49/><F134/><T89/><D50/><U57/><E55/><V116/><F116/><T108/><D108/><U63/><E95/><V61/><F61/><T113/><D113/><U80/><E107/><V1/><F1/><T43/><REACH who="0" step="1"/><D46/><REACH who="0" step="2"/><U47/><E47/><V118/><F118/><T126/><D126/><U67/><REACH who="1" step="1"/><E85/><REACH who="1" step="2"/><V105/><F129/><T37/><D37/><AGARI ba="1,3" hai="37,41,44,52,53,54,57,63,67,80,82,94,97,100" m="31008" machi="37" ten="40,8000,1" yaku="1,1,2,1,52,1,54,1,53,1" doraHai="123" doraHaiUra="42" who="1" fromWho="0" sc="224,-82,637,112,159,0,0,0" owari="142,-46,749,70,159,-24,0,0" /></mjloggm>