<mjloggm ver="2.3"><GO type="225"/><UN n0="%62%61%6B%61%73%65" n1="%E9%95%B7%E5%B2%A1%E5%A4%A7%E6%98%8E%E7%A5%9E" n2="%73%69%67%65%6E%6F%72%69" n3="%E5%B1%B1%E5%B9%B8%E5%95%86%E5%BA%97" dan="16,16,17,17" rate="2014,2062,2126,2158" sx="F,F,M,M"/><TAIKYOKU oya="0"/><INIT seed="0,0,0,0,4,89" ten="250,250,250,250" oya="0" hai0="7,70,86,102,99,78,81,83,18,121,131,41,22" hai1="45,47,123,64,39,106,92,69,134,21,135,79,62" hai2="63,26,101,110,66,118,111,43,28,11,100,77,96" hai3="48,27,127,38,90,29,20,34,76,44,84,132,113" shuffle="mt19937ar,5D2A7380,51EC830E,9217C840,B55CB7CC,2C15C1C3,885B2CE8,571C788A,0325B1EA"/><T67/><D131/><U0/><E106/><V59/><F118/><W112/><G38/><T117/><D121/><U53/><E123/><V58/><F77/><W46/><G76/><T94/><D117/><U82/><E0/><V4/><F43/><W114/><G132/><N who="1" m="50730" /><E39/><V51/><F51/><W56/><G127/><T15/><D41/><U19/><E53/><V12/><F59/><W17/><G56/><T33/><D33/><U55/><E55/><V60/><F60/><W31/><G31/><T120/><D120/><U125/><E125/><V105/><REACH who="2" step="1"/><F100/><REACH who="2" step="2"/><W42/><G46/><T80/><REACH who="0" step="1"/><D7/><REACH who="0" step="2"/><U72/><E72/><V109/><F109/><W116/><G116/><T128/><D128/><U50/><E79/><V52/><F52/><W1/><G114/><T88/><D88/><U104/><E64/><V74/><F74/><W10/><G113/><T107/><D107/><U108/><E104/><V5/><F5/><W35/><G112/><T6/><D6/><U97/><E108/><V24/><F24/><W61/><G27/><T71/><D71/><U49/><E69/><V57/><F57/><W85/><G90/><T13/><D13/><U133/><E133/><V54/><F54/><W30/><G42/><T129/><D129/><U119/><E119/><V37/><F37/><W130/><G130/><T14/><D14/><U32/><E45/><V16/><F16/><W2/><G17/><T40/><D40/><U68/><E19/><V122/><F122/><W91/><G44/><T73/><D73/><U8/><E47/><V98/><F98/><W23/><G91/><RYUUKYOKU ba="0,2" sc="240,15,250,-15,240,15,250,-15" hai0="15,18,22,67,70,78,80,81,83,86,94,99,102" hai2="4,11,12,26,28,58,63,66,96,101,105,110,111" /><INIT seed="0,1,2,0,5,38" ten="255,235,255,235" oya="0" hai0="51,97,53,120,76,11,50,106,55,67,58,89,83" hai1="24,95,36,100,74,117,94,12,131,73,92,104,68" hai2="62,3,60,109,30,102,77,128,9,40,86,43,75" hai3="2,90,4,6,54,113,65,56,15,28,133,135,111" shuffle="mt19937ar,D41DDA65,67C59FBC,507F9D25,C90FB8DD,1FB385B9,CB460A43,2CB6FA6D,62BCAA3F"/><T34/><D34/><U110/><E68/><V84/><F75/><W49/><G113/><T52/><D120/><U22/><E36/><V103/><F128/><W124/><G2/><T78/><D106/><U10/><E131/><V7/><F109/><W31/><G111/><T23/><D11/><U66/><E110/><V126/><F126/><W26/><G124/><T45/><D67/><U69/><E117/><V18/><F30/><W42/><G42/><N who="2" m="15913" /><F3/><W70/><G90/><T112/><D112/><U8/><E69/><V121/><F7/><N who="3" m="2603" /><G15/><T59/><D23/><U82/><E66/><V98/><F121/><W91/><G91/><T37/><D37/><U118/><E118/><V130/><F130/><W108/><G108/><T134/><D134/><N who="3" m="51209" /><G26/><T88/><D97/><U99/><E12/><N who="2" m="7439" /><F98/><W129/><G129/><T47/><D55/><U1/><E1/><V17/><F17/><W32/><G32/><T116/><D116/><U21/><E74/><V127/><F127/><W96/><G96/><T93/><D83/><U79/><E22/><V80/><F84/><W114/><G114/><T16/><D16/><U5/><E5/><V61/><AGARI ba="1,2" hai="60,61,62,77,80,86,102,103" m="7439,15913" machi="61" ten="30,7900,0" yaku="8,1,52,3" doraHai="38" who="2" fromWho="2" sc="255,-40,235,-21,255,102,235,-21" /><INIT seed="1,0,0,4,5,114" ten="215,214,357,214" oya="1" hai0="32,108,22,59,105,100,120,57,102,60,5,40,79" hai1="45,54,63,53,85,37,78,124,89,74,11,115,122" hai2="93,109,69,7,121,134,33,96,113,61,127,15,129" hai3="135,20,87,4,8,50,13,0,31,83,21,19,46" shuffle="mt19937ar,405D2274,CA4DE710,71CF2017,D01F1512,AF7084D2,ACC41C58,0FE87076,EE133BED"/><U26/><E122/><V75/><RYUUKYOKU type="yao9" ba="0,0" sc="215,0,214,0,357,0,214,0" hai2="7,15,33,61,69,75,93,96,109,113,121,127,129,134" /><INIT seed="1,1,0,2,3,81" ten="215,214,357,214" oya="1" hai0="124,21,89,64,46,14,50,5,107,92,11,31,123" hai1="40,33,111,16,3,117,12,93,7,27,105,0,100" hai2="48,36,109,47,60,71,130,82,90,57,6,23,59" hai3="94,128,61,110,55,112,79,97,42,35,77,10,78" shuffle="mt19937ar,55FB8B1F,49BBFFFD,0E99EC0D,B7BFE5CB,07B6B7FD,558FC1B8,309D94DE,09A3DF40"/><U106/><E117/><V101/><F130/><W41/><G112/><T8/><D107/><U13/><E111/><V44/><F71/><W45/><G35/><T134/><D134/><U22/><E40/><V135/><F135/><W25/><G110/><T15/><D124/><U80/><E80/><V52/><F109/><W54/><G25/><N who="0" m="16815" /><D64/><U74/><E74/><V68/><F101/><W39/><G128/><T26/><D26/><U66/><E66/><V70/><F6/><W104/><G104/><T34/><D34/><U9/><E13/><N who="0" m="4617" /><D5/><U56/><E56/><V102/><F68/><W122/><G10/><T2/><D123/><U30/><E0/><V84/><F70/><W119/><G119/><T4/><D4/><U29/><E29/><V96/><F23/><W43/><G122/><T88/><D89/><U91/><E100/><V103/><F103/><N who="3" m="60855" /><G39/><T28/><D28/><U65/><E65/><N who="2" m="39055" /><F36/><W113/><G113/><T72/><D72/><U125/><E125/><V95/><AGARI ba="1,0" hai="44,47,48,52,59,82,84,90,95,96,102" m="39055" machi="95" ten="30,4000,0" yaku="8,1,52,1,54,1" doraHai="81" who="2" fromWho="2" sc="215,-11,214,-21,357,43,214,-11" /><INIT seed="2,0,0,0,3,70" ten="204,193,400,203" oya="2" hai0="45,95,57,131,118,99,72,40,48,77,1,39,115" hai1="133,75,22,85,19,2,121,87,81,119,36,80,41" hai2="27,12,102,56,23,94,15,43,8,55,120,124,117" hai3="11,69,106,32,14,90,44,93,46,79,61,98,49" shuffle="mt19937ar,37C9F177,6A8B6CF9,A844C65B,5D6FAD79,9DB6379B,DBCBB3C9,4D10FA7C,E2E00C91"/><V38/><F117/><W84/><G32/><T17/><D115/><U4/><E119/><V74/><F74/><W30/><G30/><T21/><D118/><U16/><E121/><V28/><F120/><W5/><G69/><T105/><D105/><U89/><E133/><V127/><F102/><W20/><G61/><T18/><D1/><U82/><E75/><V113/><F94/><W37/><G20/><T53/><D131/><U13/><E2/><V92/><F92/><W33/><G33/><T24/><D72/><U78/><E81/><V108/><F113/><W126/><G126/><T29/><REACH who="0" step="1"/><D77/><REACH who="0" step="2"/><U68/><E68/><V135/><F135/><W7/><G106/><T10/><D10/><U9/><REACH who="1" step="1"/><E22/><REACH who="1" step="2"/><V71/><F71/><W100/><G11/><T73/><D73/><U132/><E132/><V52/><F8/><W63/><G100/><AGARI ba="0,2" hai="17,18,21,24,29,39,40,45,48,53,57,95,99,100" machi="100" ten="30,3900,0" yaku="1,1,7,1,52,1,53,0" doraHai="70" doraHaiUra="59" who="0" fromWho="3" sc="194,59,183,0,400,0,203,-39" /><INIT seed="3,0,0,1,3,53" ten="253,183,400,164" oya="3" hai0="63,125,99,106,128,35,25,114,73,6,72,27,74" hai1="76,67,9,43,62,57,39,97,42,30,50,98,110" hai2="18,94,38,3,32,93,111,15,90,102,37,58,85" hai3="101,75,109,105,88,24,96,46,17,69,86,49,103" shuffle="mt19937ar,A3FC7375,2A4147A5,3F959CED,582092D0,A92CB329,773E751B,4D193827,733F1B7B"/><W117/><G117/><T16/><D6/><U14/><E110/><V71/><F71/><W23/><G69/><T4/><D4/><N who="1" m="3367" /><E39/><V61/><F32/><W65/><G65/><T12/><D99/><N who="1" m="37899" /><E76/><V31/><F31/><W100/><G75/><T59/><D106/><U64/><E30/><V89/><F3/><W21/><G21/><T41/><D41/><N who="1" m="15371" /><E50/><V131/><F111/><W36/><G36/><T33/><D33/><U83/><E83/><V127/><F131/><W79/><G79/><T34/><D34/><U108/><E108/><V54/><F102/><W40/><REACH who="3" step="1"/><G109/><REACH who="3" step="2"/><T80/><D35/><U66/><AGARI ba="0,1" hai="57,62,64,66,67" m="15371,37899,3367" machi="66" ten="30,2000,0" yaku="8,1,52,1" doraHai="53" who="1" fromWho="1" sc="253,-5,183,30,400,-5,154,-10" owari="248,0,213,-14,395,40,144,-26" /></mjloggm>