<mjloggm ver="2.3"><GO type="225"/><UN n0="%E5%BB%89%E5%A4%AA%E9%83%8E" n1="%73%69%67%65%6E%6F%72%69" n2="%E5%85%8B%E5%88%A9%E5%A5%A5%E4%BD%A9%E7%89%B9%E5%89%8C%CE%B6" n3="%E3%83%AA%E3%83%AA%E3%82%A2%E3%83%BC%E3%83%8C" dan="16,17,16,17" rate="2015,2140,2140,2107" sx="M,M,F,F"/><TAIKYOKU oya="0"/><INIT seed="0,0,0,5,1,99" ten="250,250,250,250" oya="0" hai0="115,82,120,3,122,83,24,23,58,110,37,119,9" hai1="50,79,61,86,111,92,14,47,38,7,18,40,70" hai2="33,98,96,95,78,89,48,66,109,117,106,60,102" hai3="51,6,124,103,77,27,133,113,130,8,34,10,97" shuffle="mt19937ar,B9E3F517,DB6929CE,6BC3DE6E,984835F8,D1B3ABEB,B72743D6,A6CB7D45,26EF610E"/><T118/><D37/><U59/><E111/><V25/><F109/><W131/><G113/><T17/><D110/><U65/><E7/><V67/><F117/><N who="0" m="44554" /><D58/><U44/><E70/><V43/><F78/><W29/><G124/><T126/><D83/><U30/><E30/><V16/><F60/><W54/><G133/><T41/><D41/><U36/><E47/><V107/><F107/><W75/><G77/><T114/><D82/><U49/><E38/><V127/><F127/><W42/><G42/><T112/><D126/><U101/><E79/><V39/><F39/><W45/><G75/><T81/><D81/><U52/><E65/><V93/><F106/><W90/><G90/><T64/><D64/><U85/><E36/><V87/><F87/><W73/><G73/><T32/><D32/><U121/><E121/><V0/><F33/><W1/><REACH who="3" step="1"/><G10/><REACH who="3" step="2"/><T46/><D122/><U35/><E35/><V134/><F134/><W116/><G116/><T84/><D9/><N who="1" m="6479" /><E61/><V2/><F2/><W5/><G5/><T72/><D3/><U19/><E19/><V53/><F0/><W62/><G62/><T123/><D72/><U31/><E31/><V56/><F43/><W69/><G69/><T76/><D123/><U104/><E40/><V20/><AGARI ba="0,1" hai="16,20,25,48,53,56,66,67,89,93,95,96,98,102" machi="20" ten="30,7900,0" yaku="0,1,8,1,52,1,54,1" doraHai="99" who="2" fromWho="2" sc="250,-39,250,-20,250,89,240,-20" /><INIT seed="1,0,0,2,2,9" ten="211,230,339,220" oya="1" hai0="45,57,133,126,124,96,44,34,55,30,128,36,78" hai1="75,71,131,49,77,58,51,37,54,50,88,80,62" hai2="25,64,118,17,105,18,87,4,115,119,43,113,127" hai3="28,53,68,83,114,1,46,73,94,22,112,26,106" shuffle="mt19937ar,D5239907,8791262C,56920D17,8263F31E,864F0FAF,69FFD337,803FC7ED,D162AB58"/><U121/><E121/><V109/><F105/><W103/><G68/><T14/><D78/><U90/><E131/><V135/><F135/><W21/><G1/><T72/><D128/><U91/><REACH who="1" step="1"/><E37/><REACH who="1" step="2"/><V47/><F118/><W35/><G114/><T122/><D36/><U15/><E15/><V82/><F119/><W20/><G112/><T116/><D116/><U98/><E98/><V117/><F117/><W99/><G106/><T92/><D133/><U102/><E102/><V31/><F113/><W13/><G13/><T69/><D122/><U39/><E39/><V84/><F115/><W5/><G99/><T27/><D14/><U97/><E97/><V52/><F25/><W108/><G103/><T33/><D96/><U81/><E81/><V60/><F82/><W7/><G83/><T11/><D124/><U23/><E23/><V2/><F127/><W86/><G21/><T125/><D126/><U32/><E32/><V89/><F2/><W120/><G20/><T129/><D34/><U24/><E24/><V12/><F12/><W61/><G120/><T42/><D27/><U66/><AGARI ba="0,1" hai="49,50,51,54,58,62,66,71,75,77,80,88,90,91" machi="66" ten="30,6000,0" yaku="1,1,0,1,54,1,53,0" doraHai="9" doraHaiUra="6" who="1" fromWho="1" sc="211,-20,220,70,339,-20,220,-20" /><INIT seed="1,1,0,5,4,127" ten="191,290,319,200" oya="1" hai0="69,134,46,17,84,65,37,42,13,40,81,15,92" hai1="94,63,116,74,23,70,128,122,9,12,111,78,117" hai2="25,50,91,67,90,103,58,5,61,59,8,125,6" hai3="49,48,93,99,35,132,53,123,71,57,1,11,75" shuffle="mt19937ar,C1364AE5,AF2F65E9,EA9D9CFF,BC0FE37A,9AC3F738,9D7D141B,0F80C89A,5F26A726"/><U88/><E122/><V3/><F125/><W119/><G35/><T112/><D112/><U89/><E111/><V126/><F126/><W66/><G75/><T121/><D121/><U7/><E128/><V32/><F103/><W109/><G109/><T20/><D134/><U115/><E115/><V47/><F6/><W131/><G123/><T34/><D34/><U101/><E101/><V124/><F58/><W52/><G132/><T108/><D108/><U19/><E74/><V98/><F98/><W105/><G105/><T133/><D42/><U77/><E117/><V29/><F124/><W54/><G119/><T14/><D133/><U130/><E130/><V18/><F18/><W21/><G131/><T104/><D92/><U0/><E116/><V28/><F29/><W55/><G21/><T118/><D104/><U60/><E89/><V86/><F86/><W16/><G71/><T39/><D39/><U10/><E10/><V100/><F100/><N who="3" m="60527" /><G66/><T80/><D118/><U51/><E70/><V27/><F27/><W113/><G1/><T110/><D110/><U22/><E22/><V45/><F45/><N who="3" m="27663" /><G113/><T64/><D69/><U120/><E120/><V33/><F32/><W107/><G107/><T44/><D44/><U83/><E0/><V24/><REACH who="2" step="1"/><F25/><REACH who="2" step="2"/><W102/><G102/><T82/><REACH who="0" step="1"/><D84/><REACH who="0" step="2"/><U106/><E106/><V135/><F135/><W36/><G36/><T30/><D30/><U31/><E31/><V72/><F72/><W76/><G57/><T43/><D43/><AGARI ba="1,2" hai="3,5,8,24,28,33,43,47,50,59,61,67,90,91" machi="43" ten="30,2000,0" yaku="1,1,7,1,53,0" doraHai="127" doraHaiUra="68" who="2" fromWho="0" sc="181,-23,290,0,309,43,200,0" /><INIT seed="2,0,0,2,3,57" ten="158,290,352,200" oya="2" hai0="55,133,109,78,2,111,115,0,86,29,98,32,61" hai1="10,33,52,20,17,45,119,59,22,66,46,36,6" hai2="56,67,48,89,84,100,16,82,26,81,90,13,53" hai3="19,110,79,18,39,94,74,54,103,5,80,108,64" shuffle="mt19937ar,AE866509,4AB83B54,0BE68E7A,DE509E12,EE47D0AE,0D5667EE,D90128F1,EE70AD00"/><V76/><F100/><W9/><G39/><T120/><D115/><U117/><E33/><V58/><F26/><W50/><G64/><T15/><D120/><U96/><E66/><V28/><F28/><W131/><G131/><T91/><D133/><U40/><E46/><V38/><F38/><W30/><G30/><T95/><D29/><U1/><E96/><V121/><F121/><W113/><G113/><T132/><D32/><U112/><E112/><V106/><F106/><W37/><G37/><T35/><D35/><U97/><E97/><V27/><F27/><W83/><G83/><T25/><D25/><U44/><E44/><V126/><F126/><W31/><G94/><T42/><D42/><U99/><E99/><V92/><F82/><W34/><G31/><T122/><D132/><U8/><E8/><N who="2" m="6183" /><F92/><W51/><G51/><T69/><D15/><U77/><E77/><V134/><F134/><W118/><G103/><T3/><D122/><U107/><E107/><V130/><F130/><W47/><G118/><T88/><D78/><U11/><E11/><V125/><F125/><W65/><G65/><T93/><REACH who="0" step="1"/><D69/><REACH who="0" step="2"/><U23/><REACH who="1" step="1"/><E17/><REACH who="1" step="2"/><V71/><F71/><W101/><G34/><T129/><D129/><U62/><AGARI ba="0,2" hai="1,6,10,20,22,23,36,40,45,52,59,62,117,119" machi="62" ten="30,8000,1" yaku="1,1,2,1,0,1,52,1,54,1,53,0" doraHai="57" doraHaiUra="87" who="1" fromWho="1" sc="148,-20,280,100,352,-40,200,-20" /><INIT seed="3,0,0,0,0,110" ten="128,380,312,180" oya="3" hai0="123,87,45,41,108,7,57,93,8,135,78,23,19" hai1="111,6,58,121,102,74,64,46,36,113,120,67,25" hai2="66,1,11,96,39,16,32,89,29,0,82,72,103" hai3="109,65,30,53,88,104,128,106,115,90,18,86,95" shuffle="mt19937ar,8753D914,4E5E79B6,CAE8AFF5,5C5658E7,E9BC0C51,B453E0B9,11937AB3,949882DE"/><W42/><G109/><T40/><D108/><U3/><E74/><V132/><F132/><W52/><G128/><T131/><D135/><U134/><E113/><V12/><F39/><W105/><G115/><T43/><D131/><U10/><E111/><V98/><F66/><W56/><G42/><T24/><D123/><U14/><E134/><V116/><F116/><W63/><G30/><T54/><D78/><U79/><E79/><V119/><F119/><W15/><REACH who="3" step="1"/><G90/><REACH who="3" step="2"/><T33/><D33/><U26/><E121/><V59/><F89/><W69/><G69/><T62/><D87/><U68/><E68/><V112/><F112/><W80/><G80/><T49/><REACH who="0" step="1"/><D93/><REACH who="0" step="2"/><U91/><E120/><V107/><F82/><W73/><G73/><T13/><AGARI ba="0,2" hai="7,8,13,19,23,24,40,41,43,45,49,54,57,62" machi="13" ten="20,12000,2" yaku="1,1,2,1,0,1,7,1,8,1,53,1" doraHai="110" doraHaiUra="50" who="0" fromWho="0" sc="118,140,380,-30,312,-30,170,-60" owari="258,-9,350,35,282,3,110,-29" /></mjloggm>