<mjloggm ver="2.3"><GO type="185"/><UN n0="%E3%81%AA%E3%83%BC%E3%81%8B%E3%82%80" n1="%E3%81%B5%E3%81%8F%EF%BC%A3%EF%BD%88%EF%BD%81%EF%BD%8E%E2%99%AA" n2="%E4%B8%89%E7%94%B0%E6%9D%91%E8%8C%9C" n3="" dan="16,16,17,0" rate="2099,2182,2221,1500" sx="M,F,F,C"/><TAIKYOKU oya="0"/><INIT seed="0,0,0,4,5,89" ten="350,350,350,0" oya="0" hai0="113,118,62,35,54,44,2,88,80,78,70,72,121" hai1="33,98,36,42,108,129,71,130,105,40,84,79,69" hai2="101,100,90,126,41,82,114,131,92,56,123,66,124" hai3="" shuffle="mt19937ar,D022EF2E,EC65F963,CD7627F9,169D3D39,3B8B7540,663A0698,ECF30C1B,C4368B27"/><T103/><N who="0" m="31008" /><T46/><D2/><U60/><E108/><V125/><N who="2" m="31520" /><V55/><F114/><T68/><D35/><U119/><E119/><V112/><F112/><T110/><D118/><U95/><E33/><V133/><F133/><T58/><D103/><U93/><E105/><V115/><F115/><T76/><D113/><U87/><E79/><V73/><F66/><T32/><D32/><U111/><E111/><V50/><F41/><T81/><D110/><U128/><E60/><V57/><F57/><T74/><D88/><U45/><E42/><V77/><REACH who="2" step="1"/><F131/><REACH who="2" step="2"/><T109/><REACH who="0" step="1"/><D109/><REACH who="0" step="2"/><U86/><REACH who="1" step="1"/><E95/><REACH who="1" step="2"/><V47/><F47/><AGARI ba="0,3" hai="44,46,47,54,58,62,68,70,72,74,76,78,80,81" m="31008" machi="47" ten="40,12000,1" yaku="1,1,2,1,9,1,52,1,53,0" doraHai="89" doraHaiUra="34" who="0" fromWho="2" sc="340,150,340,0,340,-120,0,0" /><INIT seed="0,1,0,0,4,120" ten="490,340,220,0" oya="0" hai0="86,87,127,78,71,37,32,96,36,40,90,79,109" hai1="49,46,1,117,125,131,135,55,106,105,38,69,76" hai2="2,58,77,82,3,133,98,44,121,88,89,93,114" hai3="" shuffle="mt19937ar,86D597F7,D1C06B8B,C6BCA83A,D212B1FA,843E2A66,28C1BF3C,C3ED4BC5,533FC1E3"/><T128/><D32/><U81/><E1/><V123/><N who="2" m="31008" /><V126/><N who="2" m="31520" /><V45/><F114/><T35/><D71/><U67/><E117/><V91/><F133/><T34/><D40/><U97/><E135/><V113/><F113/><T116/><D96/><U95/><E125/><V107/><F126/><T103/><D103/><U33/><E33/><V84/><F107/><T74/><D127/><U102/><E131/><V56/><F2/><T108/><D74/><U53/><E38/><V118/><F118/><T119/><D90/><N who="2" m="34922" /><F3/><T62/><D62/><U43/><E67/><V85/><F85/><T129/><AGARI ba="1,0" hai="34,35,36,37,78,79,86,87,108,109,116,119,128,129" machi="129" ten="25,8000,1" yaku="0,1,22,2,52,2" doraHai="120" who="0" fromWho="0" sc="490,82,340,-41,220,-41,0,0" /><INIT seed="0,2,0,5,4,59" ten="572,299,179,0" oya="0" hai0="40,44,32,125,89,72,76,48,63,114,113,37,68" hai1="1,74,58,38,81,61,55,90,70,111,73,69,99" hai2="116,97,104,42,41,130,110,46,45,53,75,123,105" hai3="" shuffle="mt19937ar,545A4734,6208B8D6,D4AF67A9,226FF84F,EC261904,E00A005E,D66B68E1,139872E9"/><T39/><D32/><U60/><E111/><V107/><N who="2" m="31520" /><V95/><F110/><T64/><D89/><U78/><E73/><V66/><F116/><T106/><D106/><U124/><E38/><N who="0" m="14345" /><D76/><U98/><E124/><V115/><F75/><T102/><D102/><U0/><E70/><V57/><F66/><T134/><D72/><U47/><E47/><V2/><F115/><N who="0" m="44042" /><D134/><U83/><E83/><V92/><F92/><T51/><D51/><U103/><E90/><V62/><F2/><T93/><D93/><U132/><E132/><V101/><F107/><T79/><D79/><U131/><E99/><V120/><N who="2" m="30752" /><V118/><F105/><T33/><D33/><U43/><E0/><V88/><F104/><T34/><D34/><U109/><E1/><V65/><F101/><T129/><D129/><U94/><E131/><V36/><F130/><T100/><D100/><U96/><E96/><V117/><F97/><T35/><D35/><U112/><E112/><V50/><F88/><T77/><D77/><U49/><E109/><V122/><N who="2" m="31264" /><V56/><F95/><T86/><D86/><U133/><E133/><V3/><F3/><T52/><D40/><U87/><E43/><V84/><F84/><T67/><D67/><RYUUKYOKU ba="2,0" sc="572,10,299,-20,179,10,0,0" hai0="44,48,52,63,64,68,125" hai2="36,41,42,45,46,50,53,56,57,62,65,117,118" /><INIT seed="0,3,0,5,1,82" ten="582,279,189,0" oya="0" hai0="37,61,77,121,91,103,43,60,67,112,58,131,124" hai1="98,68,84,46,86,85,51,99,125,53,116,106,48" hai2="110,111,73,2,33,34,78,88,63,45,127,122,94" hai3="" shuffle="mt19937ar,60944A90,36FA591B,FD48833D,3CEFCC9F,20942A16,1F2B2157,33154DA7,09446DD6"/><T95/><N who="0" m="31008" /><T133/><D112/><U74/><E74/><V126/><N who="2" m="31264" /><V115/><F2/><T76/><D131/><U107/><E116/><V69/><F115/><T134/><D103/><U42/><E68/><V128/><F128/><T101/><D101/><U102/><E125/><N who="2" m="47627" /><F45/><T130/><D130/><U59/><REACH who="1" step="1"/><E102/><REACH who="1" step="2"/><V123/><N who="2" m="31520" /><V65/><F73/><T120/><N who="0" m="30752" /><T105/><D124/><U109/><E109/><N who="2" m="41483" /><F78/><T52/><D77/><U0/><E0/><V100/><F100/><T39/><D76/><U80/><E80/><V35/><F35/><T119/><D119/><U108/><E108/><V75/><F75/><T50/><D91/><U62/><E62/><V90/><F90/><T32/><D61/><U129/><E129/><V70/><F70/><T49/><D32/><U87/><N who="1" m="21504" /><DORA hai="56" /><U118/><E118/><V41/><F33/><T40/><D60/><U93/><E93/><V81/><F34/><T96/><D95/><U72/><E72/><V38/><F81/><T92/><D92/><U36/><E36/><V79/><F79/><T114/><D37/><U89/><E89/><V104/><F88/><T47/><D39/><U71/><E71/><V1/><F1/><T66/><D114/><RYUUKYOKU ba="3,1" sc="582,-10,269,20,189,-10,0,0" hai1="42,46,48,51,53,59,98,99,106,107" /><INIT seed="1,4,1,4,5,42" ten="572,289,179,0" oya="1" hai0="38,79,54,72,77,73,92,103,36,49,78,125,81" hai1="124,85,88,133,110,46,55,111,76,117,87,123,120" hai2="32,41,135,3,114,34,44,90,119,75,67,116,70" hai3="" shuffle="mt19937ar,014DEF01,4A14EB86,401BF195,74B27E7E,8BCA4F49,E0EEAB6F,EE02DE31,5704D090"/><U39/><N who="1" m="30752" /><U132/><N who="1" m="31520" /><U101/><E101/><V1/><F114/><T51/><D125/><U105/><E105/><V63/><F90/><T108/><D108/><N who="1" m="41515" /><E124/><V37/><F75/><T35/><D92/><U53/><E117/><N who="2" m="45131" /><F135/><N who="1" m="51785" /><E39/><V104/><F104/><T112/><D112/><U89/><E76/><V66/><F66/><T130/><D103/><U126/><E126/><V84/><F84/><N who="1" m="32329" /><E46/><V43/><F43/><T121/><N who="0" m="31008" /><T65/><D78/><U86/><E89/><V127/><F127/><T93/><D77/><U100/><E100/><V82/><F82/><AGARI ba="4,1" hai="53,55,82,86,88" m="32329,51785,41515,31520,30752" machi="82" ten="30,18000,2" yaku="14,1,10,1,20,1,52,2,54,1" doraHai="42" who="1" fromWho="2" sc="572,0,289,198,179,-188,0,0" owari="572,52,487,9,-9,-61,0,0" /></mjloggm>