<mjloggm ver="2.3"><GO type="185"/><UN n0="%EF%BC%BC%28%EF%BC%BE%6F%EF%BC%BE%29%EF%BC%8F%E2%98%85" n1="%E7%B1%B3%E5%85%89%E5%80%B6%E6%A5%BD%E9%83%A8" n2="%E3%80%93%E3%81%84%E3%81%A1%E3%81%AF%E3%82%89%E3%80%93" n3="" dan="17,16,18,0" rate="2169,2176,2264,1500" sx="M,F,M,C"/><TAIKYOKU oya="0"/><INIT seed="0,0,0,0,2,72" ten="350,350,350,0" oya="0" hai0="32,58,99,56,71,95,3,130,129,120,94,55,104" hai1="76,46,44,1,49,116,40,43,65,80,132,81,106" hai2="64,109,135,105,89,114,51,119,134,33,69,84,67" hai3="" shuffle="mt19937ar,26104620,1ED55542,572E79F0,843D24D8,E2776B59,FA821401,E544AA7D,837FAFBB"/><T36/><N who="0" m="30752" /><T112/><D32/><U73/><E1/><V60/><F33/><T133/><D3/><U77/><E116/><V39/><F114/><T118/><D71/><U2/><E2/><V125/><F39/><T52/><D36/><U90/><E106/><V97/><F119/><T107/><D118/><U124/><E90/><V93/><F125/><T79/><D133/><U121/><N who="1" m="31008" /><U62/><E132/><N who="2" m="50731" /><F67/><T35/><D35/><U110/><E124/><V66/><F66/><T86/><D86/><U88/><E88/><V48/><F109/><T131/><D112/><U50/><E110/><V128/><F128/><T123/><N who="0" m="31520" /><T92/><D79/><U87/><E65/><V57/><F69/><T91/><D91/><U96/><E62/><V63/><F63/><T41/><D41/><U53/><REACH who="1" step="1"/><E53/><REACH who="1" step="2"/><N who="0" m="20553" /><D99/><AGARI ba="0,1" hai="40,43,44,46,49,50,73,76,77,80,81,87,96,99" m="31008" machi="99" ten="40,12000,2" yaku="1,1,9,1,52,3,53,2" doraHai="72" doraHaiUra="74" who="1" fromWho="0" sc="350,-120,340,130,350,0,0,0" /><INIT seed="1,0,0,1,0,131" ten="230,470,350,0" oya="1" hai0="37,95,49,80,41,116,56,87,64,107,122,32,105" hai1="33,114,63,128,98,62,0,76,77,53,133,61,121" hai2="2,48,108,120,110,118,111,90,125,36,104,94,50" hai3="" shuffle="mt19937ar,8F9B74EC,A3B983FC,D0B2EC93,538E6B63,6A5D2972,93C4C3D6,8BDEA4AD,67A90CE6"/><U127/><N who="1" m="31008" /><U42/><E0/><V103/><N who="2" m="30752" /><V71/><F2/><T101/><N who="0" m="31264" /><T38/><D32/><U72/><E33/><V100/><F36/><T123/><N who="0" m="31520" /><T68/><D116/><U134/><E114/><V51/><F118/><T46/><D95/><U34/><E34/><V86/><F71/><T74/><D74/><U91/><E42/><V82/><F125/><T40/><D101/><U1/><E1/><V96/><REACH who="2" step="1"/><F103/><REACH who="2" step="2"/><T54/><D38/><U130/><E127/><V83/><AGARI ba="0,1" hai="48,50,51,82,83,86,90,94,96,100,104,108,110,111" m="30752" machi="83" ten="40,6000,1" yaku="1,1,2,1,0,1,14,1,52,1,53,0" doraHai="131" doraHaiUra="126" who="2" fromWho="2" sc="230,-20,470,-40,340,70,0,0" /><INIT seed="2,0,0,4,0,49" ten="210,430,410,0" oya="2" hai0="79,110,130,131,97,69,73,46,103,3,116,99,135" hai1="50,60,122,124,76,128,117,81,65,74,0,87,41" hai2="36,98,118,127,47,101,109,121,113,72,32,59,51" hai3="" shuffle="mt19937ar,1562096E,68F42483,C867DB41,FFA0F6D7,576C1920,D57686F0,D76C3FD3,020AA3ED"/><V38/><N who="2" m="31008" /><V96/><F118/><T68/><D3/><U71/><N who="1" m="31264" /><U115/><E0/><V63/><F32/><T91/><D116/><U55/><E117/><V53/><F113/><T35/><D35/><U107/><E107/><V80/><F127/><T42/><D135/><U94/><E124/><V88/><F109/><T132/><D132/><U1/><E1/><V56/><F56/><T126/><D126/><U102/><E41/><V44/><F44/><T52/><D110/><U34/><E34/><V120/><N who="2" m="30752" /><V123/><N who="2" m="31520" /><V57/><F57/><T61/><D91/><U43/><E115/><V2/><F2/><T64/><D69/><U119/><E119/><V114/><F114/><T78/><D97/><U86/><E86/><V66/><F96/><T89/><D89/><U134/><E134/><V67/><F67/><T133/><D133/><U48/><E65/><V62/><F62/><T105/><D73/><U84/><E60/><V129/><F129/><N who="0" m="49162" /><D42/><U83/><E43/><V85/><F72/><T58/><D46/><U82/><E74/><V100/><F101/><T125/><D125/><U108/><E102/><V90/><F90/><T106/><D106/><AGARI ba="0,0" hai="36,38,47,51,53,59,63,66,80,85,88,98,100,106" m="31520,30752,31008" machi="106" ten="30,18000,2" yaku="7,1,52,4,54,1" doraHai="49" who="2" fromWho="0" sc="210,-180,430,0,410,180,0,0" /><INIT seed="2,1,0,3,3,128" ten="30,430,590,0" oya="2" hai0="124,76,92,65,98,132,68,2,126,41,107,89,63" hai1="105,120,35,42,90,87,74,75,50,79,103,99,101" hai2="62,57,69,71,84,39,86,38,49,55,53,58,122" hai3="" shuffle="mt19937ar,94B1A64B,24F1E027,79F9E886,31A5F839,978FD24B,1CD69BA4,BDB12453,255CABEA"/><V88/><N who="2" m="31264" /><V111/><F111/><T93/><D2/><U115/><N who="1" m="30752" /><U77/><E35/><V102/><F102/><T34/><D34/><U129/><E42/><V56/><F86/><T61/><D107/><U104/><E50/><V130/><F130/><T100/><D76/><N who="1" m="29259" /><E115/><V1/><F1/><T95/><D41/><U116/><E116/><V51/><F39/><T44/><D44/><U106/><E129/><V91/><F38/><T123/><N who="0" m="31520" /><T67/><D132/><U54/><E54/><V78/><F78/><T110/><D110/><U33/><E33/><V85/><F58/><T118/><D118/><U112/><E112/><V64/><F64/><T72/><D72/><N who="1" m="27691" /><E103/><V60/><AGARI ba="1,0" hai="49,51,53,55,56,57,60,62,69,71,84,85,88,91" m="31264" machi="60" ten="25,8000,1" yaku="0,1,22,2,52,1,54,1" doraHai="128" who="2" fromWho="2" sc="30,-41,430,-41,590,82,0,0" owari="-11,-61,389,-1,672,62,0,0" /></mjloggm>