<mjloggm ver="2.3"><GO type="225"/><UN n0="%E4%BA%8C%E4%B8%89%E8%B5%A4%E4%BA%94%EF%BC%94%EF%BC%96%EF%BC%98" n1="%73%69%64%65" n2="%E5%BE%85%E3%81%A1%E3%81%A8%E3%82%89%E3%81%9A" n3="%E9%9B%AA%E5%9B%BD%E8%82%B2%E3%81%A1" dan="16,17,16,17" rate="2083,2102,2053,2066" sx="M,M,M,M"/><TAIKYOKU oya="0"/><INIT seed="0,0,0,4,1,134" ten="250,250,250,250" oya="0" hai0="38,77,118,104,31,58,30,34,65,26,27,51,44" hai1="15,94,10,35,98,68,6,130,53,89,116,96,110" hai2="24,5,59,55,108,36,69,25,60,97,57,100,21" hai3="20,0,28,18,67,11,33,52,121,87,54,16,106" shuffle="mt19937ar,43ABE941,46D6041B,9DB7DF03,3561D80D,59643F3B,F86833EB,53BE55E5,26CA5461"/><T92/><D104/><U40/><E116/><V122/><F108/><W37/><G37/><T56/><D118/><U86/><E68/><V73/><F36/><W64/><G106/><T133/><D133/><U48/><E35/><V12/><F73/><W63/><G121/><T7/><D38/><U39/><E110/><V19/><F69/><W32/><G0/><T49/><D7/><U135/><E135/><V23/><F5/><W61/><G87/><T80/><D92/><U82/><E130/><V109/><F109/><W126/><G11/><T123/><D123/><U93/><E39/><V75/><F75/><W14/><G14/><T81/><D65/><U84/><E40/><V102/><F97/><N who="1" m="37481" /><E86/><V111/><F111/><W3/><G20/><T113/><D113/><U91/><E91/><V76/><F76/><W72/><G72/><T74/><D81/><U124/><E124/><V9/><F57/><AGARI ba="0,0" hai="6,10,15,48,53,57,82,84,89,93,94" m="37481" machi="57" ten="30,1000,0" yaku="8,1" doraHai="134" who="1" fromWho="2" sc="250,0,250,10,250,-10,250,0" /><INIT seed="1,0,0,3,0,3" ten="250,260,240,250" oya="1" hai0="44,128,54,6,10,68,96,40,34,115,5,95,129" hai1="97,43,86,60,25,72,90,91,66,92,42,130,84" hai2="107,82,41,63,126,17,47,69,12,101,23,14,64" hai3="119,114,122,1,74,38,24,18,121,16,50,58,30" shuffle="mt19937ar,67298AA0,FEE1AE7E,F83D001D,3CF5612A,5B7CE451,55ACBEF3,8B1F07CC,5A98AC00"/><U81/><E72/><V22/><F126/><W76/><G38/><T94/><D34/><U20/><E130/><N who="0" m="50281" /><D68/><U26/><E97/><V9/><F107/><W65/><G1/><T116/><D115/><U36/><E36/><V123/><F101/><W132/><G114/><T83/><D116/><U102/><E102/><V29/><F123/><W57/><G119/><T19/><D54/><U110/><E110/><V37/><F29/><W62/><G132/><T2/><D83/><U8/><E8/><V120/><F120/><W87/><G74/><T70/><D70/><U135/><E135/><V125/><F125/><W118/><G118/><T51/><D2/><U39/><E39/><V73/><F73/><W61/><G50/><T52/><D40/><U45/><E45/><V108/><F108/><W75/><G75/><T78/><D78/><U133/><E133/><V33/><F33/><W0/><G0/><T89/><D95/><U127/><E127/><V7/><REACH who="2" step="1"/><F82/><REACH who="2" step="2"/><N who="3" m="47559" /><G121/><T77/><D77/><U80/><E80/><V112/><F112/><W53/><G122/><T113/><D113/><U111/><E111/><V93/><F93/><W104/><G104/><T28/><D28/><U31/><REACH who="1" step="1"/><E26/><REACH who="1" step="2"/><V55/><F55/><W4/><G53/><T32/><D32/><U13/><E13/><AGARI ba="0,2" hai="5,6,10,13,19,44,51,52,89,94,96" m="50281" machi="13" ten="30,7700,0" yaku="19,1,52,2,54,1" doraHai="3" who="0" fromWho="1" sc="250,97,250,-77,230,0,250,0" /><INIT seed="2,0,0,1,1,70" ten="347,173,230,250" oya="2" hai0="110,57,133,104,90,32,19,74,115,109,16,48,29" hai1="85,37,71,0,130,24,59,20,7,38,129,91,76" hai2="33,101,12,135,51,34,120,102,17,83,30,127,128" hai3="80,50,14,100,10,113,62,89,87,96,122,4,61" shuffle="mt19937ar,B22210D4,8F41287C,585F1EC3,5A8641AF,1A4E2A7E,A8C712D3,9E4F6C89,1235634F"/><V25/><F120/><W125/><G113/><T73/><D115/><U65/><E71/><V28/><F135/><W107/><G125/><T55/><D104/><U27/><E76/><V134/><F127/><W86/><G122/><T3/><D3/><U45/><E7/><V68/><F68/><W1/><G1/><T131/><D133/><U6/><E6/><V40/><F128/><N who="1" m="49257" /><E0/><V58/><F134/><W75/><G75/><N who="0" m="28683" /><D131/><U99/><E99/><V52/><F40/><W105/><G105/><T39/><D39/><N who="1" m="14859" /><E45/><V119/><F119/><W121/><G121/><T67/><D110/><U82/><E20/><V95/><F95/><W43/><G86/><T81/><D109/><U116/><E116/><V112/><F112/><W114/><G114/><T78/><D78/><U13/><E13/><V123/><F83/><W111/><G111/><T108/><D81/><U54/><E65/><V79/><F79/><W5/><G5/><T18/><D67/><U46/><E46/><V117/><F117/><W60/><G43/><T63/><D108/><U66/><E66/><V9/><REACH who="2" step="1"/><F123/><REACH who="2" step="2"/><W22/><G80/><T47/><D47/><U31/><E31/><V92/><F92/><W106/><G106/><T126/><D29/><U35/><E35/><V132/><F132/><W36/><G107/><T26/><D32/><U21/><E21/><V56/><F56/><W98/><G22/><T8/><D57/><U103/><E103/><V42/><F42/><W53/><G100/><T41/><D41/><U2/><E2/><V84/><F84/><W94/><G36/><T15/><D15/><RYUUKYOKU ba="0,1" sc="347,-30,173,10,220,10,250,10" hai1="24,27,54,59,82,85,91" hai2="9,12,17,25,28,30,33,34,51,52,58,101,102" hai3="4,10,14,50,53,60,61,62,87,89,94,96,98" /><INIT seed="2,1,1,4,1,60" ten="317,183,230,260" oya="2" hai0="35,6,32,135,26,131,62,103,72,126,67,43,40" hai1="3,90,93,114,81,118,122,107,17,100,92,56,4" hai2="34,11,106,44,2,77,121,20,105,108,49,50,52" hai3="69,88,38,0,58,116,112,18,133,28,10,36,123" shuffle="mt19937ar,4C3FB5C2,626755BE,95109240,7D08A0BD,1E303379,F36BC319,5F053590,CFEE7B10"/><V128/><F121/><W99/><G69/><T15/><D72/><U120/><E3/><V109/><F34/><W53/><G116/><T64/><D135/><U84/><E4/><N who="2" m="1431" /><F77/><W76/><G123/><N who="1" m="47146" /><E17/><V23/><F128/><W41/><G112/><T134/><D134/><U8/><E8/><V102/><F50/><W46/><G28/><T129/><D103/><U95/><E56/><V27/><F102/><W97/><G76/><T31/><D35/><U113/><E118/><V86/><F86/><W125/><G38/><T29/><D29/><U82/><E82/><V66/><F66/><N who="0" m="25130" /><D62/><U5/><E5/><V48/><F48/><W80/><G133/><T74/><D6/><U68/><E68/><V57/><F57/><W119/><G0/><T117/><D117/><U39/><E39/><V37/><F37/><W78/><G119/><T9/><D32/><U19/><E19/><N who="2" m="12703" /><F23/><W127/><G36/><T7/><D131/><U63/><E63/><V30/><F30/><W91/><G18/><T54/><D31/><U51/><E51/><V89/><F89/><W33/><G91/><T71/><D71/><U96/><AGARI ba="1,1" hai="81,84,90,92,93,95,96,100,107,113,114" m="47146" machi="96" ten="40,5200,0" yaku="13,1,34,2" doraHai="60" who="1" fromWho="1" sc="317,-14,183,65,230,-27,260,-14" /><INIT seed="3,0,0,4,2,108" ten="303,248,203,246" oya="3" hai0="134,117,54,100,120,36,52,56,63,119,112,12,46" hai1="132,84,1,101,83,73,128,116,23,106,49,79,25" hai2="92,69,113,78,65,35,32,62,124,7,99,95,9" hai3="74,77,125,4,71,53,135,26,13,3,57,89,30" shuffle="mt19937ar,84F34635,33AE8950,AEC0A147,9CD0BAC2,2A9D7553,39CA1E6A,51F05902,39CA0085"/><W88/><G71/><T129/><D100/><U107/><E1/><V50/><F124/><W110/><G3/><T130/><D120/><U43/><E132/><V72/><F95/><W75/><G125/><T55/><D12/><U115/><E128/><N who="0" m="49257" /><D112/><U86/><E116/><N who="0" m="44617" /><D134/><U67/><E67/><V66/><F66/><W29/><G110/><T10/><D10/><U47/><E115/><V109/><F109/><W94/><G135/><T31/><D31/><U114/><E114/><V133/><F133/><W96/><G89/><T70/><D70/><U22/><E101/><V81/><F50/><W17/><G4/><T33/><D33/><U61/><E61/><V38/><F38/><W11/><G77/><T93/><D93/><U41/><E86/><V90/><REACH who="2" step="1"/><F113/><REACH who="2" step="2"/><W51/><REACH who="3" step="1"/><G30/><REACH who="3" step="2"/><T42/><AGARI ba="0,2" hai="36,42,46,52,54,55,56,63" m="44617,49257" machi="42" ten="40,8000,1" yaku="19,1,34,2,54,1" doraHai="108" who="0" fromWho="0" sc="303,100,248,-20,193,-20,236,-40" owari="403,40,228,-2,173,-23,196,-15" /></mjloggm>