<mjloggm ver="2.3"><GO type="225"/><UN n0="%E3%83%9A%E3%83%AD%E3%81%A1%E3%82%83%E3%82%93" n1="%E5%B1%B1%E5%B9%B8%E5%95%86%E5%BA%97" n2="%E3%81%B5%E3%82%8B%E3%81%AD%E3%81%93%40%E4%BD%95%E5%88%87%E3%82%8B" n3="%E7%AE%A1%E5%AF%9D" dan="16,17,16,16" rate="2060,2151,2060,2046" sx="M,M,M,M"/><TAIKYOKU oya="0"/><INIT seed="0,0,0,3,5,0" ten="250,250,250,250" oya="0" hai0="109,12,62,69,117,134,76,120,34,27,16,107,2" hai1="52,85,127,115,41,95,60,38,26,96,13,86,18" hai2="104,119,44,75,72,43,74,90,97,108,121,79,24" hai3="105,64,1,20,88,100,8,118,4,101,113,58,21" shuffle="mt19937ar,980AD380,2EA365CF,911AA72E,9267E1FE,52807D90,288C1861,1D054DA2,52A397BA"/><T84/><D120/><U36/><E127/><V91/><F121/><W9/><G9/><T54/><D107/><U112/><E26/><V94/><F108/><W33/><G113/><N who="1" m="43594" /><E41/><V103/><F119/><W87/><G33/><T98/><D117/><U130/><E130/><V131/><F131/><W68/><G118/><T93/><D134/><U71/><E71/><V31/><F79/><W46/><G68/><T14/><D2/><U65/><E65/><V23/><REACH who="2" step="1"/><F104/><REACH who="2" step="2"/><W124/><G105/><T22/><D109/><U110/><E110/><V133/><F133/><W135/><G135/><T37/><D37/><AGARI ba="0,1" hai="23,24,31,37,43,44,72,74,75,90,91,94,97,103" machi="37" ten="40,1300,0" yaku="1,1,53,0" doraHai="0" doraHaiUra="67" who="2" fromWho="0" sc="250,-13,250,0,240,23,250,0" /><INIT seed="1,0,0,5,4,49" ten="237,250,263,250" oya="1" hai0="29,21,122,132,74,0,42,88,35,75,120,71,95" hai1="111,60,91,79,102,131,80,4,127,69,99,19,26" hai2="85,61,133,96,30,67,53,105,98,36,33,46,16" hai3="6,32,15,9,72,56,2,8,11,113,134,25,47" shuffle="mt19937ar,1D58CE0D,0EA00564,32430CCE,7ED291A9,56CBE63E,72B9D596,E902A985,83F95A45"/><U76/><E127/><V7/><F7/><N who="3" m="3583" /><G72/><T82/><D71/><U1/><E4/><V89/><F105/><W28/><G47/><T130/><D35/><U110/><E1/><V55/><F133/><W108/><G113/><T41/><D0/><U23/><E131/><V13/><F30/><W18/><G56/><T94/><D130/><U124/><E124/><V24/><F24/><W104/><G104/><T84/><D132/><U63/><E91/><V20/><F33/><W43/><G43/><N who="0" m="16395" /><D21/><U135/><E135/><V70/><F36/><W51/><G134/><T27/><D27/><U3/><E3/><V45/><F45/><W40/><G40/><T92/><D29/><U66/><E63/><V37/><F37/><W39/><G51/><T50/><D50/><U31/><E31/><V62/><F46/><W103/><G39/><T117/><D117/><U93/><REACH who="1" step="1"/><E79/><REACH who="1" step="2"/><V22/><F62/><W106/><G2/><T5/><D5/><U17/><E17/><V107/><F22/><W77/><G32/><T54/><D75/><AGARI ba="0,1" hai="19,23,26,60,66,69,75,76,80,93,99,102,110,111" machi="75" ten="40,3900,0" yaku="1,1,53,1" doraHai="49" doraHaiUra="73" who="1" fromWho="0" sc="237,-39,240,49,263,0,250,0" /><INIT seed="1,1,0,0,3,112" ten="198,289,263,250" oya="1" hai0="46,19,63,129,22,131,62,52,3,132,26,77,93" hai1="27,18,5,92,30,60,73,110,11,103,53,31,35" hai2="59,102,81,69,126,114,24,56,90,68,66,104,37" hai3="25,95,7,88,4,123,115,86,32,116,94,43,67" shuffle="mt19937ar,944776ED,BCEDE749,FA3CB7B8,A62C35D9,74F5860E,207D7622,1C62B557,469379C9"/><U12/><E73/><V100/><F114/><W117/><G123/><T0/><D132/><U89/><E103/><V97/><F37/><W64/><G115/><T61/><D77/><U75/><E75/><V121/><F121/><W41/><G32/><T8/><D93/><U28/><E110/><V34/><F102/><W36/><G25/><T23/><D23/><U17/><E17/><V70/><F126/><W101/><G101/><T39/><D39/><U107/><E107/><V42/><F42/><N who="3" m="15883" /><G36/><T74/><D74/><U38/><E38/><V119/><F66/><N who="3" m="25131" /><G94/><T40/><D40/><U96/><E60/><V9/><F24/><W51/><G51/><T48/><REACH who="0" step="1"/><D8/><REACH who="0" step="2"/><U45/><E35/><V98/><F9/><W13/><G13/><T133/><D133/><U118/><E118/><AGARI ba="1,1" hai="4,7,86,88,95,116,117,118" m="25131,15883" machi="118" ten="30,8000,1" yaku="12,1,52,3,54,1" doraHai="112" who="3" fromWho="1" sc="188,0,289,-83,263,0,250,93" /><INIT seed="2,0,0,3,2,38" ten="188,206,263,343" oya="2" hai0="34,15,103,4,14,49,81,26,67,125,114,98,8" hai1="3,76,129,51,12,123,88,79,57,135,56,41,117" hai2="112,1,11,69,55,86,105,59,29,9,40,126,21" hai3="127,5,133,102,75,2,120,110,73,31,24,45,6" shuffle="mt19937ar,BE38DD85,0A6C0BF9,016C602D,AB38E72F,915FAB79,A4CB1390,876DA76A,4CF8F1B9"/><V23/><F69/><W52/><G120/><T84/><D114/><U108/><E123/><V100/><F112/><W19/><G110/><T99/><D125/><U80/><E3/><V132/><F126/><W122/><G127/><T119/><D119/><U43/><E117/><V116/><F116/><W16/><G122/><T92/><D67/><U28/><E108/><V64/><F64/><W70/><G70/><T47/><D34/><U113/><E113/><V68/><F68/><W58/><G102/><T77/><D26/><U97/><E28/><V36/><F132/><W62/><G73/><T71/><D71/><U130/><E12/><V82/><F105/><W46/><G75/><T18/><D99/><U118/><E118/><V27/><F100/><W106/><G106/><T93/><D93/><N who="1" m="56487" /><E135/><V61/><F23/><N who="3" m="15775" /><G2/><T124/><D124/><U128/><E51/><V74/><F74/><W101/><G101/><T66/><D66/><U85/><E79/><V91/><REACH who="2" step="1"/><F1/><REACH who="2" step="2"/><W37/><G133/><T35/><D35/><U10/><E10/><V87/><F87/><W96/><G96/><T95/><D95/><U90/><E76/><V107/><F107/><W109/><G109/><T7/><REACH who="0" step="1"/><D15/><REACH who="0" step="2"/><U134/><E134/><V39/><F39/><W25/><G37/><T50/><D50/><U30/><E30/><V94/><F94/><W63/><G25/><T65/><D65/><U53/><E53/><AGARI ba="0,2" hai="4,7,8,14,18,47,49,53,77,81,84,92,98,103" machi="53" ten="30,8000,1" yaku="1,1,7,1,8,1,53,2" doraHai="38" doraHaiUra="0" who="0" fromWho="1" sc="178,100,206,-80,253,0,343,0" /><INIT seed="3,0,0,4,0,4" ten="278,126,253,343" oya="3" hai0="30,100,115,16,24,77,43,44,126,10,90,65,19" hai1="31,86,59,25,57,21,130,64,20,63,33,94,46" hai2="29,50,113,124,87,41,15,32,89,79,47,58,14" hai3="104,17,13,118,40,114,53,123,125,3,128,95,69" shuffle="mt19937ar,ADF6B37E,DFCD41E3,F1E32162,69DFE55B,0EA7B196,CE50A04B,62812946,754F2268"/><W93/><G123/><T119/><D119/><U62/><E130/><V88/><F113/><W48/><G118/><T102/><D115/><U84/><E46/><V106/><F106/><W107/><G114/><T75/><D65/><U12/><E33/><V71/><F71/><W18/><G3/><T101/><D126/><U72/><E72/><V38/><F124/><W111/><G125/><T92/><D77/><U60/><E60/><V27/><F79/><W52/><G69/><T56/><D75/><U120/><E120/><V98/><F98/><W131/><G111/><T2/><D56/><U133/><E133/><V37/><F89/><W74/><G74/><T0/><D0/><U85/><E94/><N who="3" m="35850" /><G40/><T78/><D78/><U5/><E5/><V132/><F132/><W39/><G39/><T61/><D61/><U105/><E105/><N who="3" m="40522" /><G13/><T96/><D2/><U99/><E99/><V73/><F73/><W80/><G80/><T66/><D66/><U7/><E7/><V127/><F127/><W82/><G82/><T109/><D109/><U83/><E12/><V34/><F34/><W22/><G128/><T70/><D70/><U28/><E83/><V97/><F97/><W55/><G131/><T117/><D117/><U49/><E49/><V1/><F1/><W54/><G48/><N who="0" m="26655" /><D30/><U135/><E135/><V134/><F134/><W110/><G110/><T129/><D129/><U6/><E6/><V35/><F35/><W122/><G122/><T23/><D19/><U11/><E64/><V81/><F38/><W67/><N who="3" m="13312" /><DORA hai="91" /><W36/><G36/><T103/><D103/><RYUUKYOKU ba="0,0" sc="278,15,126,-15,253,15,343,-15" hai0="10,16,23,24,90,92,96,100,101,102" hai2="14,15,27,29,32,37,41,47,50,58,81,87,88" owari="293,4,111,-29,268,-8,328,33" /></mjloggm>