<mjloggm ver="2.3"><GO type="185"/><UN n0="%E3%81%A8%E3%81%8A%E3%82%8B%53%43%31" n1="%EF%BC%BC%28%EF%BC%BE%6F%EF%BC%BE%29%EF%BC%8F%E2%98%85" n2="%E5%8D%81%E5%85%AD%E5%A4%9C%E2%80%A0%E5%92%B2%E5%A4%9C" n3="" dan="16,17,16,0" rate="2079,2142,2168,1500" sx="M,M,F,C"/><TAIKYOKU oya="0"/><INIT seed="0,0,0,0,0,118" ten="350,350,350,0" oya="0" hai0="109,61,135,41,129,74,123,134,32,47,50,71,112" hai1="56,54,131,88,111,75,55,114,132,100,66,125,45" hai2="70,119,93,133,121,73,86,124,42,57,37,127,96" hai3="" shuffle="mt19937ar,CABBF074,199DEABF,58B5A44D,E6120A89,5D8D3173,07C3A676,2D63210B,BE9420C0"/><T67/><N who="0" m="31520" /><T39/><D74/><U95/><E75/><V44/><N who="2" m="31008" /><V63/><F119/><T122/><N who="0" m="31264" /><T120/><N who="0" m="30752" /><T62/><D32/><U77/><E77/><V1/><F1/><T38/><D112/><U102/><E114/><V116/><F73/><T43/><D129/><U97/><E131/><V110/><F116/><T51/><D109/><U130/><E130/><V89/><F110/><T60/><D50/><U104/><E111/><V58/><F133/><N who="0" m="50698" /><D43/><U2/><E2/><V126/><REACH who="2" step="1"/><F96/><REACH who="2" step="2"/><T64/><D62/><U59/><E132/><V33/><F33/><T83/><D83/><U82/><E82/><V69/><F69/><AGARI ba="0,1" hai="38,39,41,47,51,60,61,64,67,69,71" m="50698,30752,31264,31520" machi="69" ten="30,24000,3" yaku="20,1,34,2,52,6" doraHai="118" who="0" fromWho="2" sc="350,250,350,0,340,-240,0,0" /><INIT seed="0,1,0,4,4,102" ten="600,350,100,0" oya="0" hai0="125,97,40,90,112,38,116,126,98,73,89,127,113" hai1="63,119,54,53,82,132,123,101,39,75,78,1,41" hai2="61,80,69,93,109,57,55,67,72,99,134,2,111" hai3="" shuffle="mt19937ar,2EBBE80C,4DABC843,D1A19470,A949FE39,E439E46C,A1A0E68A,C273DB74,7B4DC0F8"/><T60/><D116/><U103/><N who="1" m="31520" /><U74/><E1/><V62/><F2/><T64/><D73/><U131/><E119/><V33/><F33/><T114/><D40/><U108/><E131/><V83/><F134/><T121/><N who="0" m="31008" /><T56/><REACH who="0" step="1"/><D38/><REACH who="0" step="2"/><U70/><E41/><V77/><F72/><T47/><D47/><U117/><E39/><V94/><F77/><T129/><D129/><U49/><E117/><V81/><REACH who="2" step="1"/><F99/><AGARI ba="1,1" hai="56,60,64,89,90,97,98,99,112,113,114,125,126,127" m="31008" machi="99" ten="50,12000,1" yaku="1,1,18,1,52,1,53,2" doraHai="102" doraHaiUra="84" who="0" fromWho="2" sc="590,132,350,0,100,-122,0,0" owari="722,67,350,-5,-22,-62,0,0" /></mjloggm>