<mjloggm ver="2.3"><GO type="225"/><UN n0="%E3%83%9B%E3%83%A2%E3%83%8F%E3%83%A0" n1="%EF%BC%88%27%EF%BC%88%E3%82%A7%EF%BC%89%27%6F%EF%BC%89" n2="%E9%9B%B2%E9%9B%80%E6%81%AD%E5%BC%A5" n3="%4E%6F%2E%32" dan="16,16,17,16" rate="2069,2066,2184,2065" sx="M,M,M,M"/><TAIKYOKU oya="0"/><INIT seed="0,0,0,3,2,4" ten="250,250,250,250" oya="0" hai0="134,87,27,36,94,20,14,69,59,30,63,42,101" hai1="11,81,48,121,34,47,37,88,40,82,106,80,131" hai2="2,76,125,58,108,100,97,49,44,103,129,118,128" hai3="104,105,96,130,72,111,38,74,116,120,45,78,50" shuffle="mt19937ar,1BFE7F3E,24B4CA2F,901B637B,7470F6C7,9E3C471F,205520AC,F6B5F244,718F2DE9"/><T43/><D134/><U135/><E121/><V84/><F108/><W23/><G116/><T39/><D69/><U21/><E34/><V6/><F118/><W77/><G111/><T95/><D36/><U57/><E106/><V75/><F75/><W17/><G38/><T126/><D39/><U56/><E135/><V110/><F110/><W66/><G130/><N who="2" m="50281" /><F125/><W46/><G66/><T53/><D126/><U51/><E131/><V25/><F58/><W93/><G120/><T15/><D15/><U119/><E119/><V122/><F122/><W5/><G5/><T115/><D115/><U19/><E37/><V91/><F76/><W73/><G104/><T127/><D127/><U98/><E51/><V3/><F25/><W68/><G105/><T61/><D61/><U114/><E114/><V70/><F70/><W54/><G68/><T9/><D101/><N who="2" m="38986" /><F97/><W62/><G45/><T52/><D53/><U13/><E21/><V90/><F6/><W92/><G62/><T83/><D42/><U22/><E22/><V26/><F26/><W107/><G107/><T79/><D79/><U113/><E113/><V124/><F124/><W28/><G96/><T16/><D43/><U86/><E98/><V67/><F67/><W18/><G78/><T109/><REACH who="0" step="1"/><D109/><REACH who="0" step="2"/><U0/><E0/><V60/><F60/><W12/><G77/><T89/><AGARI ba="0,1" hai="9,14,16,20,27,30,52,59,63,83,87,89,94,95" machi="89" ten="20,24000,3" yaku="1,1,2,1,0,1,7,1,8,1,52,1,54,2,53,0" doraHai="4" doraHaiUra="132" who="0" fromWho="0" sc="240,250,250,-80,250,-80,250,-80" /><INIT seed="0,1,0,5,4,51" ten="490,170,170,170" oya="0" hai0="60,82,15,59,48,102,66,11,129,128,81,118,6" hai1="63,110,21,113,99,14,124,68,7,12,104,78,56" hai2="88,84,112,89,106,115,24,73,74,95,26,50,135" hai3="76,0,77,34,32,83,35,105,33,20,2,119,9" shuffle="mt19937ar,DAB503AD,F39A2A96,19418513,90170522,8369C86B,BD2B1C8A,C8531505,55BE34D5"/><T36/><D118/><U55/><E110/><V116/><F106/><W19/><G105/><T42/><D102/><U127/><E113/><V100/><F116/><W132/><G119/><T67/><D36/><U30/><E78/><V46/><F100/><W126/><G126/><N who="1" m="48170" /><E68/><V71/><F71/><W130/><G130/><N who="0" m="50283" /><D66/><U133/><E133/><V64/><F64/><W97/><G132/><T94/><D94/><U131/><E131/><V80/><F135/><W38/><G97/><T53/><D42/><U65/><E65/><V91/><F115/><W29/><G38/><T13/><D13/><U58/><E58/><AGARI ba="1,0" hai="6,11,15,48,53,58,59,60,67,81,82" m="50283" machi="58" ten="30,2900,0" yaku="19,1,52,1" doraHai="51" who="0" fromWho="1" sc="490,32,170,-32,170,0,170,0" /><INIT seed="0,2,0,3,3,125" ten="522,138,170,170" oya="0" hai0="10,7,12,99,76,130,57,61,84,80,89,19,129" hai1="119,114,111,60,81,64,6,55,109,46,67,87,41" hai2="39,122,31,58,83,38,8,4,116,21,9,22,16" hai3="43,127,62,131,59,63,132,48,68,128,95,74,92" shuffle="mt19937ar,36197F91,AB7B0424,50B6429B,7B1494C8,96F13C43,E307781F,48684DB6,2E2C43BA"/><T70/><D70/><U2/><E6/><V15/><F122/><W49/><G74/><T107/><D107/><U44/><E2/><V121/><F121/><W97/><G132/><T113/><D113/><U90/><E119/><V54/><F116/><W45/><G127/><T50/><D50/><U79/><E114/><V66/><F66/><W133/><G133/><T34/><D34/><U35/><E35/><V120/><F120/><W40/><G97/><T25/><D25/><U17/><E17/><V117/><F117/><W20/><G20/><T115/><D115/><U101/><E101/><V105/><F105/><W96/><G96/><T106/><D7/><U1/><E1/><V86/><F31/><W18/><G18/><T14/><D14/><U71/><E67/><V28/><F28/><W112/><G59/><T30/><D30/><U42/><E55/><V37/><F22/><W0/><G112/><T47/><D47/><U36/><REACH who="1" step="1"/><E90/><REACH who="1" step="2"/><V93/><F4/><W104/><G0/><T78/><D106/><U56/><E56/><V108/><F108/><W123/><G104/><T52/><REACH who="0" step="1"/><D99/><REACH who="0" step="2"/><U13/><E13/><V5/><F5/><W135/><G123/><T53/><D53/><U88/><E88/><V91/><REACH who="2" step="1"/><F83/><REACH who="2" step="2"/><W103/><G135/><T24/><D24/><U29/><E29/><V65/><F65/><W118/><G118/><T102/><D102/><U69/><E69/><V27/><F27/><W11/><G103/><T126/><D126/><U85/><E85/><V33/><F33/><W94/><G68/><T26/><D26/><U23/><E23/><RYUUKYOKU ba="2,3" sc="512,10,128,10,160,10,170,-30" hai0="10,12,19,52,57,61,76,78,80,84,89,129,130" hai1="36,41,42,44,46,60,64,71,79,81,87,109,111" hai2="8,9,15,16,21,37,38,39,54,58,86,91,93" /><INIT seed="0,3,3,4,5,62" ten="522,138,170,140" oya="0" hai0="108,125,87,105,6,129,72,44,74,82,28,40,30" hai1="58,12,132,135,9,39,124,53,61,130,25,45,64" hai2="131,69,52,127,83,100,2,23,47,123,1,55,50" hai3="33,133,24,111,70,97,85,93,43,38,68,16,27" shuffle="mt19937ar,C38F3F83,B71C9E3B,8726EF7B,F570DF7E,EDBAAE07,2D52A439,8BECFED1,5446E481"/><T67/><D105/><U56/><E124/><V110/><F123/><W48/><G111/><T113/><D125/><U120/><E120/><V15/><F69/><W60/><G38/><T19/><D113/><U86/><E130/><V13/><F127/><W118/><G118/><T128/><D108/><U3/><E3/><V114/><F110/><W76/><G133/><N who="1" m="51274" /><E25/><V78/><F114/><W10/><G68/><T29/><D67/><U36/><E45/><V71/><F131/><N who="0" m="50250" /><D28/><U91/><E58/><V101/><F71/><W94/><G33/><T57/><D57/><U121/><E53/><V46/><F23/><W65/><G43/><T102/><D19/><N who="1" m="8591" /><E121/><V42/><F83/><AGARI ba="3,3" hai="36,39,56,61,64,83,86,91" m="8591,51274" machi="83" ten="30,2000,0" yaku="20,1,52,1" doraHai="62" who="1" fromWho="2" sc="522,0,138,59,170,-29,140,0" /><INIT seed="1,0,0,3,1,128" ten="522,197,141,140" oya="1" hai0="107,0,67,23,42,18,121,12,81,10,82,3,45" hai1="116,21,36,114,28,48,17,79,34,49,134,59,37" hai2="108,61,92,110,127,93,100,52,4,76,5,46,57" hai3="89,74,95,62,85,126,60,69,120,106,70,13,87" shuffle="mt19937ar,43DF0078,D292D9D0,71D2CB7F,ACBEB904,F509CEAE,5688BC46,7B5DBD4D,C582B71F"/><U24/><E114/><V39/><F127/><W25/><G120/><T118/><D107/><U124/><E116/><V58/><F76/><W122/><G106/><T113/><D113/><U105/><E105/><V84/><F58/><W90/><G122/><T112/><D112/><U111/><E124/><V104/><F104/><W11/><G126/><T22/><D67/><U7/><E79/><V88/><F39/><W64/><G25/><T15/><D121/><U115/><E115/><V9/><F46/><W109/><G74/><T53/><D53/><U98/><E98/><V135/><F135/><W31/><G109/><N who="2" m="42089" /><F9/><W102/><G31/><T101/><D101/><U16/><E111/><V32/><F32/><W19/><G102/><T6/><D118/><U26/><E134/><V33/><F33/><W132/><G132/><T65/><D65/><U68/><E37/><V63/><F63/><W1/><G1/><T47/><D47/><U131/><E36/><V123/><F123/><W78/><G78/><T30/><D45/><U40/><E59/><V99/><AGARI ba="0,0" hai="4,5,52,57,61,84,88,92,93,99,100" m="42089" machi="99" ten="30,4000,0" yaku="14,1,54,2" doraHai="128" who="2" fromWho="2" sc="522,-10,197,-20,141,40,140,-10" /><INIT seed="2,0,0,3,1,129" ten="512,177,181,130" oya="2" hai0="92,26,45,55,27,7,47,3,37,44,93,122,95" hai1="74,38,106,89,81,66,59,6,84,14,100,50,19" hai2="32,23,16,105,21,52,13,12,113,53,104,96,42" hai3="77,5,118,82,56,135,109,78,36,79,117,123,49" shuffle="mt19937ar,D7605D0A,57467A47,95210E5F,4FBFB775,6F029F3D,8E7A1A73,120EF442,7C275C19"/><V64/><F113/><W11/><G36/><T25/><D122/><U46/><E74/><V99/><F42/><W51/><G123/><T130/><D37/><U119/><E119/><V58/><F64/><W4/><G109/><T20/><D20/><U15/><E46/><V73/><F73/><W2/><G5/><T41/><D41/><U110/><E38/><V22/><F32/><W43/><G82/><T128/><D55/><N who="1" m="32247" /><E106/><V54/><F58/><W40/><G40/><T48/><D48/><U39/><E39/><V63/><F63/><W108/><G108/><T30/><D30/><U68/><E68/><V127/><F127/><W115/><G115/><T31/><D31/><U33/><E33/><V61/><F61/><W102/><G102/><T121/><D121/><U131/><E131/><N who="0" m="50217" /><D7/><U103/><E66/><V90/><F90/><W107/><G107/><T72/><D72/><U112/><E112/><V94/><F94/><W91/><G91/><T116/><D3/><U80/><E110/><V18/><F23/><W134/><G49/><T120/><D120/><U101/><E6/><V35/><F35/><W1/><G1/><T9/><D9/><N who="1" m="6607" /><E15/><V70/><REACH who="2" step="1"/><F54/><REACH who="2" step="2"/><W29/><G43/><T17/><D93/><AGARI ba="0,1" hai="80,81,84,89,93,100,101,103" m="6607,32247" machi="93" ten="30,1000,0" yaku="8,1" doraHai="129" who="1" fromWho="0" sc="512,-10,177,20,171,0,130,0" /><INIT seed="3,0,0,1,1,20" ten="502,197,171,130" oya="3" hai0="69,42,129,81,28,86,78,121,33,26,53,41,116" hai1="102,59,5,103,21,34,16,35,99,134,37,36,57" hai2="43,73,91,23,120,113,46,115,104,119,118,30,60" hai3="87,100,38,112,9,96,62,127,66,114,56,83,130" shuffle="mt19937ar,07BAE484,9123919E,B84136C8,B34926E9,BD7F0263,8F2D4472,6F27F4FC,261A3B7B"/><W17/><G38/><T70/><D121/><U93/><E37/><V94/><F73/><W85/><G130/><T97/><D116/><U27/><E36/><V25/><F104/><W71/><G127/><T51/><D129/><U108/><E108/><V13/><F120/><W8/><G71/><T106/><D70/><U67/><E134/><V0/><F0/><W105/><G85/><T50/><D69/><U126/><E126/><V124/><F124/><W24/><G114/><T117/><D117/><U10/><E102/><V135/><F135/><W48/><G112/><T125/><D125/><U39/><E39/><V92/><F119/><W1/><G48/><T49/><REACH who="0" step="1"/><D53/><REACH who="0" step="2"/><U109/><E109/><V131/><F118/><W61/><G61/><T72/><D72/><U54/><E54/><V22/><F131/><W89/><REACH who="3" step="1"/><G1/><REACH who="3" step="2"/><T77/><D77/><U98/><E67/><V111/><F115/><W132/><G132/><T18/><D18/><U55/><E16/><N who="2" m="10511" /><F113/><W29/><G29/><T110/><D110/><U31/><E31/><V122/><F111/><W7/><G7/><T15/><D15/><U19/><E5/><V133/><F133/><W44/><G44/><T3/><D3/><U82/><E19/><V40/><F122/><W11/><G11/><T63/><D63/><U75/><E10/><V47/><F60/><W68/><G68/><T128/><D128/><U6/><E6/><V4/><F4/><W95/><G95/><T65/><D65/><U79/><E75/><V90/><F94/><W88/><G88/><N who="2" m="33833" /><F92/><W101/><G101/><AGARI ba="0,2" hai="26,28,33,41,42,49,50,51,78,81,86,97,101,106" machi="101" ten="40,2600,0" yaku="1,1,52,1,53,0" doraHai="20" doraHaiUra="14" who="0" fromWho="3" sc="492,46,197,0,171,0,120,-26" owari="538,54,197,-5,171,-18,94,-31" /></mjloggm>