<mjloggm ver="2.3"><GO type="225"/><UN n0="%E9%9B%81%E7%BA%8F" n1="%73%69%64%65" n2="%EF%BC%88%27%EF%BC%88%E3%82%A7%EF%BC%89%27%6F%EF%BC%89" n3="%E9%9B%AA%E5%9B%BD%E8%82%B2%E3%81%A1" dan="16,17,16,17" rate="2045,2095,2074,2180" sx="M,M,M,M"/><TAIKYOKU oya="0"/><INIT seed="0,0,0,5,2,72" ten="250,250,250,250" oya="0" hai0="59,124,94,66,115,30,79,73,42,104,68,96,27" hai1="120,107,44,99,109,58,17,83,34,38,15,49,119" hai2="65,46,127,57,9,70,81,122,90,101,21,43,123" hai3="121,129,133,92,3,131,22,28,25,67,105,75,93" shuffle="mt19937ar,F5114D60,9E1A8E04,87782BB3,46022860,6AADA438,8127BE89,9A5C69B8,4A8699FF"/><T91/><D115/><U108/><E34/><V37/><F70/><W41/><G121/><T5/><D124/><U63/><E38/><V113/><F113/><W110/><G105/><T87/><D68/><U103/><E120/><V61/><F127/><W126/><G126/><T7/><D42/><U125/><E125/><V51/><F101/><W1/><G110/><N who="1" m="42602" /><E83/><V78/><F90/><W60/><G133/><T48/><D73/><U16/><E119/><V36/><F37/><W31/><G75/><T62/><D48/><U118/><E118/><V35/><F35/><W86/><G41/><T77/><D104/><U50/><E44/><V116/><F116/><W29/><G1/><T130/><D130/><N who="3" m="49673" /><G3/><T102/><D102/><U39/><E39/><V89/><F89/><N who="3" m="53303" /><G93/><T80/><REACH who="0" step="1"/><D79/><REACH who="0" step="2"/><U23/><E17/><V45/><F123/><W13/><G13/><T64/><D64/><AGARI ba="0,1" hai="15,16,23,49,50,58,63,64,99,103,107" m="42602" machi="64" ten="30,2000,0" yaku="14,1,54,1" doraHai="72" who="1" fromWho="0" sc="240,-20,250,30,250,0,250,0" /><INIT seed="1,0,0,0,1,25" ten="220,280,250,250" oya="1" hai0="40,101,41,6,26,21,3,127,8,71,22,98,33" hai1="88,132,79,73,54,135,23,128,61,20,93,85,123" hai2="2,76,45,86,91,125,129,82,56,133,37,12,49" hai3="53,42,59,24,99,84,100,58,74,70,116,27,115" shuffle="mt19937ar,421A068D,80B9E60C,29C48FAB,6D8EC9E5,679A004F,DEB11CD8,684CC350,C74E17E9"/><U1/><E123/><V10/><F2/><W78/><G74/><T16/><D127/><U30/><E1/><V31/><F125/><W134/><G70/><T52/><D71/><U63/><E128/><V87/><F129/><W19/><G116/><T105/><D33/><U44/><E73/><V14/><F133/><N who="1" m="51273" /><E79/><V89/><F37/><W68/><G68/><T69/><D69/><U51/><E20/><V7/><F56/><W83/><G115/><T47/><REACH who="0" step="1"/><D22/><REACH who="0" step="2"/><U109/><E109/><V39/><F39/><W108/><G108/><T131/><D131/><U121/><E121/><V103/><F103/><W120/><G134/><T77/><D77/><U75/><E75/><V55/><F76/><W96/><G120/><T110/><D110/><U43/><E43/><V94/><REACH who="2" step="1"/><F14/><REACH who="2" step="2"/><W107/><G78/><T36/><D36/><U34/><E34/><V64/><F64/><W9/><G100/><T29/><D29/><AGARI ba="0,2" hai="7,10,12,29,31,45,49,55,82,86,87,89,91,94" machi="29" ten="40,8000,1" yaku="1,1,8,1,52,2,53,0" doraHai="25" doraHaiUra="113" who="2" fromWho="0" sc="210,-80,280,0,240,100,250,0" /><INIT seed="2,0,0,0,1,47" ten="130,280,340,250" oya="2" hai0="26,4,83,43,79,95,84,127,38,21,28,85,113" hai1="99,94,3,122,89,114,71,37,117,45,58,88,62" hai2="108,32,81,135,126,40,82,93,75,130,20,36,77" hai3="78,67,72,69,63,9,102,132,16,54,70,24,57" shuffle="mt19937ar,342D9D5B,444C3E74,0354122C,01115607,DDDC864E,5A57AA98,1787AA92,C5106738"/><V41/><F32/><W51/><G132/><T86/><D113/><U10/><E114/><V119/><F119/><W12/><G102/><T49/><D38/><U80/><E71/><V7/><F135/><W104/><G104/><T48/><D127/><U13/><E117/><V103/><F126/><W110/><G110/><T33/><D43/><U22/><E3/><V128/><F108/><W34/><G78/><T111/><D111/><U27/><E122/><V106/><F106/><W129/><G72/><T90/><D4/><N who="1" m="3271" /><E37/><V74/><F7/><W18/><G129/><N who="2" m="49769" /><F36/><W50/><G69/><T131/><D131/><U96/><E45/><V42/><F20/><W17/><REACH who="3" step="1"/><G51/><REACH who="3" step="2"/><N who="0" m="19531" /><D33/><U66/><E80/><N who="2" m="45111" /><F75/><W55/><G55/><T124/><D124/><U19/><E89/><V100/><F100/><W52/><G52/><T61/><D61/><U53/><E66/><V116/><F116/><W120/><G120/><T60/><D60/><U73/><E73/><V5/><F82/><W65/><G65/><T115/><D115/><U87/><AGARI ba="0,1" hai="19,22,27,53,58,62,87,88,94,96,99" m="3271" machi="87" ten="30,2000,0" yaku="8,1,54,1" doraHai="47" who="1" fromWho="1" sc="130,-5,280,30,340,-10,240,-5" /><INIT seed="3,0,0,4,4,8" ten="125,310,330,235" oya="3" hai0="9,92,116,125,42,118,44,86,115,124,102,49,11" hai1="79,43,56,12,77,67,17,51,99,27,40,63,22" hai2="14,60,66,82,32,81,110,21,54,72,23,128,91" hai3="88,34,114,83,135,59,123,69,89,39,31,52,103" shuffle="mt19937ar,D27B0B6C,76F378BF,ECAEBF45,9D3678DE,906823DE,74861AAD,3B68922A,2DED8D47"/><W47/><G123/><T74/><D74/><U87/><E99/><V18/><F32/><W16/><G114/><T133/><D102/><U15/><E79/><V53/><F110/><W80/><G69/><T132/><D92/><U2/><E2/><V10/><F128/><W58/><G135/><N who="0" m="51787" /><D86/><U0/><E0/><V3/><F72/><W41/><G103/><T94/><D94/><U104/><E104/><V90/><F3/><W130/><G130/><T98/><D98/><U25/><E25/><V36/><F36/><W120/><G120/><T26/><D26/><U127/><E127/><N who="0" m="48713" /><D11/><U105/><E105/><V33/><F33/><W62/><G31/><T84/><D84/><U46/><E43/><V126/><F126/><W107/><G34/><T95/><D9/><U65/><E65/><V73/><F73/><W29/><G29/><T122/><D95/><U13/><E27/><V134/><F134/><W93/><G107/><T70/><D122/><U71/><E71/><V37/><F37/><W28/><G28/><T64/><D115/><U20/><E20/><N who="2" m="11351" /><F91/><W119/><G89/><T45/><D45/><U55/><E67/><V5/><F5/><W19/><G83/><AGARI ba="0,0" hai="12,13,15,17,22,40,46,51,55,56,63,77,83,87" machi="83" ten="40,8000,1" yaku="8,1,52,3" doraHai="8" who="1" fromWho="3" sc="125,0,310,80,330,0,235,-80" owari="125,-27,390,38,330,8,155,-19" /></mjloggm>