<mjloggm ver="2.3"><GO type="225"/><UN n0="%74%EF%BC%9C%6E" n1="%E3%82%AF%E3%83%AB%E3%83%AB%E2%98%86" n2="%E9%9B%81%E7%BA%8F" n3="%E8%B6%85%E3%83%92%E3%83%A2%E3%83%AA%E3%83%AD" dan="16,16,16,17" rate="2076,2053,2044,2097" sx="F,F,M,F"/><TAIKYOKU oya="0"/><INIT seed="0,0,0,5,3,4" ten="250,250,250,250" oya="0" hai0="105,75,117,33,116,84,92,5,21,76,19,12,6" hai1="23,120,83,71,127,114,79,77,1,63,131,70,13" hai2="8,73,47,129,107,88,85,31,134,0,45,44,66" hai3="16,118,97,111,29,58,27,119,43,18,104,34,64" shuffle="mt19937ar,B14851B8,3ECCEE0E,6DE38213,8BDEE26D,7D37A381,407275BE,E5F440E1,C220130E"/><T103/><D33/><U57/><E1/><V48/><F73/><W109/><G43/><T55/><D116/><U28/><E120/><V9/><F107/><W130/><G64/><T3/><D117/><N who="3" m="44553" /><G58/><T40/><D40/><U36/><E36/><V52/><F0/><W135/><G104/><T94/><D3/><U95/><E114/><V60/><F134/><W24/><G97/><T10/><D75/><U80/><E95/><N who="0" m="36393" /><D105/><U99/><E99/><V78/><F129/><W54/><G54/><T132/><D132/><U89/><E131/><V101/><F31/><N who="3" m="19815" /><G135/><T32/><D32/><U62/><E89/><V11/><F101/><W69/><G69/><T26/><D103/><U49/><E49/><V121/><F121/><W17/><G130/><T123/><D123/><U86/><E57/><N who="2" m="37135" /><F78/><W51/><G51/><T133/><D133/><U61/><E61/><V65/><F65/><W42/><G42/><T93/><D55/><U113/><E86/><V15/><F15/><W98/><G98/><T30/><N who="0" m="36401" /><AGARI ba="0,0" hai="8,9,11,44,45,47,48,52,85,88,93" m="37135" machi="93" ten="30,12000,2" yaku="3,1,8,1,52,3,54,2" doraHai="4" who="2" fromWho="0" sc="250,-120,250,0,250,120,250,0" /><INIT seed="1,0,0,5,4,126" ten="130,250,370,250" oya="1" hai0="91,18,120,15,61,109,26,23,21,22,41,62,86" hai1="59,135,117,134,82,43,113,127,123,19,133,90,115" hai2="116,128,1,97,92,96,67,125,6,40,101,7,130" hai3="77,93,75,46,73,50,4,118,83,56,35,39,8" shuffle="mt19937ar,60D921B2,EBDA322B,9252B036,A9D5071F,F9B1743D,8C998879,6AA1E400,2DF5F8AE"/><U122/><E19/><V89/><F116/><W121/><G121/><N who="1" m="46090" /><E117/><V47/><F125/><W28/><G118/><T76/><D120/><U99/><E127/><V114/><F67/><W80/><G93/><T107/><D107/><U111/><E43/><V119/><F119/><W110/><G110/><T33/><D109/><U131/><E111/><V31/><F31/><W44/><G35/><T95/><D33/><U25/><E25/><V112/><F1/><W2/><G28/><T105/><D105/><U17/><E17/><V84/><F6/><W24/><G24/><T11/><D26/><U10/><E10/><V106/><F7/><W48/><G56/><T81/><REACH who="0" step="1"/><D41/><REACH who="0" step="2"/><U29/><E115/><N who="2" m="44075" /><F97/><AGARI ba="0,1" hai="11,15,18,21,22,23,61,62,76,81,86,91,95,97" machi="97" ten="40,2600,0" yaku="1,1,8,1,53,0" doraHai="126" doraHaiUra="65" who="0" fromWho="2" sc="120,36,250,0,370,-26,250,0" /><INIT seed="2,0,0,2,0,61" ten="156,250,344,250" oya="2" hai0="80,105,33,113,112,26,135,89,82,104,67,71,91" hai1="36,84,10,116,96,25,52,130,108,17,106,70,107" hai2="123,83,74,42,72,110,126,93,37,35,20,87,4" hai3="92,101,2,16,18,50,117,102,22,114,97,43,3" shuffle="mt19937ar,68621605,CCF64392,EAC234C6,A517E806,91FC8C4C,6A1BEE4A,C0983A9B,FC15149A"/><V44/><F35/><W24/><G117/><T1/><D1/><U76/><E36/><V56/><F123/><W57/><G114/><T49/><D49/><U69/><E116/><V99/><F126/><W77/><G77/><T65/><D33/><U21/><E108/><V73/><F4/><W6/><G6/><T58/><D58/><U122/><E122/><V53/><F20/><W55/><G102/><T88/><D91/><U68/><E130/><V13/><F13/><W32/><G32/><T81/><D81/><U63/><E96/><V27/><F27/><W128/><G128/><T60/><D60/><U86/><E10/><V125/><F125/><W98/><G98/><T38/><D26/><U39/><E39/><V34/><F34/><W54/><G43/><T134/><REACH who="0" step="1"/><D38/><REACH who="0" step="2"/><U46/><E46/><V95/><F37/><W5/><G5/><T30/><D30/><U124/><E124/><V29/><F29/><W127/><G127/><T78/><D78/><U7/><E76/><V64/><F56/><W47/><G18/><T8/><D8/><U120/><E7/><V48/><F48/><AGARI ba="0,1" hai="2,3,16,22,24,47,48,50,54,55,57,92,97,101" machi="48" ten="30,2000,0" yaku="7,1,54,1" doraHai="61" who="3" fromWho="2" sc="146,0,250,0,344,-20,250,30" /><INIT seed="3,0,0,3,4,75" ten="146,250,324,280" oya="3" hai0="92,8,66,133,12,38,5,28,78,91,124,33,68" hai1="81,121,90,9,55,76,51,47,43,64,67,59,15" hai2="10,126,98,24,119,122,11,36,1,53,26,25,20" hai3="58,34,125,99,94,48,128,2,61,4,3,19,131" shuffle="mt19937ar,9862B1F2,8732B862,D70100E4,7513F1BF,622DB024,D8AC654F,BD41EE81,28BD90B9"/><W72/><G34/><T16/><D124/><U77/><E121/><V109/><F119/><W101/><G125/><T74/><D133/><U93/><E43/><V17/><F126/><W50/><G72/><T80/><D38/><U129/><E129/><N who="3" m="49738" /><G19/><T13/><D33/><U71/><E71/><V127/><F127/><W44/><G4/><T21/><D28/><U88/><E81/><V108/><F36/><W49/><G44/><T111/><D111/><N who="2" m="42570" /><F122/><W89/><G101/><T105/><D105/><U82/><E82/><V70/><F70/><W62/><G62/><T6/><D6/><N who="1" m="3511" /><E90/><V14/><F1/><W113/><G113/><T97/><D68/><U134/><E134/><V56/><F98/><W83/><G83/><T32/><D32/><U130/><E130/><V87/><F87/><W115/><G115/><T120/><D66/><AGARI ba="0,0" hai="2,3,48,49,50,58,61,66,89,94,99" m="49738" machi="66" ten="30,1500,0" yaku="19,1" doraHai="75" who="3" fromWho="0" sc="146,-15,250,0,324,0,280,15" /><INIT seed="3,1,0,4,0,62" ten="131,250,324,295" oya="3" hai0="54,90,47,119,2,78,129,61,60,99,34,110,53" hai1="39,11,84,106,9,33,63,87,132,98,0,57,30" hai2="134,113,43,131,15,4,100,12,10,58,68,17,95" hai3="3,64,116,97,5,127,124,28,49,112,56,29,23" shuffle="mt19937ar,671AAD78,9AAFC22E,194148D2,615D1CD5,3119B362,A91E11C0,1D4ED898,9A6CA39A"/><W66/><G112/><T69/><D2/><U16/><E39/><V32/><F113/><W67/><G116/><T128/><D34/><U76/><E132/><V48/><F68/><W117/><G117/><T31/><D31/><U94/><E106/><V45/><F32/><W88/><G3/><T38/><D99/><U125/><E125/><N who="3" m="48202" /><G5/><T133/><D78/><U59/><E30/><N who="3" m="11882" /><G23/><T6/><D90/><U70/><E33/><V50/><F134/><W36/><G36/><T122/><D6/><U26/><E70/><V19/><F131/><N who="0" m="50250" /><D119/><U72/><E72/><V37/><F58/><W80/><G49/><T77/><D77/><U14/><E59/><V51/><REACH who="2" step="1"/><F15/><REACH who="2" step="2"/><W93/><G80/><T120/><D133/><U71/><E71/><V44/><F44/><W115/><G115/><T52/><D110/><U22/><E0/><V25/><F25/><W91/><G56/><T118/><D118/><U55/><E14/><V35/><F35/><W41/><G41/><N who="0" m="22967" /><D61/><U126/><E126/><V27/><F27/><W105/><G105/><T103/><D103/><AGARI ba="1,1" hai="64,66,67,88,91,93,97,103" m="11882,48202" machi="103" ten="30,12000,1" yaku="18,1,52,3,54,1" doraHai="62" who="3" fromWho="0" sc="131,-123,250,0,314,0,295,133" owari="8,-39,250,-10,314,6,428,43" /></mjloggm>