<mjloggm ver="2.3"><GO type="225"/><UN n0="%E6%9C%80%E9%80%9F%E3%82%AF%E3%83%B3%E2%99%AA" n1="%E9%95%B7%E5%B2%A1%E5%A4%A7%E6%98%8E%E7%A5%9E" n2="%E5%B1%B1%E5%B9%B8%E5%95%86%E5%BA%97" n3="%45%56%41%4E%53%49%55" dan="16,16,17,16" rate="2078,2054,2154,2087" sx="M,F,M,M"/><TAIKYOKU oya="0"/><INIT seed="0,0,0,4,3,65" ten="250,250,250,250" oya="0" hai0="100,119,73,82,20,107,56,103,1,2,62,105,6" hai1="72,112,32,86,57,23,43,125,17,101,3,27,30" hai2="85,122,129,34,104,4,29,84,71,96,46,118,19" hai3="41,79,61,40,109,10,130,123,12,133,121,75,48" shuffle="mt19937ar,2B2AFED6,7F58C6A7,28BD997B,9279C18C,E89CFD8B,BD481050,F2939F20,43A4CB74"/><T25/><D119/><U63/><E72/><V68/><F122/><N who="3" m="46603" /><G109/><T66/><D107/><U33/><E3/><V97/><F46/><W90/><G133/><T64/><D64/><U45/><E112/><V36/><F4/><N who="3" m="3143" /><G130/><T35/><D35/><U15/><E125/><V60/><F60/><W113/><G113/><T21/><D105/><U93/><E86/><V108/><F104/><W28/><G28/><T70/><D21/><U110/><E110/><V88/><F108/><W132/><G132/><T18/><D56/><U87/><E87/><V0/><F0/><W127/><G127/><T115/><D115/><U22/><E93/><V24/><F19/><W135/><G135/><T49/><D49/><U128/><E101/><V74/><F74/><W94/><G61/><T102/><REACH who="0" step="1"/><D6/><REACH who="0" step="2"/><U111/><E128/><V42/><F129/><W77/><G48/><T55/><D55/><U114/><E114/><V92/><F118/><W98/><G41/><T106/><D106/><U44/><E111/><V50/><F50/><W120/><G40/><T134/><D134/><U67/><E45/><V124/><F124/><W51/><G51/><AGARI ba="0,1" hai="15,17,22,23,27,30,32,33,43,44,51,57,63,67" machi="51" ten="30,1000,0" yaku="7,1" doraHai="65" who="1" fromWho="3" sc="240,0,250,20,250,0,250,-10" /><INIT seed="1,0,0,1,3,64" ten="240,270,250,240" oya="1" hai0="95,9,86,26,73,132,40,81,12,84,16,41,55" hai1="0,114,123,52,102,67,133,75,68,71,32,30,1" hai2="15,126,33,80,56,110,48,108,119,117,43,34,105" hai3="104,29,128,121,39,94,109,98,118,49,3,20,66" shuffle="mt19937ar,C122A4D9,1E92A986,40CCDEFD,C3ED478F,49A143EF,74124970,78D67843,6E1C5251"/><U70/><E123/><V19/><F105/><W14/><G121/><T103/><D132/><U100/><E114/><V8/><F80/><W88/><G39/><T5/><D73/><U83/><E67/><V18/><F126/><W129/><G3/><T89/><D55/><U58/><E133/><V62/><F48/><W36/><G36/><T28/><D5/><U92/><E30/><V134/><F43/><W122/><G122/><T35/><REACH who="0" step="1"/><D103/><REACH who="0" step="2"/><U91/><E102/><V120/><F120/><W4/><G4/><T53/><D53/><U101/><E100/><V130/><F134/><W113/><G113/><T65/><D65/><U96/><E32/><V27/><F34/><W44/><G66/><T93/><D93/><U106/><E75/><V10/><F33/><W115/><G115/><T13/><D13/><U31/><E83/><V11/><F15/><W22/><G104/><T42/><D42/><U60/><REACH who="1" step="1"/><E31/><REACH who="1" step="2"/><V78/><F119/><W59/><G118/><T57/><D57/><U82/><E82/><V24/><F117/><W90/><G59/><T46/><D46/><U125/><E125/><V112/><F56/><W54/><G29/><T111/><D111/><U61/><E61/><V21/><F62/><W50/><G109/><T124/><D124/><U77/><E77/><AGARI ba="0,2" hai="9,12,16,26,28,35,40,41,77,81,84,86,89,95" machi="77" ten="30,3900,0" yaku="1,1,7,1,54,1,53,0" doraHai="64" doraHaiUra="99" who="0" fromWho="1" sc="230,59,260,-39,250,0,240,0" /><INIT seed="2,0,0,2,1,7" ten="289,221,250,240" oya="2" hai0="84,103,12,44,127,15,76,49,19,31,112,82,8" hai1="27,39,75,86,74,4,104,63,66,62,48,69,116" hai2="100,90,22,129,0,11,85,79,45,128,68,40,34" hai3="6,81,72,17,110,83,123,1,131,56,111,99,16" shuffle="mt19937ar,6F1546BC,17281AC2,6EC364FB,1FE2677C,C40F380D,3AB34D5C,510B7215,ED8E8168"/><V52/><F34/><W106/><G123/><T5/><D127/><U95/><E104/><V117/><F68/><W108/><G131/><N who="2" m="50249" /><F100/><N who="3" m="62751" /><G56/><T30/><D103/><U55/><E39/><V132/><F117/><W20/><G72/><T9/><REACH who="0" step="1"/><D112/><REACH who="0" step="2"/><U23/><E116/><V46/><F132/><W80/><G20/><T78/><D78/><U21/><E21/><V94/><F79/><W109/><N who="3" m="27648" /><DORA hai="97" /><W51/><G51/><T28/><D28/><U124/><E23/><V54/><F22/><W87/><G87/><T121/><D121/><U130/><E130/><V115/><F115/><W10/><AGARI ba="0,1" hai="1,6,10,16,17,80,81,83" m="27648,62751" machi="10" ten="60,8000,1" yaku="14,1,52,2,54,1" doraHai="7,97" who="3" fromWho="3" sc="279,-20,221,-20,250,-40,240,90" /><INIT seed="3,0,0,4,0,3" ten="259,201,210,330" oya="3" hai0="117,134,125,90,78,100,62,124,16,121,122,41,71" hai1="95,33,68,91,65,5,93,52,42,32,107,115,73" hai2="77,12,132,112,4,120,76,10,83,67,57,75,40" hai3="114,28,21,29,105,36,26,45,17,119,63,47,96" shuffle="mt19937ar,12973862,DCDE31C0,19C16DA7,D2CEEF3D,8751290A,1F938800,41032D00,E398E2C4"/><W86/><G114/><T20/><D117/><U35/><E107/><V9/><F112/><W89/><G119/><T111/><D111/><U133/><E73/><V82/><F132/><W69/><G36/><T85/><D134/><U123/><E133/><V39/><F120/><W59/><G69/><T81/><D100/><U55/><E123/><V11/><F40/><W64/><G96/><T116/><D116/><U61/><E115/><V108/><F39/><W2/><G2/><T102/><D102/><U23/><E42/><V0/><F108/><W87/><G105/><T127/><D41/><U22/><E5/><V128/><F128/><W8/><G87/><N who="0" m="48567" /><D62/><U60/><E95/><V80/><F0/><W46/><G8/><N who="2" m="3177" /><F75/><W130/><G130/><T27/><D71/><U118/><E118/><V104/><F104/><W101/><G101/><T31/><D31/><U131/><E131/><V48/><F67/><W94/><AGARI ba="0,0" hai="17,21,26,28,29,45,46,47,59,63,64,86,89,94" machi="94" ten="30,3000,0" yaku="0,1,8,1" doraHai="3" who="3" fromWho="3" sc="259,-10,201,-10,210,-10,330,30" owari="249,0,191,-21,200,-15,360,36" /></mjloggm>