<mjloggm ver="2.3"><GO type="225"/><UN n0="%E3%82%AF%E3%83%AB%E3%83%AB%E2%98%86" n1="%74%EF%BC%9C%6E" n2="%E8%B6%85%E3%83%92%E3%83%A2%E3%83%AA%E3%83%AD" n3="%EF%BC%A6%EF%BC%B8%E9%9B%80%E5%A3%AB" dan="16,16,17,16" rate="2054,2076,2097,2046" sx="F,F,F,M"/><TAIKYOKU oya="0"/><INIT seed="0,0,0,2,0,55" ten="250,250,250,250" oya="0" hai0="20,115,96,46,69,49,76,119,90,31,35,108,18" hai1="112,51,48,105,17,110,42,101,38,89,54,12,83" hai2="128,86,99,1,10,131,67,62,81,56,98,2,122" hai3="94,85,57,50,114,102,23,26,134,43,30,121,77" shuffle="mt19937ar,7858D51E,EC41064A,904BFDE0,94BFBCE6,3F4C086C,51339201,111BDE6F,EFCD33CA"/><T74/><D115/><U52/><E112/><V14/><F122/><W7/><G121/><T11/><D69/><U33/><E33/><V84/><F84/><W13/><G114/><T3/><D119/><U113/><E113/><V16/><F98/><W97/><G134/><T117/><D117/><U66/><E110/><V65/><F99/><W28/><G28/><T127/><D76/><U88/><E66/><V73/><F73/><W104/><G43/><T29/><D74/><U78/><E105/><V109/><F109/><W47/><G47/><T32/><D32/><U71/><E101/><V93/><F93/><W58/><G50/><N who="1" m="18986" /><E38/><V124/><F67/><W61/><G61/><T39/><D39/><U79/><E71/><V64/><F64/><W95/><G104/><T100/><D35/><U21/><E42/><V41/><F41/><W0/><G0/><T24/><D108/><U103/><E103/><V120/><F120/><W75/><G75/><T15/><D3/><U116/><E116/><V53/><F124/><W135/><G135/><T27/><D127/><U82/><E82/><V107/><F107/><W63/><G63/><T70/><D70/><U87/><E78/><N who="2" m="46391" /><F65/><W130/><G130/><AGARI ba="0,0" hai="1,2,10,14,16,53,56,62,128,130,131" m="46391" machi="130" ten="30,3900,0" yaku="19,1,52,1,54,1" doraHai="55" who="2" fromWho="3" sc="250,0,250,0,250,39,250,-39" /><INIT seed="1,0,0,5,5,65" ten="250,250,289,211" oya="1" hai0="19,134,84,43,99,70,72,106,50,45,4,7,11" hai1="24,32,122,126,120,57,128,79,123,94,133,36,12" hai2="85,17,2,73,121,26,113,37,62,16,20,13,38" hai3="82,34,21,53,49,88,127,80,3,39,61,5,46" shuffle="mt19937ar,50494B7C,C4851F63,D650DA19,73BF3D56,2E690FE7,99D224B7,E7ED2CD2,5CF32ADA"/><U29/><E36/><V51/><F73/><W69/><G34/><T33/><D72/><U18/><E79/><V111/><F2/><W89/><G127/><T77/><D33/><U68/><E68/><V35/><F121/><W103/><G103/><T54/><D70/><U71/><E71/><V60/><F111/><W83/><G39/><T15/><D134/><U8/><E133/><V116/><F116/><W129/><G129/><T10/><D106/><U87/><E57/><V0/><F0/><W93/><G21/><T63/><D99/><U124/><E87/><V91/><F113/><W100/><G100/><T107/><D107/><U112/><E94/><V97/><F38/><W25/><G25/><T96/><D96/><U105/><E105/><V125/><F37/><W9/><REACH who="3" step="1"/><G93/><REACH who="3" step="2"/><T67/><D11/><U58/><E128/><V41/><F125/><N who="1" m="48233" /><E58/><V22/><F35/><W95/><G95/><T74/><D10/><U86/><E86/><V56/><F97/><W23/><G23/><T66/><D84/><U117/><E117/><V14/><F26/><W31/><G31/><T42/><D74/><U59/><E59/><V101/><F101/><W48/><G48/><T76/><D50/><U110/><E110/><V92/><F56/><W104/><G104/><T75/><D75/><U30/><E30/><V130/><F130/><W132/><G132/><T90/><D67/><AGARI ba="0,1" hai="3,5,9,46,49,53,61,67,69,80,82,83,88,89" machi="67" ten="40,12000,2" yaku="1,1,52,1,54,1,53,3" doraHai="65" doraHaiUra="78" who="3" fromWho="0" sc="250,-120,250,0,289,0,201,130" /><INIT seed="2,0,0,3,1,94" ten="130,250,289,331" oya="2" hai0="109,88,93,80,63,120,87,31,30,89,39,112,38" hai1="106,37,46,133,69,76,90,127,24,52,122,102,22" hai2="20,50,27,2,95,129,25,57,48,71,10,33,56" hai3="107,77,72,128,124,14,86,54,18,74,64,53,115" shuffle="mt19937ar,A34FC1F5,30EF3795,002401F9,DA9767FD,0EA06320,AB2985AF,CF1BE412,6003959F"/><V84/><F71/><W97/><G115/><T3/><D112/><U9/><E69/><V104/><F104/><W58/><G128/><T135/><D120/><U105/><E76/><V11/><F129/><W44/><G124/><T7/><D109/><U75/><E75/><V47/><F2/><W4/><G4/><T117/><D117/><U66/><E66/><V43/><F33/><W55/><G44/><T91/><D135/><U12/><E127/><V62/><F50/><W100/><G77/><T61/><D91/><U126/><E126/><V68/><F68/><W16/><G86/><T123/><D123/><U119/><E119/><V110/><F110/><W35/><G35/><T29/><D7/><U131/><E122/><V81/><F95/><W132/><G132/><T26/><D3/><U98/><E131/><V99/><F99/><W1/><G1/><T6/><D6/><U134/><E90/><N who="2" m="51471" /><F27/><W60/><REACH who="3" step="1"/><G18/><REACH who="3" step="2"/><T49/><D26/><U5/><E133/><V21/><F56/><W85/><G85/><T103/><D103/><U8/><E134/><V70/><F70/><W101/><G101/><T118/><D118/><U73/><E102/><V82/><F82/><W19/><G19/><T32/><D32/><U121/><E5/><V111/><F111/><W116/><G116/><T42/><D39/><U92/><E37/><V96/><F57/><W15/><G15/><T34/><D38/><U0/><E0/><V17/><F47/><W40/><G40/><T13/><D34/><U125/><E125/><V130/><F43/><W79/><G79/><T59/><D13/><RYUUKYOKU ba="0,1" sc="130,-10,250,-10,289,-10,321,30" hai3="14,16,53,54,55,58,60,64,72,74,97,100,107" /><INIT seed="3,1,1,5,2,41" ten="120,240,279,351" oya="3" hai0="75,25,124,87,21,79,3,19,82,0,27,89,123" hai1="98,59,57,132,60,77,52,67,6,66,36,33,116" hai2="45,40,20,103,120,71,114,133,130,135,44,12,106" hai3="118,112,94,50,34,14,4,108,62,85,100,9,119" shuffle="mt19937ar,C88464CE,E098DE4C,58D04606,74366365,DE098094,F982A5A1,C71982E9,E74681E5"/><W43/><G112/><T90/><D123/><U72/><E33/><V37/><F114/><W121/><G121/><T13/><D124/><U28/><E28/><V86/><F120/><W26/><G108/><T109/><D109/><U128/><E6/><V35/><F35/><W2/><G2/><T99/><D0/><U58/><E98/><N who="2" m="61815" /><F71/><W107/><G107/><T54/><D3/><U39/><E77/><V104/><F104/><W15/><G15/><T97/><D75/><U125/><E72/><V117/><F117/><W74/><G74/><T129/><D129/><U51/><E128/><V22/><F130/><W5/><G5/><T96/><D79/><U55/><E125/><V78/><F78/><W95/><G100/><T92/><D90/><U23/><E23/><N who="2" m="8747" /><F86/><W76/><G34/><T42/><D82/><U80/><E80/><V88/><F12/><W30/><G76/><T1/><D1/><U84/><E84/><V83/><F83/><W10/><G85/><T49/><REACH who="0" step="1"/><D42/><REACH who="0" step="2"/><U105/><E116/><V131/><F131/><W16/><G43/><T73/><D73/><U93/><E132/><N who="2" m="50763" /><F88/><W11/><G118/><T81/><D81/><U47/><E105/><V29/><F29/><W91/><G30/><T111/><D111/><U32/><E93/><V113/><F113/><W122/><G94/><T69/><D69/><U127/><E127/><V24/><F24/><W18/><G26/><T102/><D102/><U68/><E68/><V110/><F110/><W56/><G119/><T64/><D64/><U48/><E32/><V17/><F40/><W65/><G122/><RYUUKYOKU ba="1,2" sc="110,15,240,15,279,-15,351,-15" hai0="13,19,21,25,27,49,54,87,89,92,96,97,99" hai1="36,39,47,48,51,52,55,57,58,59,60,66,67" owari="125,-27,255,-9,264,1,356,35" /></mjloggm>