<mjloggm ver="2.3"><GO type="225"/><UN n0="%E5%B1%B1%E5%B9%B8%E5%95%86%E5%BA%97" n1="%E6%B7%B1%E5%A4%9C%E3%81%AE%E5%AE%B4" n2="%E9%9E%8D" n3="%E3%83%81%E3%83%A3%E3%82%AA%E3%83%AA" dan="17,16,16,17" rate="2151,2040,2021,2169" sx="M,M,M,M"/><TAIKYOKU oya="0"/><INIT seed="0,0,0,0,0,31" ten="250,250,250,250" oya="0" hai0="90,109,48,75,134,53,101,17,97,71,59,107,44" hai1="18,131,120,21,77,100,41,85,87,13,62,130,74" hai2="117,91,119,67,28,6,121,11,99,10,19,47,129" hai3="98,36,112,64,3,22,135,66,51,0,24,118,1" shuffle="mt19937ar,1454B358,8E1CFBB6,AEE35821,C8B0059E,22782FEB,349FBF2F,5E76B957,244266EE"/><T43/><D134/><U32/><E120/><V114/><F114/><W79/><G36/><T82/><D71/><U15/><E100/><V128/><F121/><W88/><G112/><T95/><D109/><U58/><E41/><V93/><F67/><W4/><G135/><T122/><D122/><U65/><E13/><N who="2" m="7615" /><F47/><W23/><G118/><N who="2" m="45065" /><F28/><W7/><G79/><T84/><D17/><U115/><E115/><V54/><F54/><W133/><G133/><T125/><D125/><U9/><E74/><V78/><F78/><W94/><G51/><T61/><REACH who="0" step="1"/><D75/><REACH who="0" step="2"/><U126/><E126/><V55/><F55/><W132/><G132/><T127/><D127/><U16/><E18/><V12/><AGARI ba="0,1" hai="6,10,12,91,93,99,128,129" m="45065,7615" machi="12" ten="30,1100,0" yaku="12,1" doraHai="31" who="2" fromWho="2" sc="240,-5,250,-3,250,21,250,-3" /><INIT seed="1,0,0,0,0,122" ten="235,247,271,247" oya="1" hai0="61,75,22,96,102,15,93,83,6,70,66,99,105" hai1="71,87,106,30,52,120,32,64,81,119,19,130,101" hai2="1,29,135,103,53,25,51,111,46,43,108,3,33" hai3="123,48,68,8,54,2,92,42,28,84,35,13,50" shuffle="mt19937ar,A6FA5153,3FCE6B40,EC090CA2,1A89E3D3,EC7EF0D5,9390F2C8,108454F9,51278E50"/><U134/><E119/><V4/><F103/><W0/><G68/><T132/><D132/><U73/><E120/><V104/><F104/><W100/><G123/><T57/><D75/><U34/><E134/><V44/><F135/><W59/><G35/><T69/><D83/><U12/><E130/><V20/><F33/><W17/><G28/><T127/><D127/><U94/><E34/><V89/><F89/><W40/><G40/><T88/><REACH who="0" step="1"/><D22/><REACH who="0" step="2"/><N who="1" m="11623" /><E73/><V128/><F128/><W77/><G77/><T129/><D129/><U31/><E81/><V85/><F85/><W26/><G84/><T39/><D39/><U18/><E32/><V124/><F124/><W126/><G126/><T63/><D63/><U117/><E117/><V131/><F131/><W7/><G50/><T5/><D5/><U62/><E87/><V56/><F4/><W67/><G7/><T14/><D14/><U97/><E62/><N who="2" m="36111" /><F46/><W116/><G116/><T65/><D65/><U38/><E64/><V121/><F121/><W21/><G67/><T76/><D76/><U82/><E82/><V86/><F86/><W37/><G37/><T114/><D114/><U107/><E38/><V91/><F91/><W78/><G78/><T47/><D47/><U41/><E71/><V58/><F58/><W45/><G59/><T9/><AGARI ba="0,1" hai="6,9,15,57,61,66,69,70,88,93,96,99,102,105" machi="9" ten="30,4000,0" yaku="1,1,0,1,54,1,53,0" doraHai="122" doraHaiUra="23" who="0" fromWho="0" sc="225,50,247,-20,271,-10,247,-10" /><INIT seed="2,0,0,3,0,20" ten="275,227,261,237" oya="2" hai0="67,7,36,119,66,64,59,89,21,73,120,10,71" hai1="74,93,114,28,31,121,52,51,68,8,14,80,49" hai2="134,96,133,124,135,33,11,107,6,48,76,15,45" hai3="61,55,97,42,3,95,27,117,122,23,19,2,16" shuffle="mt19937ar,E041465B,AEC39419,00A55CE8,FB581D4D,92377087,E3D0181B,0F5A5F8D,76A3E2ED"/><V85/><F124/><W35/><G122/><T65/><D120/><U126/><E114/><V62/><F33/><W69/><G117/><T115/><D73/><U110/><E121/><V87/><F62/><W13/><G42/><T99/><D36/><U83/><E68/><V60/><F60/><W53/><G53/><T130/><D115/><U109/><E126/><V90/><F76/><W106/><G106/><T88/><D119/><U38/><E38/><V4/><F4/><W91/><G35/><T50/><D71/><U100/><E49/><V125/><F125/><W131/><G131/><T79/><D79/><U30/><E74/><V77/><F77/><W39/><G39/><T113/><D113/><U56/><E100/><N who="2" m="62855" /><F90/><N who="0" m="34922" /><D99/><U58/><E93/><V37/><F37/><W47/><G47/><T1/><D1/><U108/><REACH who="1" step="1"/><E58/><REACH who="1" step="2"/><V0/><F48/><W94/><G94/><T24/><D130/><U34/><E34/><V32/><F32/><W102/><G102/><T63/><D50/><U127/><E127/><V111/><F133/><W46/><G69/><T22/><D59/><U118/><E118/><V41/><F134/><W25/><G46/><T98/><D63/><U18/><AGARI ba="0,1" hai="8,14,18,28,30,31,51,52,56,80,83,108,109,110" machi="18" ten="40,12000,2" yaku="1,1,0,1,14,1,54,1,53,2" doraHai="20" doraHaiUra="78" who="1" fromWho="1" sc="275,-30,217,130,261,-60,237,-30" /><INIT seed="3,0,0,0,3,53" ten="245,347,201,207" oya="3" hai0="21,39,57,75,104,81,59,115,84,46,45,51,62" hai1="37,31,38,72,8,132,30,68,63,93,80,73,83" hai2="70,97,122,90,6,118,114,77,110,23,127,129,86" hai3="22,40,116,98,24,16,130,133,60,120,25,50,55" shuffle="mt19937ar,04421AA4,BCF20411,CF5B28A3,5B22FB1F,B35D4206,D670004B,994D2EB1,7BDC9FD8"/><W131/><G116/><T43/><D104/><U123/><E123/><V5/><F70/><W95/><G120/><T128/><D75/><U19/><E93/><V44/><F122/><W27/><G133/><T71/><D21/><U7/><E19/><V74/><F118/><W119/><G119/><T78/><D128/><N who="3" m="49193" /><G40/><T29/><D29/><U103/><E103/><V69/><F69/><W126/><G126/><T107/><D107/><U124/><E68/><V56/><F129/><W18/><G18/><T58/><D71/><U109/><E63/><V9/><F114/><W47/><G60/><T15/><D15/><U76/><E7/><V33/><F127/><W88/><AGARI ba="0,0" hai="16,22,24,25,27,47,50,55,88,95,98" m="49193" machi="88" ten="30,6000,0" yaku="19,1,54,2" doraHai="53" who="3" fromWho="3" sc="245,-20,347,-20,201,-20,207,60" /><INIT seed="3,1,0,3,4,101" ten="225,327,181,267" oya="3" hai0="81,112,77,93,10,97,124,57,121,109,40,16,15" hai1="59,111,51,87,35,75,47,38,76,19,49,44,55" hai2="62,31,119,84,14,21,20,11,9,110,127,8,106" hai3="79,41,131,105,92,85,129,123,53,46,117,67,108" shuffle="mt19937ar,65FAA2F8,724E3A4F,9F53EF3A,FF8DF0D3,9B9E4ADB,57DEF8EB,E73FFB9A,144F125B"/><W50/><G117/><T28/><D121/><U120/><E120/><V78/><F119/><W58/><G123/><T94/><D109/><U0/><E75/><V72/><F110/><W56/><G108/><T133/><D133/><U6/><E111/><V1/><F127/><W68/><G56/><T61/><D124/><U2/><E35/><V26/><F72/><W65/><G105/><T118/><D118/><U135/><E6/><V12/><F62/><W4/><G4/><T73/><D28/><U48/><E38/><V104/><F1/><W132/><G132/><T130/><D130/><N who="3" m="49673" /><G68/><T80/><D80/><N who="1" m="47495" /><E2/><V126/><F126/><W103/><G79/><T34/><D34/><U17/><E0/><V37/><F37/><N who="3" m="21807" /><G85/><T66/><D40/><N who="1" m="24583" /><E135/><V60/><F60/><W90/><G90/><T69/><D112/><U39/><E39/><V43/><F43/><AGARI ba="1,0" hai="17,19,43,47,49,51,55,59" m="24583,47495" machi="43" ten="30,1000,0" yaku="8,1" doraHai="101" who="1" fromWho="2" sc="225,0,327,13,181,-13,267,0" owari="225,-12,340,33,168,-23,267,2" /></mjloggm>