<mjloggm ver="2.3"><GO type="185"/><UN n0="%E3%81%B5%E3%81%8F%EF%BC%A3%EF%BD%88%EF%BD%81%EF%BD%8E%E2%99%AA" n1="%E3%81%A8%E3%81%84%E3%81%A4%E3%81%BE%E3%81%99%E3%81%9F%E3%81%81%E2%99%AA" n2="%E3%80%93%E3%81%84%E3%81%A1%E3%81%AF%E3%82%89%E3%80%93" n3="" dan="17,16,18,0" rate="2152,2145,2257,1500" sx="F,M,M,C"/><TAIKYOKU oya="0"/><INIT seed="0,0,0,0,3,132" ten="350,350,350,0" oya="0" hai0="108,64,92,118,49,107,109,77,133,90,66,105,46" hai1="97,113,111,119,104,127,75,122,38,48,53,89,69" hai2="106,131,126,72,103,135,62,101,41,112,96,86,60" hai3="" shuffle="mt19937ar,223E8008,B2E680E7,9DBBA2CD,CCA204F6,C5551C70,22E11A2F,B5A2705A,C87E0122"/><T79/><D133/><U134/><RYUUKYOKU type="yao9" ba="0,0" sc="350,0,350,0,350,0,0,0" hai1="38,48,53,69,75,89,97,104,111,113,119,122,127,134" /><INIT seed="0,1,0,1,0,52" ten="350,350,350,0" oya="0" hai0="64,43,130,84,54,124,91,81,56,88,89,100,114" hai1="75,102,82,125,134,67,60,127,119,94,72,55,35" hai2="108,85,105,126,135,76,68,92,110,38,78,77,111" hai3="" shuffle="mt19937ar,31AE9B6C,6C40C80D,7429D056,749FA4F5,4B470A5F,FAA02626,5D0C3498,146F70D8"/><T104/><D124/><N who="1" m="47691" /><E35/><V87/><F68/><T128/><D114/><U132/><E119/><V103/><F38/><T98/><D64/><U95/><E55/><V121/><N who="2" m="31008" /><V101/><F126/><T120/><N who="0" m="30752" /><T133/><D43/><U63/><E82/><V70/><F70/><T118/><D133/><N who="1" m="51307" /><E102/><N who="2" m="38923" /><F135/><T57/><D57/><U65/><E65/><V42/><F42/><T83/><D118/><U112/><E112/><V71/><F71/><T73/><D73/><N who="1" m="28235" /><E67/><V97/><F105/><T106/><D106/><U51/><E51/><V40/><F40/><T48/><REACH who="0" step="1"/><D83/><REACH who="0" step="2"/><U62/><AGARI ba="1,1" hai="60,62,63,94,95" m="28235,51307,47691" machi="62" ten="40,6000,1" yaku="28,2,18,1,20,1" doraHai="52" who="1" fromWho="1" sc="340,-41,350,72,350,-21,0,0" /><INIT seed="1,0,0,3,5,33" ten="299,422,329,0" oya="1" hai0="56,39,92,65,79,36,71,73,129,42,59,81,84" hai1="37,102,38,72,63,69,121,127,123,48,126,104,88" hai2="118,53,43,60,76,46,45,93,66,75,97,83,82" hai3="" shuffle="mt19937ar,89831F47,2DBA4FBB,B2251506,3FB7FABF,F02D24EB,A7F5E1FB,92799E16,6D654B86"/><U86/><N who="1" m="31008" /><U70/><N who="1" m="31520" /><U41/><E72/><V74/><F118/><T40/><D129/><U64/><E70/><V80/><F53/><T78/><D71/><U111/><E111/><V122/><N who="2" m="31264" /><V98/><F98/><T54/><D65/><U103/><E48/><V106/><F106/><T105/><D105/><U109/><E109/><V2/><F2/><T100/><D78/><U50/><E50/><V135/><F135/><T125/><D125/><N who="1" m="47627" /><E41/><V128/><F128/><T96/><D73/><U117/><E117/><V52/><F52/><T131/><D131/><U113/><E113/><V47/><F43/><T95/><D56/><U85/><E85/><V133/><F76/><T101/><D39/><N who="1" m="14859" /><E104/><V94/><F133/><T49/><D36/><U51/><E51/><V67/><F75/><T112/><D112/><U114/><E114/><V91/><F74/><T58/><D59/><U107/><E107/><V57/><F57/><T3/><D3/><U0/><E0/><V116/><F116/><T68/><D68/><U35/><E35/><V34/><F34/><T130/><D130/><U89/><E89/><V55/><F91/><T119/><D119/><U61/><E61/><V32/><F60/><T110/><D110/><RYUUKYOKU ba="0,0" sc="299,10,422,10,329,-20,0,0" hai0="40,42,49,54,58,79,81,84,92,95,96,100,101" hai1="63,64,69,86,88,102,103" /><INIT seed="1,1,0,1,3,92" ten="309,432,309,0" oya="1" hai0="70,85,104,61,118,33,47,60,43,91,42,0,100" hai1="73,54,53,49,89,112,68,51,124,133,52,94,40" hai2="93,37,38,113,114,32,65,132,2,66,64,78,128" hai3="" shuffle="mt19937ar,498197F1,51411B2F,248F4B15,D39145C5,F42FDAE6,2EB5BE87,A46A4053,F8B0396A"/><U80/><E68/><V77/><F32/><T123/><N who="0" m="31520" /><T116/><D33/><U1/><E1/><V110/><F2/><T41/><D0/><U34/><E34/><V48/><F128/><T109/><D109/><U67/><E67/><V59/><F110/><T3/><D3/><U56/><E112/><N who="2" m="43115" /><F93/><T96/><D47/><U126/><E133/><V101/><F101/><T44/><D44/><U106/><E106/><V75/><F132/><T115/><D115/><U130/><E40/><V36/><F75/><T131/><D131/><U74/><E130/><V83/><F83/><T79/><D79/><N who="2" m="30218" /><F48/><T81/><REACH who="0" step="1"/><D70/><REACH who="0" step="2"/><U62/><E74/><V127/><F127/><N who="1" m="48681" /><E73/><V82/><F82/><T125/><D125/><U50/><E80/><V121/><N who="2" m="31008" /><V117/><F117/><AGARI ba="1,1" hai="41,42,43,60,61,81,85,91,96,100,104,116,117,118" m="31520" machi="117" ten="40,8000,1" yaku="1,1,12,1,52,2,53,0" doraHai="92" doraHaiUra="129" who="0" fromWho="2" sc="299,92,432,0,309,-82,0,0" /><INIT seed="2,0,0,0,0,33" ten="391,432,227,0" oya="2" hai0="38,54,76,100,58,130,96,110,131,127,116,95,34" hai1="87,106,126,40,48,112,35,71,120,64,36,102,86" hai2="70,41,57,67,119,103,109,113,108,73,37,111,68" hai3="" shuffle="mt19937ar,8D1B0D82,D8B7B39D,3C50C11F,E3C5BBA6,41240392,341FC160,22230ED2,559EBDB2"/><V133/><F73/><T45/><D34/><U85/><N who="1" m="30752" /><U135/><E35/><V117/><F103/><T69/><D69/><N who="2" m="26730" /><F133/><T79/><D116/><N who="2" m="44618" /><F113/><T128/><D110/><U97/><E135/><V51/><F37/><T39/><D127/><U65/><E126/><V63/><F51/><T92/><D92/><U80/><E112/><V50/><F50/><T74/><D74/><U72/><E36/><N who="0" m="13865" /><D45/><U47/><REACH who="1" step="1"/><E71/><REACH who="1" step="2"/><V77/><F77/><AGARI ba="0,1" hai="40,47,48,64,65,72,77,80,85,86,87,97,102,106" m="30752" machi="77" ten="40,5200,0" yaku="1,1,2,1,52,1,53,0" doraHai="33" doraHaiUra="2" who="1" fromWho="2" sc="391,0,422,62,227,-52,0,0" /><INIT seed="4,0,0,5,5,75" ten="391,484,175,0" oya="0" hai0="120,81,69,43,124,100,3,118,94,99,39,104,109" hai1="71,79,130,72,61,115,2,66,46,80,133,53,110" hai2="101,49,54,32,107,127,85,70,131,90,62,134,68" hai3="" shuffle="mt19937ar,1EEC5DF2,75C79A24,4C3638C2,3C988094,3B90F3C6,A19B8590,17683469,607C654B"/><T45/><N who="0" m="30752" /><T58/><D3/><U97/><E2/><V56/><F32/><T89/><D69/><U51/><E110/><V42/><F127/><T121/><N who="0" m="31008" /><T55/><D124/><U40/><E133/><V33/><F131/><T77/><D109/><U106/><E130/><V41/><F134/><T74/><D118/><U119/><E119/><V82/><F33/><T52/><D58/><U47/><E115/><V86/><F70/><T113/><D113/><U93/><E106/><V44/><F68/><T63/><D63/><U103/><E40/><V128/><F128/><T117/><D117/><U65/><E65/><V91/><F107/><T123/><N who="0" m="31520" /><T59/><D59/><AGARI ba="0,0" hai="46,47,51,53,59,61,66,71,72,79,80,93,97,103" machi="59" ten="30,2000,0" yaku="7,1,52,1" doraHai="75" who="1" fromWho="0" sc="391,-20,484,20,175,0,0,0" /><INIT seed="5,0,0,0,1,40" ten="371,504,175,0" oya="1" hai0="68,132,90,116,124,77,54,47,35,84,64,118,117" hai1="134,32,87,41,70,36,83,91,89,93,67,48,79" hai2="86,96,103,115,56,65,44,130,0,73,109,34,106" hai3="" shuffle="mt19937ar,14527846,3A7070EE,5534320D,CD6F82CD,911324E8,0A83484B,2FC2A67A,18DB3C18"/><U49/><E32/><V72/><F34/><T76/><D35/><U33/><E33/><V55/><F0/><T82/><D132/><U125/><E134/><V71/><F109/><T113/><D113/><U45/><E125/><V85/><F115/><T108/><D108/><U107/><E107/><V74/><F130/><T123/><N who="0" m="31520" /><T51/><D124/><U95/><E70/><V46/><F71/><T131/><D131/><U127/><E67/><V52/><F65/><T97/><REACH who="0" step="1"/><D97/><REACH who="0" step="2"/><U1/><E1/><V39/><F39/><T102/><D102/><U60/><E127/><V98/><F98/><T38/><D38/><U58/><E36/><V128/><F128/><T78/><D78/><U66/><E79/><V42/><F42/><T112/><D112/><U111/><E111/><V53/><REACH who="2" step="1"/><F56/><REACH who="2" step="2"/><T120/><N who="0" m="30752" /><T99/><D99/><U81/><E58/><V110/><F110/><T100/><D100/><U61/><E41/><V94/><F94/><T57/><D57/><U101/><E95/><V88/><F88/><T122/><N who="0" m="31264" /><T69/><D69/><U50/><E91/><V63/><F63/><AGARI ba="0,2" hai="47,51,54,63,64,68,76,77,82,84,90,116,117,118" m="31264,30752,31520" machi="63" ten="40,12000,2" yaku="1,1,12,1,52,4,53,1" doraHai="40" doraHaiUra="43" who="0" fromWho="2" sc="361,140,504,0,165,-120,0,0" /><INIT seed="6,0,0,4,0,98" ten="501,504,45,0" oya="2" hai0="87,70,80,62,44,72,36,111,74,79,35,115,130" hai1="52,67,68,88,83,97,99,64,63,3,112,114,134" hai2="73,102,117,2,104,127,105,55,94,49,82,129,100" hai3="" shuffle="mt19937ar,91846C69,018E1FD5,6C520B7E,9852690F,2499995A,296B4EA8,CB2DC8FA,8C1DA66A"/><V106/><F2/><T54/><D35/><U132/><E3/><V60/><F117/><T58/><D111/><U42/><E42/><V123/><N who="2" m="31520" /><V128/><F60/><T103/><D130/><N who="2" m="50282" /><F127/><T124/><D124/><U101/><E67/><V118/><F118/><T121/><N who="0" m="31008" /><T51/><D115/><N who="1" m="44075" /><E52/><V90/><F82/><T46/><D103/><N who="2" m="39466" /><F73/><T1/><D1/><U53/><E53/><V41/><F41/><T40/><D70/><U116/><E116/><V65/><F65/><AGARI ba="0,0" hai="36,40,44,46,51,54,58,62,65,72,74,79,80,87" m="31008" machi="65" ten="30,2000,0" yaku="7,1,52,1" doraHai="98" who="0" fromWho="2" sc="501,20,504,0,45,-20,0,0" owari="521,47,504,10,25,-57,0,0" /></mjloggm>