<mjloggm ver="2.3"><GO type="225"/><UN n0="%23%37%34%E5%A4%A7%E6%B2%BB%E9%83%8E" n1="%73%69%64%65" n2="%E3%81%B6%E3%81%A3%E3%81%A8%E3%81%B3%E4%BE%8D" n3="%74%63%61%30%30" dan="16,17,16,16" rate="2071,2094,2076,2033" sx="M,M,M,M"/><TAIKYOKU oya="0"/><INIT seed="0,0,0,2,2,14" ten="250,250,250,250" oya="0" hai0="36,114,91,81,110,119,62,7,109,74,60,112,124" hai1="3,95,10,69,58,16,105,13,90,2,85,70,64" hai2="37,8,47,35,104,19,54,61,44,128,17,1,63" hai3="71,84,9,45,15,116,97,65,68,38,121,12,82" shuffle="mt19937ar,2F017A4A,52D78E80,A56DA345,6D8EEE87,FEA4B851,82F257B4,5D04573A,AB3039EE"/><T57/><D7/><U46/><E105/><V132/><F35/><W88/><G116/><T115/><D119/><U108/><E108/><N who="0" m="41577" /><D36/><U129/><E129/><V118/><F104/><W18/><G121/><T78/><D124/><U106/><E106/><V125/><F128/><W41/><G65/><N who="0" m="39055" /><D62/><U89/><E58/><V120/><F120/><W31/><G31/><T135/><D91/><U130/><E130/><V42/><F118/><W102/><REACH who="3" step="1"/><G12/><REACH who="3" step="2"/><T107/><D107/><AGARI ba="0,1" hai="9,15,18,38,41,45,68,71,82,84,88,97,102,107" machi="107" ten="30,8000,1" yaku="1,1,2,1,7,1,52,1,54,1,53,0" doraHai="14" doraHaiUra="59" who="3" fromWho="0" sc="250,-80,250,0,250,0,240,90" /><INIT seed="1,0,0,2,1,108" ten="170,250,250,330" oya="1" hai0="56,66,123,10,93,77,122,29,63,1,12,87,109" hai1="83,52,71,103,127,69,48,61,112,118,45,134,30" hai2="64,42,40,95,110,65,102,53,6,100,98,2,115" hai3="11,126,70,50,57,67,46,79,76,119,35,27,99" shuffle="mt19937ar,1CD64978,E750704C,5906FD27,0B4CD502,9CC0A8C0,5144294D,17DD5DA4,24D41284"/><U25/><E118/><V39/><F110/><W125/><G70/><T37/><D109/><U28/><E134/><V73/><F73/><W82/><G119/><T59/><D37/><U19/><E127/><N who="3" m="48650" /><G99/><T107/><D107/><U104/><E112/><V114/><F102/><W7/><G27/><T41/><D41/><N who="2" m="15978" /><F53/><N who="3" m="29911" /><G35/><T9/><D29/><U97/><E19/><V101/><F101/><W33/><G33/><T47/><D47/><U128/><E128/><V32/><F32/><W91/><G91/><T55/><D1/><U17/><E17/><V13/><F2/><N who="3" m="503" /><G82/><T5/><D9/><U135/><E135/><V4/><F39/><W22/><G22/><T130/><D130/><U18/><E18/><V58/><F58/><W111/><G111/><T74/><D74/><U14/><E14/><V132/><F132/><W105/><G105/><T121/><D77/><U8/><E8/><N who="2" m="4231" /><F6/><W72/><G72/><T92/><REACH who="0" step="1"/><D87/><REACH who="0" step="2"/><U23/><E30/><V117/><F117/><W88/><G79/><T131/><D131/><U24/><E28/><V89/><F89/><W34/><G88/><T86/><D86/><U120/><E104/><V15/><F15/><W133/><G76/><T16/><D16/><U106/><E106/><V85/><F85/><W129/><G129/><T43/><D43/><U60/><E103/><V68/><F100/><W116/><G133/><T124/><D124/><U81/><E25/><V26/><F26/><W21/><G116/><T51/><AGARI ba="0,1" hai="5,10,12,51,55,56,59,63,66,92,93,121,122,123" machi="51" ten="30,7900,0" yaku="1,1,0,1,13,1,53,1" doraHai="108" doraHaiUra="44" who="0" fromWho="0" sc="160,89,250,-39,250,-20,330,-20" /><INIT seed="2,0,0,4,1,120" ten="249,211,230,310" oya="2" hai0="133,21,45,10,30,11,125,23,124,27,38,94,122" hai1="114,116,87,79,57,128,40,78,109,70,108,88,61" hai2="66,103,81,35,0,99,106,53,59,29,95,112,89" hai3="110,129,82,2,93,115,16,28,60,48,91,6,64" shuffle="mt19937ar,E8785963,5BB1CAAB,FDAE5972,C7AEDBCD,8B91745B,A0B5FE0D,BAE1C003,154C6902"/><V13/><F112/><W68/><G28/><T50/><D38/><U131/><E70/><V73/><F0/><W55/><G115/><T69/><D69/><U4/><E4/><V41/><F41/><W36/><G36/><T42/><D122/><U75/><E40/><V62/><F13/><W17/><G82/><T74/><D74/><U39/><E39/><V67/><F29/><W19/><G129/><N who="1" m="49738" /><E114/><V132/><F132/><W113/><G113/><T9/><D133/><U32/><E32/><V31/><F31/><W101/><G101/><T97/><REACH who="0" step="1"/><D23/><REACH who="0" step="2"/><U12/><E116/><V71/><F35/><W37/><G37/><T118/><D118/><U77/><E75/><V18/><F71/><W46/><G68/><T102/><AGARI ba="0,1" hai="9,10,11,21,27,30,42,45,50,94,97,102,124,125" machi="102" ten="30,2000,0" yaku="1,1,0,1,53,0" doraHai="120" doraHaiUra="14" who="0" fromWho="0" sc="239,30,211,-5,230,-10,310,-5" /><INIT seed="3,0,0,3,1,34" ten="269,206,220,305" oya="3" hai0="46,85,10,69,2,134,90,44,35,28,18,25,87" hai1="126,62,84,0,37,8,80,4,121,127,71,93,131" hai2="115,112,14,66,57,54,129,11,67,120,70,64,53" hai3="7,81,116,105,118,135,79,107,88,113,36,123,60" shuffle="mt19937ar,CE35C7A1,438A642F,40217B46,81E84413,FF8BFB5E,A73EB38F,ABA93052,407E4C95"/><W55/><G36/><T61/><D134/><U103/><E121/><V109/><F120/><W17/><G123/><T65/><D87/><U92/><E37/><V23/><F70/><W6/><G113/><T19/><D19/><U59/><E71/><V94/><F109/><W24/><G135/><T132/><D132/><U21/><E21/><V108/><F108/><W47/><G107/><T20/><D10/><U86/><E131/><V124/><F124/><N who="1" m="47657" /><E103/><V15/><F129/><W95/><G105/><T111/><D111/><U32/><E32/><V43/><F43/><W114/><G114/><T58/><D69/><U110/><E110/><V52/><F23/><N who="3" m="13423" /><G118/><T48/><D48/><U78/><E86/><V63/><F94/><W45/><G45/><T51/><D51/><U22/><E22/><V76/><F76/><W83/><G79/><T5/><D5/><U38/><E38/><V73/><F73/><W16/><G16/><T130/><D130/><U40/><E40/><V101/><F101/><W31/><G31/><T106/><D106/><U29/><E29/><V50/><F11/><W96/><G116/><T122/><D122/><U13/><E13/><N who="2" m="4619" /><F115/><W125/><G125/><T133/><D133/><U100/><E100/><V27/><F112/><W49/><G60/><T41/><D41/><U89/><E78/><V68/><F27/><W77/><G77/><T75/><D75/><U1/><E0/><V98/><F98/><W33/><G33/><T30/><D2/><U99/><E99/><V91/><F91/><W117/><G117/><T128/><D128/><U9/><E9/><RYUUKYOKU ba="0,0" sc="269,-30,206,10,220,10,305,10" hai1="1,4,8,59,62,80,84,89,92,93" hai2="50,52,53,54,57,63,64,66,67,68" hai3="6,7,47,49,55,81,83,88,95,96" /><INIT seed="3,1,0,0,2,49" ten="239,216,230,315" oya="3" hai0="74,63,120,76,4,132,123,109,27,31,89,43,46" hai1="105,102,57,104,3,97,122,15,73,45,128,88,106" hai2="126,48,7,64,44,103,66,71,81,60,37,33,1" hai3="100,107,99,98,101,22,82,135,84,116,12,26,83" shuffle="mt19937ar,2EE03168,50844072,CDD38B7A,C2445A9B,FF16921B,C1B11B08,E7D78D8A,79624826"/><W96/><G116/><T16/><D132/><U30/><E3/><V40/><F33/><W121/><G121/><T112/><D4/><U25/><E122/><V23/><F66/><W56/><G135/><T65/><D109/><U53/><E73/><V95/><F126/><W54/><G12/><T117/><D117/><U125/><E125/><V114/><F114/><W36/><G36/><T92/><D112/><U55/><E128/><V24/><F81/><N who="3" m="30731" /><G84/><T77/><D74/><U32/><E15/><V28/><F7/><W85/><G85/><T13/><D123/><U47/><E88/><V69/><F1/><W80/><G80/><T87/><D120/><U5/><E5/><V79/><F79/><W6/><G107/><T119/><D119/><U58/><E57/><N who="2" m="36879" /><F37/><W86/><G86/><T130/><D130/><U59/><E58/><V68/><F68/><W62/><G6/><T124/><D124/><U131/><E131/><V78/><F78/><W110/><G110/><T14/><D65/><U52/><REACH who="1" step="1"/><E59/><REACH who="1" step="2"/><V108/><F108/><W10/><G10/><T72/><D72/><U93/><AGARI ba="1,1" hai="25,30,32,45,47,52,53,55,93,97,102,104,105,106" machi="93" ten="40,16000,3" yaku="1,1,2,1,0,1,52,3,54,1,53,1" doraHai="49" doraHaiUra="91" who="1" fromWho="1" sc="239,-41,206,173,230,-41,315,-81" owari="198,-15,379,38,189,-21,234,-2" /></mjloggm>