<mjloggm ver="2.3"><GO type="185"/><UN n0="%E7%B1%B3%E5%85%89%E5%80%B6%E6%A5%BD%E9%83%A8" n1="%E5%8D%81%E5%85%AD%E5%A4%9C%E2%80%A0%E5%92%B2%E5%A4%9C" n2="%E5%83%8D%E3%81%8D%E3%81%9F%E3%81%8F%E3%81%AA%E3%81%84" n3="" dan="16,16,17,0" rate="2176,2174,2209,1500" sx="F,F,M,C"/><TAIKYOKU oya="0"/><INIT seed="0,0,0,0,3,1" ten="350,350,350,0" oya="0" hai0="82,127,73,70,65,103,115,98,2,121,110,66,119" hai1="53,59,84,39,124,100,35,44,50,58,107,90,37" hai2="69,133,67,75,109,46,64,57,54,78,91,32,74" hai3="" shuffle="mt19937ar,D83D772F,B940E7FD,8C7A47DA,4B6DBB46,87F6C1A3,D03046C6,0A6B00D8,2B5B6E5B"/><T126/><N who="0" m="31008" /><T113/><D2/><U45/><E124/><N who="0" m="47657" /><D119/><U106/><E100/><V86/><F69/><T41/><D41/><U60/><E107/><V68/><F68/><T131/><D110/><U129/><E106/><V42/><F109/><T77/><D131/><U92/><E129/><V87/><F32/><T34/><D34/><U108/><E108/><V134/><F78/><T89/><D89/><U130/><E130/><V122/><N who="2" m="31264" /><V96/><F96/><T40/><D40/><U102/><E102/><V61/><F86/><T63/><D65/><U128/><E128/><V36/><F67/><T97/><D97/><U56/><E35/><V94/><REACH who="2" step="1"/><F64/><REACH who="2" step="2"/><T0/><D0/><U76/><E76/><V85/><F85/><T79/><D79/><U111/><E111/><V62/><F62/><T80/><D80/><U118/><E60/><V112/><F112/><T93/><AGARI ba="0,1" hai="63,66,70,73,77,82,93,98,103,113,115" m="47657,31008" machi="93" ten="30,2000,0" yaku="18,1,52,1" doraHai="1" who="0" fromWho="0" sc="350,30,350,-10,340,-10,0,0" /><INIT seed="0,1,0,3,2,124" ten="380,340,330,0" oya="0" hai0="46,66,90,122,65,43,99,85,71,58,116,44,74" hai1="112,50,79,70,61,48,101,81,63,109,102,120,83" hai2="57,103,33,97,38,86,127,0,111,55,107,2,73" hai3="" shuffle="mt19937ar,69E5E95E,765990FB,54128560,CD3025EA,EBBD57F1,FBCA92F9,535273C0,E9B5DD97"/><T104/><N who="0" m="31264" /><T95/><D74/><U130/><N who="1" m="30752" /><U59/><E109/><V68/><F127/><T119/><D71/><U132/><E132/><V105/><F111/><T87/><D44/><U92/><E112/><V41/><F73/><T89/><D104/><U91/><E70/><V108/><F107/><T42/><D42/><U1/><E1/><V114/><F68/><T54/><D116/><U45/><E61/><V78/><F33/><T40/><D40/><U53/><E50/><V110/><F114/><T94/><D99/><U129/><E101/><V32/><F32/><T93/><D93/><U100/><E102/><V72/><F72/><T3/><D119/><U77/><E100/><V52/><F105/><T39/><D3/><U98/><E83/><V60/><F38/><T84/><D85/><U67/><REACH who="1" step="1"/><E81/><REACH who="1" step="2"/><V113/><F2/><T35/><D35/><U64/><E64/><V80/><F110/><T36/><D39/><U88/><E88/><V62/><F113/><T51/><AGARI ba="1,1" hai="36,43,46,51,54,58,65,66,84,87,89,90,94,95" m="31264" machi="51" ten="20,5200,0" yaku="0,1,7,1,9,1,52,1" doraHai="124" who="0" fromWho="0" sc="380,64,330,-27,330,-27,0,0" /><INIT seed="0,2,0,3,1,99" ten="444,303,303,0" oya="0" hai0="37,107,42,73,130,95,77,133,54,41,55,117,33" hai1="115,61,80,132,44,119,101,81,50,62,57,75,71" hai2="113,135,88,84,79,97,108,32,93,78,125,104,38" hai3="" shuffle="mt19937ar,0F1ABA93,DC8C6E39,092C2DBD,AC4C84CE,0B37B500,95E063AD,D0A8B79C,BC42B888"/><T91/><D33/><U47/><E119/><V76/><F32/><T124/><D107/><U48/><E71/><V110/><F38/><T98/><D117/><U67/><E132/><V56/><F135/><T34/><D34/><U49/><E115/><V126/><F113/><T118/><D133/><U64/><E101/><V40/><F40/><T131/><D118/><U65/><E75/><V43/><F43/><T68/><D68/><U109/><E109/><N who="2" m="42091" /><F56/><T53/><D124/><N who="2" m="47722" /><F104/><T134/><D134/><U39/><E39/><V100/><F100/><T82/><D41/><U92/><E57/><V51/><F51/><T128/><D42/><U72/><E62/><V127/><N who="2" m="47730" /><V63/><DORA hai="69" /><F63/><T0/><D37/><U94/><E61/><V96/><AGARI ba="2,0" hai="76,78,79,84,88,93,96,97" m="47730,42091" machi="96" ten="50,6000,1" yaku="14,1,18,1,34,2,54,1" doraHai="99,69" who="2" fromWho="2" sc="444,-42,303,-22,303,64,0,0" /><INIT seed="1,0,0,3,4,42" ten="402,281,367,0" oya="1" hai0="61,116,59,77,134,126,120,69,56,127,113,74,99" hai1="96,107,108,1,125,81,118,46,114,88,86,67,51" hai2="92,102,115,2,89,35,83,82,80,47,119,44,85" hai3="" shuffle="mt19937ar,32EE9AB7,8F3A3C40,B92806BD,475A82AB,38F08E9E,FB59EFCD,37993A50,3455E443"/><U72/><E1/><V33/><F2/><T90/><N who="0" m="30752" /><T43/><D113/><U36/><E36/><V87/><F115/><T3/><D3/><U117/><E114/><V52/><F119/><T94/><D116/><U121/><N who="1" m="31008" /><U110/><E67/><V68/><F68/><T62/><D134/><U37/><E37/><V111/><F111/><N who="1" m="42537" /><E72/><V78/><F102/><T109/><D109/><U79/><E125/><N who="0" m="47625" /><D43/><U54/><E107/><V98/><F82/><T129/><D69/><U97/><E97/><V122/><N who="2" m="31264" /><V0/><F0/><T48/><D77/><U39/><E39/><V124/><F124/><T135/><D74/><U45/><E45/><V41/><F44/><T112/><D135/><U38/><E38/><V60/><F33/><T66/><D66/><U75/><E96/><V76/><F35/><T63/><D99/><U65/><E65/><V106/><F98/><T100/><D100/><U32/><E32/><V101/><F101/><T84/><D112/><U91/><E91/><V73/><F89/><T50/><D59/><U55/><E55/><V57/><F52/><T70/><D56/><U103/><E103/><V93/><F57/><T58/><D58/><U104/><E104/><V49/><F106/><RYUUKYOKU ba="0,0" sc="402,-10,281,20,367,-10,0,0" hai1="46,51,54,75,79,81,86,88,117,118" /><INIT seed="1,1,0,1,0,2" ten="392,301,357,0" oya="1" hai0="122,105,99,43,47,100,76,1,41,109,103,78,63" hai1="67,116,126,133,49,131,36,112,93,114,38,90,44" hai2="84,129,32,71,115,130,58,108,50,127,86,119,91" hai3="" shuffle="mt19937ar,E2887F54,6A9419F4,6FAA8B4B,81795711,89DC9924,8457F616,B82994BD,9C968E5D"/><U60/><E116/><V51/><F119/><T65/><N who="0" m="31264" /><T124/><D1/><U59/><E133/><V57/><F71/><T33/><D33/><U0/><E0/><V79/><F127/><T83/><D124/><U72/><E72/><V45/><F108/><T117/><D117/><U96/><E126/><V111/><F111/><T92/><D41/><U64/><E64/><V56/><F115/><T53/><D53/><U94/><E131/><V132/><F132/><T46/><D46/><U69/><E94/><V54/><F32/><T95/><D103/><U68/><E68/><V70/><F70/><T39/><D78/><U113/><REACH who="1" step="1"/><E69/><REACH who="1" step="2"/><V85/><F130/><T77/><D109/><U87/><E87/><V88/><F129/><T102/><D105/><U106/><E106/><V75/><F75/><T80/><D99/><U97/><E97/><V134/><F134/><T81/><D65/><U98/><E98/><V89/><F79/><T52/><D76/><U110/><E110/><V48/><AGARI ba="1,1" hai="45,48,50,51,54,56,57,58,84,85,86,88,89,91" machi="48" ten="40,6000,1" yaku="0,1,29,2,8,1,54,1" doraHai="2" who="2" fromWho="2" sc="392,-21,291,-41,357,72,0,0" /><INIT seed="2,0,0,0,5,95" ten="371,250,429,0" oya="2" hai0="135,40,115,54,50,34,62,69,105,83,85,35,33" hai1="112,58,61,44,70,36,98,88,92,97,2,68,110" hai2="45,119,48,52,65,123,86,72,79,56,55,81,94" hai3="" shuffle="mt19937ar,02A60D16,7D40D761,E659CA66,83DD4BDA,C563B22F,4EC7B858,5A3CB3D0,FB52BFAF"/><V47/><N who="2" m="31520" /><V102/><F119/><T124/><D105/><U43/><E2/><V108/><F108/><T132/><D40/><U109/><E112/><V101/><F65/><T63/><D115/><U75/><E75/><V121/><N who="2" m="31008" /><V106/><F106/><T82/><D124/><U53/><REACH who="1" step="1"/><E98/><REACH who="1" step="2"/><V134/><F134/><N who="0" m="51242" /><D85/><U103/><E103/><V127/><F127/><T60/><D69/><AGARI ba="0,1" hai="36,43,44,53,58,61,68,69,70,88,92,97,109,110" machi="69" ten="40,5200,0" yaku="1,1,52,1,54,1,53,0" doraHai="95" doraHaiUra="117" who="1" fromWho="0" sc="371,-52,240,62,429,0,0,0" /><INIT seed="4,0,0,5,5,64" ten="319,302,429,0" oya="0" hai0="63,122,110,75,91,88,100,131,99,33,53,86,85" hai1="50,83,74,80,125,81,107,111,77,133,84,89,52" hai2="76,66,127,101,124,115,0,61,93,41,32,112,78" hai3="" shuffle="mt19937ar,017C47CB,9A8F6008,B9433BF1,D681126A,60AEC79E,5C8C90CB,6DF758F0,6128DB92"/><T132/><N who="0" m="31264" /><T49/><D33/><U60/><E107/><V128/><F0/><T59/><D75/><U129/><E111/><V96/><F32/><T108/><D132/><U106/><E106/><V67/><F41/><T130/><D63/><U120/><N who="1" m="30752" /><U1/><E1/><V45/><F45/><T90/><D100/><U58/><E133/><V98/><F128/><N who="0" m="49194" /><D99/><U126/><E129/><V95/><F61/><T2/><D2/><U51/><REACH who="1" step="1"/><E83/><REACH who="1" step="2"/><V39/><F101/><T92/><D92/><U62/><E62/><V119/><F119/><T121/><N who="0" m="31008" /><T69/><D69/><U104/><E104/><V36/><AGARI ba="0,1" hai="36,39,66,67,76,78,93,95,96,98,112,115,124,127" machi="36" ten="25,2400,0" yaku="0,1,22,2" doraHai="64" who="2" fromWho="2" sc="319,-16,292,-8,429,34,0,0" /><INIT seed="5,0,0,5,1,72" ten="303,284,463,0" oya="1" hai0="43,64,75,116,91,2,74,120,50,108,129,96,119" hai1="132,105,37,102,86,78,123,57,117,90,40,100,65" hai2="104,32,112,113,111,99,62,92,106,98,79,67,115" hai3="" shuffle="mt19937ar,808DE995,5DF61CF1,8CF4EEB4,DFCBE1E1,47C2F0D0,656B5A44,53C69758,6586366D"/><U128/><N who="1" m="31520" /><U68/><E68/><V88/><F32/><T52/><N who="0" m="30752" /><T63/><D2/><U97/><E117/><N who="0" m="45129" /><D108/><U122/><N who="1" m="31264" /><U54/><E65/><V127/><F111/><T3/><D43/><U107/><E132/><V87/><F127/><T114/><D3/><U83/><E128/><V93/><F79/><T70/><D129/><U110/><E110/><V131/><F131/><T124/><D124/><U85/><E40/><V77/><F77/><T126/><D126/><U73/><E37/><V81/><F81/><T1/><D1/><U121/><N who="1" m="31008" /><U71/><E71/><V39/><F39/><T133/><D133/><U45/><E45/><V66/><F66/><T89/><D114/><U47/><E47/><V55/><F55/><T44/><D96/><N who="2" m="36906" /><F93/><T33/><D33/><U48/><E102/><V60/><F60/><T134/><D134/><U80/><REACH who="1" step="1"/><E73/><AGARI ba="0,0" hai="44,50,52,63,64,70,73,74,75,89,91" m="45129,30752" machi="73" ten="30,3900,0" yaku="12,1,52,1,54,1" doraHai="72" who="0" fromWho="1" sc="303,39,284,-39,463,0,0,0" /><INIT seed="6,0,0,5,0,97" ten="342,245,463,0" oya="2" hai0="84,3,62,76,59,1,56,57,72,52,135,100,45" hai1="130,90,102,49,78,67,68,2,82,37,44,119,89" hai2="131,125,110,92,50,86,80,65,41,36,108,61,35" hai3="" shuffle="mt19937ar,2EDB45B3,AE67F466,37DBAC03,497B6BE3,F0599BE7,1C80FD58,63A3C7F4,7E8C26E8"/><V43/><F35/><T126/><D72/><U58/><E2/><V133/><F36/><T124/><D135/><U129/><E68/><V74/><F133/><T106/><D1/><U46/><E37/><V81/><F92/><T112/><D112/><U66/><E119/><V42/><F50/><T69/><D3/><U95/><E58/><V32/><F74/><T103/><D106/><U99/><E129/><V115/><F131/><T123/><N who="0" m="31520" /><T83/><D69/><U109/><E109/><V111/><F115/><T88/><D76/><U85/><E130/><V33/><F81/><T70/><D70/><U128/><E128/><V105/><F105/><T38/><D62/><U121/><N who="1" m="31008" /><U101/><E46/><V55/><F65/><T107/><D107/><U51/><E51/><V104/><F104/><T71/><D71/><U64/><REACH who="1" step="1"/><E78/><REACH who="1" step="2"/><V79/><F33/><T118/><D118/><U60/><E60/><V63/><F32/><T87/><D38/><U113/><E113/><V47/><F79/><T93/><D45/><U91/><E91/><V39/><F63/><T117/><D117/><U40/><AGARI ba="0,1" hai="40,44,49,64,66,67,82,85,89,90,95,99,101,102" m="31008" machi="40" ten="30,9000,2" yaku="1,1,0,1,8,1,52,3,53,0" doraHai="97" doraHaiUra="134" who="1" fromWho="1" sc="342,-30,235,100,463,-60,0,0" owari="312,-29,335,-6,403,35,0,0" /></mjloggm>