<mjloggm ver="2.3"><GO type="225"/><UN n0="%E9%95%B7%E6%9D%91%E3%83%93%E3%83%83%E3%82%B0" n1="%E3%82%AF%E3%83%AB%E3%83%AB%E2%98%86" n2="%73%69%64%65" n3="%E3%81%B6%E3%81%A3%E3%81%A8%E3%81%B3%E4%BE%8D" dan="16,16,17,16" rate="2076,2053,2086,2066" sx="M,F,M,M"/><TAIKYOKU oya="0"/><INIT seed="0,0,0,3,2,67" ten="250,250,250,250" oya="0" hai0="82,19,110,63,39,34,26,4,18,84,68,58,94" hai1="72,45,132,97,80,96,23,36,120,64,24,0,28" hai2="133,114,6,3,115,9,102,70,69,35,62,53,38" hai3="37,100,14,41,75,1,103,101,78,65,42,7,107" shuffle="mt19937ar,5BCC22AD,E28D12A8,9E79C562,A2651DC3,C4D7DDC4,D1E9A6E3,84AB3CF3,0C3FF0F2"/><T56/><D39/><U134/><E120/><V126/><F38/><W51/><G14/><T79/><D4/><U12/><E0/><V135/><F35/><W127/><G51/><T81/><D94/><U98/><E64/><V33/><F33/><W32/><G42/><T105/><D105/><U5/><E36/><V59/><F102/><W104/><G65/><T93/><D93/><U44/><E72/><V47/><F47/><N who="3" m="23983" /><G32/><T112/><D112/><N who="2" m="43050" /><F126/><W21/><G21/><T113/><D113/><U22/><E80/><V57/><F57/><W30/><G30/><T123/><D26/><U90/><E90/><V85/><F85/><W89/><G89/><T61/><D84/><U27/><E132/><AGARI ba="0,0" hai="3,6,9,53,59,62,69,70,132,133,135" m="43050" machi="132" ten="30,3900,0" yaku="20,1,52,2" doraHai="67" who="2" fromWho="1" sc="250,0,250,-39,250,39,250,0" /><INIT seed="1,0,0,4,5,110" ten="250,211,289,250" oya="1" hai0="12,77,17,49,55,92,99,21,23,129,48,36,74" hai1="9,72,38,90,104,105,97,128,76,62,68,60,63" hai2="101,66,6,64,133,39,32,16,40,132,131,79,127" hai3="113,122,103,70,2,28,115,71,121,8,126,84,78" shuffle="mt19937ar,1DA3FC91,FC61B472,95B8C720,3EB1F44B,F43D41EB,778AD623,90F491F7,62F60390"/><U24/><E38/><V7/><F32/><W34/><G103/><T13/><D36/><U10/><E68/><N who="3" m="26154" /><G84/><T123/><D129/><U95/><E128/><V81/><F131/><W100/><G100/><T82/><D123/><N who="3" m="47113" /><G78/><T31/><D55/><U52/><E24/><V56/><F101/><W65/><G65/><T51/><D31/><U98/><E72/><V59/><F79/><W111/><G111/><T25/><D21/><U83/><E83/><V86/><F86/><W67/><G67/><T106/><D106/><U89/><E76/><V41/><F81/><W4/><G126/><T109/><D109/><U124/><E124/><V11/><F127/><W30/><G30/><T5/><D5/><U33/><E33/><V125/><F125/><W114/><G28/><T94/><D99/><N who="1" m="37899" /><E52/><V134/><F39/><W50/><G50/><T118/><D49/><U58/><E58/><N who="2" m="22059" /><F66/><W93/><G93/><T42/><D92/><U44/><E95/><V1/><F64/><W75/><G34/><T120/><D94/><U3/><E3/><V22/><F6/><W73/><AGARI ba="0,0" hai="2,4,8,73,75,113,114,115" m="47113,26154" machi="73" ten="40,8000,1" yaku="23,1,52,3" doraHai="110" who="3" fromWho="3" sc="250,-20,211,-40,289,-20,250,80" /><INIT seed="2,0,0,1,3,107" ten="230,171,269,330" oya="2" hai0="129,53,34,133,1,72,122,134,44,41,117,9,8" hai1="11,77,130,121,46,23,119,70,87,111,115,45,59" hai2="25,27,88,12,18,71,89,17,24,16,2,56,29" hai3="113,10,82,36,42,60,65,123,109,135,38,55,15" shuffle="mt19937ar,72233071,1679D847,12A402C8,399EDB92,D587E70B,B3A4EA7E,A8C2CE81,15564668"/><V61/><F71/><W104/><G123/><T120/><D53/><U63/><E115/><V118/><F2/><W116/><G104/><T31/><D129/><U64/><E119/><V6/><F118/><W68/><G116/><T4/><D9/><U128/><E121/><N who="0" m="46697" /><D117/><U5/><E111/><V124/><F124/><W94/><G109/><T95/><D95/><U50/><E130/><V81/><F29/><W80/><G135/><N who="0" m="51723" /><D72/><U114/><E114/><V108/><F108/><W58/><G94/><T99/><D99/><U37/><E128/><V39/><F39/><W106/><G106/><T54/><D54/><U48/><E37/><V84/><F6/><W73/><G73/><T103/><D103/><U105/><E105/><V0/><F0/><W33/><G113/><T35/><D31/><U90/><E77/><N who="2" m="46127" /><F12/><W100/><G100/><T125/><D125/><U98/><E98/><V110/><F110/><W112/><G112/><T22/><D22/><U14/><E23/><V57/><F57/><W13/><G58/><T40/><D40/><U101/><E101/><V76/><F76/><W102/><G42/><T30/><D30/><U21/><E21/><V127/><F127/><W74/><G74/><T47/><D47/><U96/><E96/><V32/><F32/><W62/><G33/><T93/><D93/><N who="1" m="54495" /><E70/><V67/><AGARI ba="0,0" hai="16,17,18,24,25,27,56,61,67,88,89" m="46127" machi="67" ten="30,6000,0" yaku="8,1,54,2" doraHai="107" who="2" fromWho="2" sc="230,-20,171,-20,269,60,330,-20" /><INIT seed="2,1,0,4,1,2" ten="210,151,329,310" oya="2" hai0="16,71,40,104,120,135,128,110,84,15,127,45,26" hai1="6,29,76,4,17,61,86,53,44,59,20,96,22" hai2="11,66,58,33,69,118,112,80,134,28,107,82,19" hai3="57,108,111,67,123,38,25,60,32,93,77,79,74" shuffle="mt19937ar,4965BBDD,7FF5B716,2DC67D6D,DEB351D8,A51885C5,66FEB474,1CD39B7E,DB57E85E"/><V56/><F107/><W64/><G38/><T48/><D120/><U65/><E96/><V52/><F118/><W70/><G123/><T83/><D104/><U7/><E29/><V89/><F112/><W49/><G93/><T115/><D115/><U81/><E17/><V122/><F122/><W42/><G32/><T132/><D71/><U129/><E129/><V43/><F43/><W106/><G25/><T10/><D128/><U85/><E86/><V98/><F69/><W130/><G130/><T34/><D110/><N who="3" m="42025" /><G106/><T125/><D26/><U73/><E73/><V47/><F33/><W87/><G87/><T3/><D3/><U14/><E14/><N who="2" m="7647" /><F134/><N who="0" m="51242" /><D34/><U113/><E113/><V124/><F28/><W18/><G70/><T126/><D84/><U102/><E102/><V101/><F101/><W117/><G117/><T62/><D62/><U54/><E54/><V55/><F55/><W46/><G74/><T78/><D78/><N who="3" m="29705" /><G18/><T97/><D97/><U75/><E75/><V5/><F98/><W0/><G0/><T30/><D30/><U12/><E12/><V63/><F63/><W105/><G105/><T41/><D41/><U13/><E13/><V100/><F100/><W92/><G67/><T1/><D1/><U109/><E109/><V35/><F66/><W119/><G119/><T103/><D103/><U133/><E133/><V72/><F35/><W90/><G64/><T51/><D83/><U21/><E21/><V95/><F80/><W27/><G27/><T99/><D99/><U88/><E76/><V121/><F72/><W50/><G60/><T23/><D23/><RYUUKYOKU ba="1,0" sc="210,15,151,15,329,-15,310,-15" hai0="10,15,16,40,45,48,51,125,126,127" hai1="4,6,7,20,22,44,53,59,61,65,81,85,88" /><INIT seed="3,2,0,3,1,33" ten="225,166,314,295" oya="3" hai0="72,125,127,3,69,28,68,75,20,81,104,19,79" hai1="94,132,46,134,124,133,70,83,131,71,100,111,73" hai2="99,121,9,120,41,117,119,130,16,45,48,54,97" hai3="126,61,47,135,42,59,11,10,34,114,96,15,80" shuffle="mt19937ar,7776FA85,9E40130A,6BE016B0,3DC8DBC0,C71DD3D8,6616148D,AF52FE62,4D523F8B"/><W40/><G114/><T43/><D104/><U50/><E73/><V44/><F130/><W37/><G34/><T122/><D122/><N who="2" m="47210" /><F9/><W110/><G42/><T63/><D43/><U107/><E107/><V98/><F16/><W109/><G135/><T18/><D72/><U5/><E83/><V0/><F0/><W113/><G113/><T25/><D3/><U66/><E100/><V93/><F93/><W35/><G35/><T29/><D19/><U87/><E94/><V88/><F88/><W53/><G126/><T89/><D89/><U92/><E92/><V4/><F4/><W39/><G96/><T86/><D75/><U62/><E87/><V106/><F106/><W21/><G80/><T118/><D118/><U27/><E27/><V116/><F116/><W112/><G112/><T108/><D108/><N who="3" m="41577" /><G39/><AGARI ba="2,0" hai="39,41,44,45,48,54,97,98,99,117,119" m="47210" machi="39" ten="30,1000,0" yaku="13,1" doraHai="33" who="2" fromWho="3" sc="225,0,166,0,314,16,295,-16" owari="225,-12,166,-23,330,32,279,3" /></mjloggm>