<mjloggm ver="2.3"><GO type="185"/><UN n0="%E3%81%B5%E3%81%8F%EF%BC%A3%EF%BD%88%EF%BD%81%EF%BD%8E%E2%99%AA" n1="%E5%83%8D%E3%81%8D%E3%81%9F%E3%81%8F%E3%81%AA%E3%81%84" n2="%E3%81%A8%E3%81%84%E3%81%A4%E3%81%BE%E3%81%99%E3%81%9F%E3%81%81%E2%99%AA" n3="" dan="16,17,16,0" rate="2153,2210,2139,1500" sx="F,M,M,C"/><TAIKYOKU oya="0"/><INIT seed="0,0,0,1,0,120" ten="350,350,350,0" oya="0" hai0="93,67,124,129,70,57,89,45,83,122,113,96,42" hai1="3,106,125,54,74,65,58,109,103,133,107,99,85" hai2="128,112,100,130,68,46,118,127,117,53,0,48,44" hai3="" shuffle="mt19937ar,0195F825,C2F38DCD,72F05A68,2E12D98D,D209F91C,0F670FB5,E1E22C34,8B1BF622"/><T131/><N who="0" m="31264" /><T104/><D113/><U35/><E35/><V60/><F0/><T33/><D33/><U135/><E3/><V34/><F100/><T41/><D124/><U78/><E125/><V50/><F127/><T95/><D104/><U92/><E74/><V73/><F73/><T102/><D70/><U1/><E1/><V55/><F34/><T62/><D83/><U64/><E107/><V114/><F60/><T105/><D105/><U69/><E69/><AGARI ba="0,0" hai="44,46,48,50,53,55,68,69,112,114,117,118,128,130" machi="69" ten="25,8000,1" yaku="22,2,34,3" doraHai="120" who="2" fromWho="1" sc="350,0,350,-80,350,80,0,0" /><INIT seed="1,0,0,5,4,103" ten="350,270,430,0" oya="1" hai0="119,78,85,86,76,122,57,80,40,70,3,125,55" hai1="67,111,77,90,108,51,0,113,35,115,89,42,37" hai2="110,100,33,71,121,123,84,98,79,41,49,131,116" hai3="" shuffle="mt19937ar,57EEE3A2,11FD07DC,A1BC6BEE,F58D3580,B02829E6,2039F143,E3CA95F0,87D14D9B"/><U87/><E35/><V135/><N who="2" m="31008" /><V114/><N who="2" m="31520" /><V91/><F71/><T69/><N who="0" m="31264" /><T61/><D3/><U38/><E0/><V56/><F33/><T126/><D119/><U107/><E67/><V36/><F116/><T127/><D40/><U109/><E77/><V112/><F79/><T92/><D92/><U101/><E51/><V45/><F110/><T124/><N who="0" m="31744" /><DORA hai="106" /><T130/><REACH who="0" step="1"/><D130/><REACH who="0" step="2"/><U75/><E42/><V54/><F131/><T1/><D1/><U59/><E111/><V72/><F135/><T32/><D32/><U95/><E95/><V88/><F72/><T2/><D2/><U74/><E74/><V39/><F39/><T81/><AGARI ba="0,1" hai="55,57,61,69,70,76,78,80,81,85,86" m="31744,31264" machi="81" ten="60,6000,1" yaku="1,1,0,1,9,1,18,1,52,1,53,0" doraHai="103,106" doraHaiUra="129,105" who="0" fromWho="0" sc="340,70,270,-40,430,-20,0,0" /><INIT seed="2,0,0,2,2,82" ten="410,230,410,0" oya="2" hai0="117,81,42,130,84,128,124,62,38,114,109,132,107" hai1="75,43,40,74,60,119,96,79,70,131,49,101,80" hai2="121,86,66,36,88,61,69,122,91,45,116,133,34" hai3="" shuffle="mt19937ar,6277F84D,E5762925,2EC1E398,C71BC941,71E4B6A2,E1EEE837,BF4EF432,5A3986DA"/><V123/><F34/><T33/><RYUUKYOKU type="yao9" ba="0,0" sc="410,0,230,0,410,0,0,0" hai0="33,38,42,62,81,84,107,109,114,117,124,128,130,132" /><INIT seed="2,1,0,1,4,65" ten="410,230,410,0" oya="2" hai0="34,120,127,33,91,0,69,77,51,82,103,122,124" hai1="32,112,64,89,81,47,131,75,40,52,130,38,128" hai2="97,78,37,102,118,108,84,46,36,119,2,132,57" hai3="" shuffle="mt19937ar,ECD56D3E,E194A3FE,7A04C3C9,76C58526,C842228E,A37159D6,BF75B83B,E5A88EE5"/><V54/><F2/><T109/><N who="0" m="30752" /><T63/><N who="0" m="31264" /><T59/><D0/><U79/><E32/><V72/><F72/><T71/><D103/><U87/><E112/><V39/><F132/><T3/><D91/><U123/><N who="1" m="31520" /><U121/><N who="1" m="31008" /><U80/><E64/><V41/><F108/><T53/><D3/><U101/><E101/><V58/><F78/><T44/><D109/><U106/><E52/><V135/><F84/><T1/><D1/><U100/><E100/><V85/><F85/><T61/><D61/><U35/><E35/><V86/><F86/><T107/><D107/><AGARI ba="1,0" hai="38,40,47,75,79,80,81,87,89,106,107,128,130,131" m="31008,31520" machi="107" ten="40,5200,0" yaku="19,1,52,2" doraHai="65" who="1" fromWho="0" sc="410,-54,230,54,410,0,0,0" /><INIT seed="4,0,0,5,0,91" ten="356,284,410,0" oya="0" hai0="99,102,65,34,118,126,66,128,69,132,58,70,124" hai1="60,116,97,104,131,86,42,48,51,125,111,63,72" hai2="33,71,36,114,49,37,107,84,1,96,52,85,105" hai3="" shuffle="mt19937ar,CB767B4B,367F859C,3E768C78,A72F675C,0983AA8E,D736E17C,62D1E37E,350DDE00"/><T79/><D34/><U109/><E72/><V46/><F71/><T61/><D118/><U98/><E116/><V117/><F117/><T75/><D132/><U93/><E104/><V57/><F33/><T78/><D128/><U115/><E131/><V89/><F1/><T133/><D133/><U100/><E125/><N who="0" m="48233" /><D75/><U82/><E115/><V90/><F114/><T32/><D32/><U59/><E97/><V135/><F135/><T53/><D66/><U94/><E82/><V73/><F73/><T110/><D110/><U68/><E98/><V67/><F96/><T62/><D70/><U130/><E130/><V108/><F108/><T44/><D44/><U120/><E111/><V3/><F3/><T119/><D119/><U83/><E68/><V134/><F134/><T74/><D74/><U113/><E109/><V112/><F112/><T39/><D39/><U47/><E47/><V50/><F37/><T64/><D64/><U55/><E113/><V40/><F36/><T38/><D38/><U92/><E59/><V106/><F67/><T80/><D80/><U35/><E83/><V45/><F45/><T127/><N who="0" m="48241" /><T0/><DORA hai="95" /><D0/><U76/><E35/><V122/><N who="2" m="31264" /><V129/><F129/><T2/><D2/><RYUUKYOKU ba="0,0" sc="356,10,284,-20,410,10,0,0" hai0="53,58,61,62,65,69,78,79,99,102" hai2="40,46,49,50,52,57,84,85,89,90,105,106,107" /><INIT seed="4,1,0,0,0,57" ten="366,264,420,0" oya="0" hai0="118,56,79,82,1,66,130,62,65,40,131,109,120" hai1="37,71,104,85,112,119,113,32,129,110,107,64,106" hai2="132,99,103,92,81,72,86,77,91,47,83,123,51" hai3="" shuffle="mt19937ar,8271CB5D,88616D9C,CD9C3942,2C702D67,228EF816,D32A6ECA,4E04163D,1865BB4B"/><T75/><N who="0" m="30752" /><T78/><D1/><U88/><E32/><V101/><N who="2" m="31520" /><V133/><F51/><T3/><D3/><U122/><N who="1" m="31264" /><U114/><E119/><V108/><F47/><T116/><D79/><U41/><E110/><V117/><F108/><T70/><D109/><U45/><E129/><N who="0" m="49161" /><D40/><U100/><E100/><V93/><F117/><N who="0" m="45162" /><D65/><U124/><E124/><V52/><F52/><T33/><D33/><U73/><E73/><V61/><F61/><T84/><D75/><U102/><E64/><V60/><F60/><T115/><D115/><U38/><E38/><V68/><F68/><AGARI ba="1,0" hai="56,62,66,68,70,78,82,84" m="45162,49161,30752" machi="68" ten="30,5800,0" yaku="19,1,52,2" doraHai="57" who="0" fromWho="2" sc="366,60,264,0,420,-60,0,0" /><INIT seed="4,2,0,4,3,47" ten="426,264,360,0" oya="0" hai0="117,105,91,126,130,116,95,78,107,80,45,60,55" hai1="43,134,125,132,63,2,66,0,79,88,57,34,104" hai2="62,58,118,76,54,122,35,52,128,77,36,51,87" hai3="" shuffle="mt19937ar,7C39DEF4,5582963F,65104591,8AD575D5,B38DA23E,DBBFBEA9,CAAD1FFF,A1D0BBDE"/><T33/><D33/><U108/><E108/><V90/><N who="2" m="31264" /><V101/><F36/><T48/><D130/><U32/><E125/><V3/><F3/><T68/><D126/><U115/><E104/><V112/><F35/><T64/><D107/><U53/><E115/><V56/><F112/><T71/><D71/><U109/><E109/><V42/><F118/><T40/><D105/><U110/><E110/><V49/><F101/><T85/><REACH who="0" step="1"/><D40/><REACH who="0" step="2"/><U131/><E131/><V123/><N who="2" m="31520" /><V133/><F128/><T1/><D1/><U38/><E0/><V127/><F127/><T44/><D44/><U113/><E2/><V74/><F133/><T82/><D82/><U94/><E132/><V61/><F42/><T106/><D106/><U67/><E113/><V59/><F59/><T41/><D41/><U69/><E134/><V100/><F74/><AGARI ba="2,1" hai="45,48,55,60,64,68,74,78,80,85,91,95,116,117" machi="74" ten="30,5800,0" yaku="1,1,7,1,52,1,53,0" doraHai="47" doraHaiUra="119" who="0" fromWho="2" sc="416,72,264,0,360,-62,0,0" /><INIT seed="4,3,0,3,2,66" ten="488,264,298,0" oya="0" hai0="133,102,73,128,122,84,41,46,124,64,125,50,86" hai1="39,38,83,97,93,79,1,57,127,87,111,114,115" hai2="117,119,45,56,126,113,107,48,62,120,112,104,55" hai3="" shuffle="mt19937ar,C5C738B8,C6C6E467,F081C8BB,11EE952F,60102E3E,E3CD498E,17E2825D,579B8443"/><T76/><N who="0" m="31264" /><T0/><D0/><U60/><E111/><V42/><N who="2" m="30752" /><V3/><F3/><T99/><D133/><U34/><E34/><V40/><F126/><N who="0" m="48746" /><D128/><U130/><E1/><V63/><F107/><T36/><D64/><U65/><E127/><V131/><F104/><T98/><D36/><U68/><E130/><V96/><F96/><N who="0" m="36906" /><D102/><U91/><REACH who="1" step="1"/><E57/><REACH who="1" step="2"/><V70/><F131/><T52/><D41/><U94/><E94/><V53/><F42/><T77/><D77/><U85/><E85/><V105/><F105/><T135/><D135/><U123/><N who="1" m="31520" /><U80/><E80/><AGARI ba="3,1" hai="46,50,52,73,76,80,84,86" m="36906,48746,31264" machi="80" ten="30,5800,0" yaku="18,1,52,1,54,1" doraHai="66" who="0" fromWho="1" sc="488,74,254,-64,298,0,0,0" /><INIT seed="4,4,0,4,5,61" ten="562,190,298,0" oya="0" hai0="121,35,92,53,102,37,132,33,130,47,134,126,57" hai1="91,70,133,72,34,71,123,114,50,32,112,100,73" hai2="88,111,69,65,62,127,1,110,109,106,43,87,66" hai3="" shuffle="mt19937ar,64F1EFC2,FDD49220,7B3AE861,85500282,35BCEAAB,3D156BFE,E46D7361,B89DEAC1"/><T41/><N who="0" m="31008" /><T0/><D0/><U125/><N who="1" m="31520" /><U60/><E133/><N who="0" m="51305" /><D126/><U3/><E125/><V116/><F127/><T38/><D38/><U103/><E60/><V122/><N who="2" m="31264" /><V90/><F116/><T56/><D130/><U51/><REACH who="1" step="1"/><E91/><REACH who="1" step="2"/><V95/><F1/><AGARI ba="4,1" hai="1,3,32,34,50,51,70,71,72,73,100,103,112,114" m="31520" machi="1" ten="25,12000,2" yaku="1,1,2,1,22,2,52,1,53,1" doraHai="61" doraHaiUra="118" who="1" fromWho="2" sc="562,0,180,138,298,-128,0,0" /><INIT seed="5,0,0,0,1,95" ten="562,318,170,0" oya="1" hai0="45,87,35,114,101,88,48,89,58,63,60,51,103" hai1="80,85,75,47,66,56,50,100,33,40,132,127,72" hai2="77,93,133,34,38,96,37,32,54,130,79,44,65" hai3="" shuffle="mt19937ar,90662060,3A4BC1CA,6F8A56CD,09514A6B,8356DEF1,67BA39F6,C365FD0B,908F1533"/><U123/><N who="1" m="31520" /><U106/><E33/><V84/><F65/><T128/><D35/><U117/><E117/><V107/><F32/><T69/><D69/><U116/><E116/><V126/><F34/><T129/><D114/><U78/><E127/><V73/><F73/><T105/><D105/><U52/><E66/><V1/><F1/><T110/><D110/><U61/><REACH who="1" step="1"/><E132/><REACH who="1" step="2"/><V82/><F133/><T92/><D129/><U124/><E124/><V99/><F126/><T2/><D128/><U76/><E76/><V59/><F79/><T81/><D2/><U41/><E41/><V118/><F118/><T83/><D51/><U3/><E3/><V86/><F130/><T39/><D39/><U112/><E112/><V46/><F38/><T97/><D60/><U115/><E115/><V90/><F37/><T68/><D68/><U134/><E134/><V67/><F67/><T53/><D81/><U74/><E74/><V104/><F82/><T131/><D131/><U122/><N who="1" m="31264" /><U94/><E94/><V64/><F64/><AGARI ba="0,1" hai="45,48,53,58,63,64,83,87,88,89,92,97,101,103" machi="64" ten="30,7700,0" yaku="7,1,8,1,52,1,54,1" doraHai="95" who="0" fromWho="2" sc="562,87,308,0,170,-77,0,0" /><INIT seed="6,0,0,5,4,84" ten="649,308,93,0" oya="2" hai0="60,104,118,59,88,48,40,44,67,119,105,93,95" hai1="135,61,35,127,129,108,66,37,124,36,42,83,121" hai2="103,128,62,65,45,73,76,55,125,0,98,70,52" hai3="" shuffle="mt19937ar,5F7EA97D,A2CD1218,9E77AD6A,7A5ED41A,B7840284,DE13D9B3,BFF6D162,424DB390"/><V117/><F0/><T114/><D114/><U57/><N who="1" m="31008" /><U111/><E35/><V72/><F117/><T49/><D119/><U46/><E135/><V94/><F128/><T96/><D118/><U75/><E129/><V99/><F125/><N who="1" m="48201" /><E36/><V50/><F76/><AGARI ba="0,0" hai="37,42,46,57,61,66,75,76,83,108,111" m="48201,31008" machi="76" ten="30,2000,0" yaku="18,1,52,1" doraHai="84" who="1" fromWho="2" sc="649,0,308,20,93,-20,0,0" owari="649,60,328,-7,73,-53,0,0" /></mjloggm>