<mjloggm ver="2.3"><GO type="225"/><UN n0="%E5%BE%85%E3%81%A1%E3%81%A8%E3%82%89%E3%81%9A" n1="%EF%BC%88%EF%BC%8A%EF%BC%9E%EF%BC%9C%EF%BC%89" n2="%73%69%67%65%6E%6F%72%69" n3="%E3%83%81%E3%83%A3%E3%82%AA%E3%83%AA" dan="16,17,17,17" rate="2053,2195,2117,2135" sx="M,F,M,M"/><TAIKYOKU oya="0"/><INIT seed="0,0,0,4,0,39" ten="250,250,250,250" oya="0" hai0="69,1,128,85,11,118,58,48,55,108,50,102,30" hai1="104,23,84,113,114,74,78,70,73,120,134,64,72" hai2="31,91,46,77,61,107,63,126,65,80,9,41,119" hai3="115,14,93,130,28,22,36,15,96,123,112,19,10" shuffle="mt19937ar,C43ECE75,4D1A5365,789772D4,B691FE60,DD5BC284,437BFDFC,53302657,2FD35037"/><T27/><D118/><U95/><E120/><V4/><F119/><W76/><G123/><T42/><D69/><U87/><E64/><V45/><F107/><W111/><G111/><T116/><D116/><U5/><E70/><V92/><F126/><W82/><G130/><T106/><D128/><U103/><E5/><V33/><F31/><W110/><G110/><T79/><D106/><U127/><E23/><V89/><F33/><W54/><G54/><T109/><D109/><U35/><E35/><V38/><F46/><W57/><G57/><T60/><D102/><U100/><E127/><V67/><F67/><W2/><G2/><T75/><D75/><U26/><E26/><V18/><F18/><W62/><G62/><T25/><D25/><U52/><E52/><V121/><F121/><W13/><G36/><T129/><D129/><U90/><E134/><V97/><F91/><W29/><G115/><N who="1" m="44042" /><E104/><V24/><F24/><W81/><G112/><T7/><D108/><U99/><E78/><V47/><F47/><W17/><G13/><T86/><D79/><U6/><E6/><V37/><F37/><W59/><G59/><T125/><D125/><U68/><E68/><V131/><F65/><W133/><G133/><T88/><D60/><U101/><AGARI ba="0,0" hai="72,73,74,84,87,90,95,99,100,101,103" m="44042" machi="101" ten="40,5200,0" yaku="11,1,34,2" doraHai="39" who="1" fromWho="1" sc="250,-26,250,52,250,-13,250,-13" /><INIT seed="1,0,0,0,3,65" ten="224,302,237,237" oya="1" hai0="0,79,85,23,99,26,95,81,29,68,86,116,38" hai1="113,76,46,19,57,104,14,103,110,83,73,135,1" hai2="115,22,37,122,101,52,3,117,74,30,70,88,25" hai3="54,40,98,32,78,89,35,47,42,107,100,72,82" shuffle="mt19937ar,59265E66,53CA127D,9DF6905B,318C770C,7B8F47EC,3AB9D0FD,73E56AA0,6D2EBEF5"/><U13/><E1/><V43/><F117/><W16/><G54/><T126/><D38/><U45/><E113/><V111/><F122/><W66/><G66/><T6/><D116/><U134/><E103/><V34/><F74/><W97/><G97/><T15/><D126/><U102/><E102/><V55/><F3/><W56/><G56/><T123/><D0/><U132/><E104/><V51/><F115/><W8/><G89/><T10/><D123/><U94/><E94/><V114/><F114/><W121/><G121/><T90/><REACH who="0" step="1"/><D68/><REACH who="0" step="2"/><U67/><E134/><V50/><F70/><W106/><G106/><T96/><AGARI ba="0,1" hai="6,10,15,23,26,29,79,81,85,86,90,95,96,99" machi="96" ten="30,7900,0" yaku="1,1,2,1,0,1,8,1,53,0" doraHai="65" doraHaiUra="28" who="0" fromWho="0" sc="214,89,302,-39,237,-20,237,-20" /><INIT seed="2,0,0,5,3,23" ten="303,263,217,217" oya="2" hai0="12,123,31,135,107,16,18,92,79,63,119,41,49" hai1="62,0,42,125,115,9,76,106,34,84,103,57,1" hai2="112,124,87,65,104,134,8,102,58,22,89,50,24" hai3="13,77,96,99,43,10,68,11,94,61,6,19,105" shuffle="mt19937ar,EF6F75D8,445FE210,8A6ACB46,E71716C7,61B1D4A6,6AD48249,8AA524DE,DC27E9ED"/><V91/><F112/><W108/><G108/><T128/><D107/><U117/><E34/><V48/><F134/><W39/><G77/><T116/><D123/><U44/><E115/><V71/><F124/><W28/><G105/><T130/><D79/><U32/><E32/><V132/><F71/><W20/><G39/><T46/><D31/><U40/><E117/><N who="0" m="45129" /><D135/><U51/><E125/><V7/><F132/><W93/><G43/><T83/><D83/><U118/><E118/><V14/><F102/><W113/><G113/><T5/><D92/><U69/><E69/><V82/><F104/><W70/><G28/><T52/><D5/><U29/><E40/><V45/><F91/><W78/><G78/><T114/><D114/><U109/><E29/><V80/><F80/><W122/><G122/><T97/><D97/><U37/><E37/><V95/><F82/><W75/><G75/><T111/><D111/><U15/><E109/><V60/><REACH who="2" step="1"/><F45/><REACH who="2" step="2"/><W66/><G70/><T72/><D72/><U129/><E106/><V90/><F90/><W4/><G94/><T54/><D46/><U38/><E103/><V55/><F55/><W59/><G68/><T36/><D54/><U26/><E44/><V56/><F56/><W17/><G93/><T47/><D63/><U126/><E62/><V64/><F64/><W67/><G67/><T133/><D133/><U73/><E126/><V74/><F74/><W127/><G127/><T110/><D110/><U3/><E73/><V30/><AGARI ba="0,1" hai="7,8,14,22,24,30,48,50,58,60,65,87,89,95" machi="30" ten="20,18000,2" yaku="1,1,0,1,7,1,8,1,52,1,53,1" doraHai="23" doraHaiUra="53" who="2" fromWho="2" sc="303,-60,263,-60,207,190,217,-60" /><INIT seed="2,1,0,5,5,134" ten="243,203,397,157" oya="2" hai0="129,1,112,52,25,108,24,110,12,80,56,64,44" hai1="117,57,100,75,70,114,13,41,6,54,59,111,31" hai2="86,35,123,82,135,32,128,76,23,90,69,104,22" hai3="67,29,96,119,74,15,77,73,28,125,26,124,39" shuffle="mt19937ar,ED2A02C0,5D058ABA,698853A9,8613C711,68E94BB4,1476054E,B88BABF8,A5E067AE"/><V83/><F123/><W62/><G119/><T101/><D1/><U98/><E75/><V103/><F69/><W93/><G39/><T115/><D101/><U92/><E70/><V109/><F128/><W19/><G15/><T10/><D44/><U97/><E117/><V53/><F109/><N who="0" m="42090" /><D64/><U71/><E71/><V81/><F135/><W42/><G42/><T89/><D129/><U95/><E111/><V47/><F103/><N who="3" m="60815" /><G19/><N who="0" m="8599" /><D25/><U27/><E41/><V43/><F47/><W0/><G0/><T48/><D24/><U113/><E13/><V11/><F43/><W49/><G49/><T45/><D56/><U7/><E100/><V2/><F2/><W51/><G51/><T66/><D66/><U34/><E27/><V40/><F40/><W107/><G107/><T4/><D4/><U5/><E5/><V55/><F104/><W116/><G116/><T130/><D130/><U120/><E120/><V94/><F55/><W61/><G61/><T102/><D102/><U127/><E54/><V85/><F53/><W79/><G79/><T46/><D46/><U65/><E65/><V88/><F76/><W126/><G77/><T17/><D17/><U122/><E122/><V63/><F63/><W8/><G8/><T121/><D121/><U68/><E68/><V106/><F11/><W87/><G87/><AGARI ba="1,0" hai="45,48,52,80,87,89,112,115" m="8599,42090" machi="87" ten="30,3900,0" yaku="25,1,14,1,54,1" doraHai="134" who="0" fromWho="3" sc="243,42,203,0,397,0,157,-42" /><INIT seed="3,0,0,5,1,38" ten="285,203,397,115" oya="3" hai0="72,132,37,84,83,58,19,78,27,57,4,95,31" hai1="71,47,49,111,114,5,107,76,68,85,81,13,112" hai2="6,125,34,115,14,45,36,126,60,15,113,106,96" hai3="12,104,8,100,67,108,130,122,56,117,55,127,64" shuffle="mt19937ar,FFB639B8,41A05BFE,5F63897F,EFAD8C39,1C1F9462,1B11C29D,A77A150C,1FD07E2F"/><W120/><G117/><T40/><D132/><U101/><E111/><V2/><F34/><W70/><G108/><T46/><D19/><U7/><E101/><N who="2" m="62759" /><F2/><W90/><G90/><T16/><D4/><U22/><E107/><V79/><F79/><W43/><G127/><T39/><D39/><U77/><E77/><V1/><F1/><W99/><G130/><T18/><D58/><U119/><E119/><V129/><F129/><W0/><G0/><T24/><D57/><U109/><E109/><V32/><F32/><W53/><G43/><T33/><D84/><U30/><E68/><V52/><F60/><W128/><G128/><T21/><D18/><U9/><E5/><V124/><F6/><W98/><G98/><T135/><D135/><U105/><E71/><V86/><F86/><W118/><G118/><T23/><D95/><U50/><E105/><V73/><F73/><W59/><G59/><T134/><D134/><U35/><E35/><V26/><F26/><W87/><G87/><T25/><D23/><U54/><E22/><V82/><F82/><W131/><G131/><T88/><REACH who="0" step="1"/><D88/><REACH who="0" step="2"/><U66/><E85/><V28/><F36/><W92/><G104/><T10/><D10/><U97/><E9/><V133/><F133/><W123/><G70/><T75/><D75/><U11/><E97/><V93/><F93/><W63/><REACH who="3" step="1"/><G67/><REACH who="3" step="2"/><T110/><D110/><U91/><E66/><V42/><F124/><W48/><G48/><T94/><D94/><U89/><E49/><V44/><F125/><W17/><AGARI ba="0,2" hai="8,12,17,53,55,56,63,64,92,99,100,120,122,123" machi="17" ten="30,3000,0" yaku="1,1,0,1,53,0" doraHai="38" doraHaiUra="20" who="3" fromWho="3" sc="275,-10,203,-10,397,-10,105,50" /><INIT seed="3,1,0,2,4,72" ten="265,193,387,155" oya="3" hai0="92,55,108,49,123,1,125,11,0,22,134,47,19" hai1="59,35,12,86,104,71,109,130,116,32,37,126,103" hai2="107,113,85,23,30,40,115,8,50,53,5,43,14" hai3="70,61,58,69,119,57,94,15,89,110,120,26,106" shuffle="mt19937ar,07000E82,0B14C905,9D8A5A6C,7FC7F18C,BA0052B6,778AA5A6,A9FCEB2D,2B62DD46"/><W18/><G106/><T81/><D123/><U105/><E37/><V87/><F107/><W51/><G120/><T96/><D108/><U64/><E59/><N who="2" m="33207" /><F115/><W98/><G119/><T63/><D134/><U52/><E12/><V74/><F74/><W46/><G110/><T102/><D125/><U75/><E86/><N who="2" m="32779" /><F113/><W9/><G26/><AGARI ba="1,0" hai="5,8,14,23,26,30,40,43" m="32779,33207" machi="26" ten="30,1000,0" yaku="8,1" doraHai="72" who="2" fromWho="3" sc="265,0,193,0,387,13,155,-13" owari="265,2,193,-16,400,40,142,-26" /></mjloggm>