<mjloggm ver="2.3"><GO type="225"/><UN n0="%E2%93%85%E5%B0%8F%E5%80%89%E5%AD%9D" n1="%E6%9C%80%E9%80%9F%E3%82%AF%E3%83%B3%E2%99%AA" n2="%E8%84%B3%E5%86%85%E3%83%A2%E3%83%AB%E3%83%92" n3="%62%61%6B%61%73%65" dan="16,16,16,16" rate="2100,2080,2068,2013" sx="M,M,M,F"/><TAIKYOKU oya="0"/><INIT seed="0,0,0,0,1,40" ten="250,250,250,250" oya="0" hai0="114,101,28,55,103,35,108,36,41,26,22,123,70" hai1="89,119,57,46,133,76,117,38,130,50,78,13,113" hai2="4,56,85,47,127,63,34,18,1,79,99,88,124" hai3="51,59,53,5,58,125,131,31,109,126,45,52,12" shuffle="mt19937ar,61277AD3,0EE3EFDA,FFD958C9,E803DE74,996990E9,3B4D7840,8E9D70D6,D14940D1"/><T71/><D114/><U25/><E113/><V14/><F34/><W98/><G109/><T11/><D123/><U2/><E2/><V30/><F30/><W86/><G131/><T73/><D73/><U61/><E38/><V69/><F69/><W48/><G31/><T92/><D108/><U64/><E130/><V3/><F4/><W135/><G135/><T44/><D11/><U23/><E133/><V81/><F99/><W39/><G98/><T27/><D55/><N who="1" m="30167" /><E119/><V118/><F79/><N who="1" m="30249" /><E117/><V97/><F97/><W128/><G86/><T90/><D71/><U105/><E105/><V54/><F118/><W104/><G104/><T32/><D70/><U129/><E129/><V65/><F127/><W91/><G128/><T74/><D74/><U67/><E89/><V62/><F62/><W111/><G91/><T80/><D80/><U77/><E77/><V121/><F124/><W96/><G111/><T102/><REACH who="0" step="1"/><D27/><REACH who="0" step="2"/><U116/><E116/><V115/><F121/><W49/><G126/><T84/><AGARI ba="0,1" hai="22,26,28,32,35,36,41,44,84,90,92,101,102,103" machi="84" ten="30,12000,1" yaku="1,1,2,1,0,1,52,1,53,1" doraHai="40" doraHaiUra="83" who="0" fromWho="0" sc="240,130,250,-40,250,-40,250,-40" /><INIT seed="0,1,0,2,0,106" ten="370,210,210,210" oya="0" hai0="22,13,103,89,7,112,60,66,100,115,9,104,120" hai1="37,90,135,63,5,127,70,131,110,2,84,119,85" hai2="18,67,55,29,3,53,129,81,107,116,77,47,111" hai3="117,14,102,23,51,69,49,33,28,30,26,43,93" shuffle="mt19937ar,ECDEA290,ED7ECBE1,595CF063,D546FC0B,A7D36FE1,E4B72A1F,85AB03D2,E29B520B"/><T1/><D120/><U74/><RYUUKYOKU type="yao9" ba="1,0" sc="370,0,210,0,210,0,210,0" hai1="2,5,37,63,70,74,84,85,90,110,119,127,131,135" /><INIT seed="0,2,0,2,2,98" ten="370,210,210,210" oya="0" hai0="20,129,74,81,55,117,65,69,47,27,3,43,130" hai1="83,125,116,38,33,132,80,49,68,78,95,109,64" hai2="71,133,114,24,46,84,119,35,135,4,113,127,85" hai3="93,9,30,36,34,106,77,104,54,73,96,7,105" shuffle="mt19937ar,8BC9C64A,9143DEBE,AF6F5CF6,74AC51DB,AD9F2DCF,9AEE130E,430C2D03,5AB347DD"/><T120/><D117/><U124/><E116/><V21/><F119/><W107/><G36/><T99/><D120/><U26/><E38/><V14/><F71/><W100/><G54/><T118/><D118/><U2/><E2/><V17/><F46/><W90/><G30/><T131/><D3/><U89/><E109/><V13/><F85/><N who="3" m="52431" /><G34/><T86/><D74/><U23/><E33/><V75/><F84/><W115/><G9/><T29/><D55/><U1/><E1/><V56/><F56/><W94/><G7/><T44/><D99/><N who="1" m="57839" /><E78/><V122/><F75/><W108/><G108/><T70/><D65/><U134/><E49/><V8/><F122/><W102/><G115/><N who="2" m="44041" /><F127/><N who="1" m="48713" /><E68/><N who="0" m="26217" /><D43/><U128/><E64/><V10/><F35/><W63/><G63/><T62/><D62/><U97/><E97/><V60/><F60/><W28/><G28/><AGARI ba="2,0" hai="4,8,10,13,14,17,21,24,28,133,135" m="44041" machi="28" ten="30,2000,0" yaku="34,2" doraHai="98" who="2" fromWho="3" sc="370,0,210,0,210,26,210,-26" /><INIT seed="1,0,0,2,0,49" ten="370,210,236,184" oya="1" hai0="90,18,72,116,45,2,68,103,102,15,52,115,132" hai1="105,10,120,62,14,34,13,65,56,104,47,50,119" hai2="93,7,53,79,106,67,85,113,69,78,20,121,127" hai3="125,87,131,51,32,3,22,95,63,29,55,42,37" shuffle="mt19937ar,01648672,0241A2FE,93B2FE0E,22313D06,88529AA9,D796A2E7,4C4FE410,EA0E70A6"/><U11/><E119/><V134/><F106/><W39/><G32/><T81/><D2/><U12/><E120/><V129/><F121/><W19/><G3/><T33/><D116/><U23/><E34/><V54/><F7/><W82/><G29/><T35/><D68/><U5/><E23/><V88/><F69/><W60/><G95/><T4/><D4/><U44/><E44/><V71/><F71/><W27/><G131/><T96/><D115/><U6/><REACH who="1" step="1"/><E13/><REACH who="1" step="2"/><V57/><F113/><W94/><G22/><T98/><D35/><U91/><E91/><V112/><F112/><W122/><G122/><T108/><D33/><U97/><E97/><V74/><F129/><W128/><G128/><T99/><D90/><U86/><E86/><V117/><F117/><W114/><G87/><T43/><D98/><U9/><E9/><V25/><F74/><W40/><G114/><T109/><D96/><U76/><E76/><N who="2" m="29227" /><F134/><W66/><G125/><T100/><D99/><U41/><AGARI ba="0,1" hai="5,6,10,11,12,14,41,47,50,56,62,65,104,105" machi="41" ten="20,7800,0" yaku="1,1,0,1,7,1,9,1,53,0" doraHai="49" doraHaiUra="24" who="1" fromWho="1" sc="370,-26,200,88,236,-26,184,-26" /><INIT seed="1,1,0,3,4,4" ten="344,288,210,158" oya="1" hai0="91,13,94,37,36,11,32,20,88,121,3,1,18" hai1="114,28,15,34,74,8,85,116,125,16,108,38,26" hai2="117,84,64,92,59,73,105,67,123,113,95,66,39" hai3="6,61,102,97,118,62,132,54,122,60,58,133,10" shuffle="mt19937ar,CB2D2B82,E4BCDB44,D2F89C78,DD549CBE,8232863C,0F8AA889,CE27F91C,08F48BF7"/><U77/><E114/><V23/><F73/><W127/><G122/><T99/><D32/><U53/><E116/><V100/><F39/><W5/><G5/><T41/><D121/><U115/><E115/><V89/><F113/><W25/><G118/><T51/><D51/><U104/><E104/><V55/><F105/><W56/><G127/><T78/><D78/><U130/><E38/><V52/><F117/><W83/><G25/><T79/><D79/><U68/><E68/><V80/><F123/><W48/><G83/><T119/><D119/><U9/><E74/><V30/><F55/><W129/><G129/><T50/><D50/><U43/><E43/><V131/><F131/><W46/><G133/><T27/><D37/><U112/><E112/><V47/><F47/><W107/><REACH who="3" step="1"/><G132/><REACH who="3" step="2"/><T0/><D27/><U71/><E125/><V40/><F100/><W109/><G109/><T35/><D0/><AGARI ba="1,1" hai="0,6,10,46,48,54,56,58,60,61,62,97,102,107" machi="0" ten="40,2600,0" yaku="1,1,52,1,53,0" doraHai="4" doraHaiUra="63" who="3" fromWho="0" sc="344,-29,288,0,210,0,148,39" /><INIT seed="2,0,0,3,5,55" ten="315,288,210,187" oya="2" hai0="42,24,48,57,121,86,67,81,27,14,68,120,40" hai1="25,96,4,22,1,76,6,72,130,118,15,129,113" hai2="82,2,35,116,33,8,112,133,110,61,43,126,38" hai3="69,114,111,98,59,45,9,10,94,115,66,85,65" shuffle="mt19937ar,4DD13087,70973BA7,5CEE57D3,E719A2DA,89E15A6F,A5E4354B,DF7694C3,96AECF14"/><V74/><RYUUKYOKU type="yao9" ba="0,0" sc="315,0,288,0,210,0,187,0" hai2="2,8,33,35,38,43,61,74,82,110,112,116,126,133" /><INIT seed="2,1,0,0,0,120" ten="315,288,210,187" oya="2" hai0="119,103,22,2,4,112,55,19,39,43,46,71,40" hai1="97,70,51,44,90,105,96,49,78,122,72,110,35" hai2="81,37,56,126,67,87,29,86,75,64,5,8,68" hai3="53,125,38,99,24,36,9,48,94,23,111,107,1" shuffle="mt19937ar,DFC9032F,D5D737B6,FC9640CA,9E377324,7D619FE0,AB0FB46B,D3B95F83,ACED6429"/><V62/><F37/><W18/><G107/><T83/><D112/><U57/><E70/><V16/><F29/><W32/><G32/><T74/><D71/><U73/><E35/><V92/><F126/><W31/><G125/><T34/><D34/><U82/><E72/><V21/><F75/><W69/><G69/><T26/><D119/><U42/><E105/><V33/><F33/><W88/><G111/><T131/><D131/><U115/><E115/><V123/><F123/><W84/><G99/><T50/><D103/><U25/><E25/><V118/><F118/><W89/><G89/><T106/><D106/><U14/><E122/><V41/><F41/><W45/><REACH who="3" step="1"/><G18/><REACH who="3" step="2"/><T27/><D19/><U60/><E90/><V0/><F68/><W20/><G20/><T135/><D22/><U129/><E110/><V98/><F67/><W12/><G12/><T113/><D113/><U30/><E14/><V66/><F64/><W100/><G100/><T13/><D13/><U93/><E97/><V124/><F124/><W58/><G58/><T109/><D109/><U133/><E57/><V52/><F66/><W116/><G116/><T104/><D104/><U10/><E96/><V59/><F59/><W134/><G134/><T79/><D135/><U80/><E133/><V121/><F121/><W117/><G117/><T95/><D2/><U85/><E30/><V127/><F127/><W91/><G91/><T102/><D102/><U63/><E129/><V47/><F16/><W128/><G128/><T54/><D79/><U114/><E78/><V15/><F21/><W130/><G130/><RYUUKYOKU ba="1,1" sc="315,-10,288,-10,210,-10,177,30" hai3="1,9,23,24,31,36,38,45,48,53,84,88,94" /><INIT seed="3,2,1,2,2,121" ten="305,278,200,207" oya="3" hai0="123,36,75,120,108,68,85,103,125,95,98,61,62" hai1="64,11,2,109,3,56,78,81,18,6,58,29,91" hai2="52,65,33,67,88,128,55,90,49,48,37,79,20" hai3="93,19,83,127,46,119,23,47,4,118,80,106,32" shuffle="mt19937ar,1A61C53D,A11D91C1,D99000C3,6DD3572B,D9A5678E,C40D15D5,989A058C,89ABB257"/><W43/><G106/><T69/><D75/><U51/><E2/><V97/><F37/><W50/><G32/><T15/><D36/><U129/><E29/><V122/><F33/><W94/><G127/><T87/><D125/><U41/><E64/><N who="2" m="24651" /><F122/><W1/><G1/><T8/><D69/><U27/><E91/><N who="2" m="34859" /><F79/><W132/><G119/><T130/><D87/><U35/><E35/><V24/><F97/><W14/><G118/><T0/><D85/><U77/><E77/><V71/><F71/><W40/><G4/><T89/><D89/><U126/><E78/><V59/><F128/><W131/><G131/><T134/><D68/><U73/><E129/><V74/><F74/><W112/><G112/><T30/><D98/><U115/><E73/><V110/><F110/><W84/><G132/><T60/><D108/><U13/><E109/><V92/><F92/><N who="3" m="35435" /><G84/><T10/><D130/><U96/><E115/><V82/><F82/><W117/><G117/><T54/><D134/><U86/><E81/><V76/><F76/><W16/><G19/><T38/><D38/><U5/><E18/><N who="2" m="12311" /><F55/><W135/><G135/><T99/><D54/><U28/><E96/><V70/><F70/><W101/><G101/><T114/><D114/><U105/><E105/><V9/><F9/><N who="0" m="3690" /><D0/><U72/><E72/><V113/><F113/><W12/><G12/><T100/><D15/><U133/><E133/><V39/><F39/><W34/><G34/><T22/><D103/><U104/><E126/><V7/><F7/><W116/><G116/><T25/><D123/><U31/><E5/><V21/><F21/><RYUUKYOKU ba="2,1" sc="305,10,278,-30,200,10,207,10" hai0="22,25,30,60,61,62,95,99,100,120" hai2="48,49,52,59" hai3="14,16,23,40,43,46,47,50,80,83" /><INIT seed="3,3,1,2,1,98" ten="315,248,210,217" oya="3" hai0="85,99,106,52,21,64,69,120,5,3,72,96,132" hai1="6,12,88,79,115,35,43,109,9,28,66,130,126" hai2="95,104,25,1,46,62,34,123,110,74,63,10,84" hai3="83,129,111,80,119,8,108,68,50,53,90,51,116" shuffle="mt19937ar,246D92DD,723A1D65,AB4ED493,635582CD,FD1F1B26,A1F124D6,2608FCDB,484EB7A6"/><W30/><G68/><T14/><D72/><U15/><E115/><V11/><F74/><W133/><G133/><T67/><D3/><U38/><E79/><V105/><F110/><N who="3" m="42027" /><G129/><T93/><D106/><U100/><E100/><V59/><F63/><W57/><G30/><T40/><D40/><U78/><E78/><V60/><F62/><W101/><G101/><T39/><D69/><U76/><E76/><V4/><F11/><W31/><G31/><T42/><D67/><U75/><E75/><V118/><F118/><N who="3" m="45099" /><G8/><T117/><D132/><U36/><E9/><V73/><F105/><W112/><G112/><T65/><D117/><U124/><E130/><V27/><F34/><W56/><G90/><T71/><D71/><U7/><E88/><V45/><F104/><W29/><G29/><T49/><D21/><U86/><E28/><V131/><F131/><W2/><G2/><T94/><D65/><U91/><E66/><V107/><F107/><W41/><G41/><T77/><D64/><U135/><E135/><V22/><F22/><W23/><G23/><T121/><D42/><U92/><E43/><V13/><F1/><W102/><G102/><T81/><D77/><U18/><E109/><V48/><F73/><W20/><G20/><T134/><D134/><U82/><E35/><V44/><F10/><W58/><G53/><T97/><D52/><U32/><E32/><V33/><F33/><W122/><G122/><T37/><D121/><U16/><E91/><V70/><F123/><W24/><G24/><T128/><D120/><U103/><E103/><V114/><F70/><RYUUKYOKU ba="3,1" sc="315,-10,248,-10,210,-10,217,30" hai3="50,51,56,57,58,80,83" /><INIT seed="3,4,1,2,2,109" ten="305,238,200,247" oya="3" hai0="132,55,82,57,52,15,87,76,111,44,92,133,72" hai1="117,59,41,47,114,118,119,79,101,30,23,84,89" hai2="126,129,21,115,66,103,13,0,11,61,51,122,33" hai3="4,14,96,78,127,1,37,106,75,107,105,124,100" shuffle="mt19937ar,F474182B,30F22933,84764641,0B658AA9,A829C18F,2AE5ADEF,6EEF6EC3,AB737FE7"/><W26/><G14/><T34/><D34/><U85/><E101/><V6/><F103/><W5/><G37/><T70/><D70/><U65/><E79/><V62/><F61/><W74/><G26/><T2/><D2/><U38/><E114/><V18/><F129/><W49/><G49/><T125/><D111/><U68/><E68/><V135/><F135/><N who="0" m="51786" /><D125/><N who="3" m="48201" /><G78/><T134/><D134/><U46/><E46/><V45/><F126/><W22/><G22/><T56/><D15/><U20/><E30/><V104/><F104/><N who="3" m="63495" /><G4/><T73/><D44/><U31/><E31/><V130/><F130/><W8/><AGARI ba="4,1" hai="1,5,8,74,75,105,106,107" m="63495,48201" machi="8" ten="40,3900,0" yaku="18,1,23,1" doraHai="109" who="3" fromWho="3" sc="305,-17,238,-17,200,-17,247,61" owari="288,4,221,-13,183,-22,308,31" /></mjloggm>