<mjloggm ver="2.3"><GO type="225"/><UN n0="%E3%82%B9%E3%83%91%E3%83%BC%E3%82%AF%E3%82%B9" n1="%E3%83%80%E3%83%A0%E3%83%9E%E3%83%8B%E3%82%A2" n2="%E5%B1%B1%E5%B9%B8%E5%95%86%E5%BA%97" n3="%E5%88%BB%E5%AD%90%E5%B8%82%E6%B0%91" dan="16,16,17,17" rate="2060,2112,2160,2119" sx="M,M,M,M"/><TAIKYOKU oya="0"/><INIT seed="0,0,0,0,4,75" ten="250,250,250,250" oya="0" hai0="8,62,19,22,77,39,135,30,65,131,41,38,96" hai1="49,69,51,98,76,11,100,36,4,79,25,48,10" hai2="24,17,111,16,92,126,27,116,64,87,130,122,52" hai3="58,128,9,134,13,104,55,91,21,95,103,15,74" shuffle="mt19937ar,2170F376,B6581838,10EE6FDA,57D7BE3B,EF756CEE,624FE0A6,E33873DC,D5463E50"/><T113/><D113/><U26/><E36/><V66/><F122/><W59/><G74/><T32/><D135/><U2/><E69/><V107/><F107/><W33/><G33/><T97/><D131/><U109/><E109/><V94/><F111/><W93/><G104/><T80/><D8/><U101/><E101/><V120/><F120/><W56/><G128/><T84/><D30/><U47/><E47/><V125/><F130/><W54/><G134/><T61/><D32/><U7/><E26/><V44/><F44/><W119/><G119/><T28/><D28/><U121/><E25/><V42/><F42/><W71/><G71/><T86/><D86/><U112/><E112/><V46/><F46/><W123/><G123/><T70/><D61/><U88/><E121/><V82/><F87/><N who="3" m="52479" /><G21/><T114/><D114/><U20/><E20/><V127/><F82/><W50/><G55/><T57/><D70/><U133/><E133/><V102/><F102/><W85/><G13/><T5/><D5/><U14/><REACH who="1" step="1"/><E88/><REACH who="1" step="2"/><V3/><F127/><W1/><G103/><T23/><D23/><U18/><E18/><V124/><F124/><W53/><G58/><T78/><D39/><U105/><AGARI ba="0,1" hai="2,4,7,10,11,14,48,49,51,76,79,98,100,105" machi="105" ten="30,7900,0" yaku="1,1,0,1,52,2,53,0" doraHai="75" doraHaiUra="89" who="1" fromWho="1" sc="250,-39,240,89,250,-20,250,-20" /><INIT seed="1,0,0,1,5,104" ten="211,329,230,230" oya="1" hai0="55,12,42,8,82,1,100,114,66,21,71,81,70" hai1="40,56,4,57,90,17,101,35,110,86,47,45,5" hai2="2,115,80,95,20,92,67,27,28,135,125,121,108" hai3="111,14,18,133,54,43,7,0,98,41,37,38,6" shuffle="mt19937ar,4A7EE26B,5CCC084F,38F0CD4A,817963A0,746C3C1D,E0BB1926,7D07A3C5,88543CE8"/><U128/><E35/><V124/><F121/><W39/><G0/><T34/><D34/><U123/><E123/><V113/><F67/><W60/><G111/><T30/><D114/><N who="2" m="43530" /><F2/><W103/><G133/><T96/><D1/><U93/><E128/><V91/><F108/><W74/><G74/><T16/><D42/><U62/><E110/><V131/><F131/><W134/><G134/><T132/><D132/><U129/><E129/><V85/><F135/><W117/><G117/><T126/><D126/><AGARI ba="0,0" hai="20,27,28,80,85,91,92,95,124,125,126" m="43530" machi="126" ten="30,2000,0" yaku="18,1,11,1" doraHai="104" who="2" fromWho="0" sc="211,-20,329,0,230,20,230,0" /><INIT seed="2,0,0,4,4,11" ten="191,329,250,230" oya="2" hai0="112,117,122,1,90,103,106,12,100,54,111,101,52" hai1="51,64,2,129,110,77,59,42,119,116,91,30,26" hai2="66,13,6,73,109,60,62,94,61,85,134,46,108" hai3="70,96,56,49,97,113,47,31,130,92,115,25,19" shuffle="mt19937ar,E542FC23,A2A10AF1,047C0F49,2BD792FC,52EC65B6,8D3E751D,B853B886,E533F917"/><V3/><F3/><W121/><G70/><T14/><D1/><U36/><E2/><V35/><F73/><W87/><G121/><T132/><D122/><U76/><E36/><V29/><F46/><W48/><G56/><T107/><D112/><N who="3" m="43081" /><G130/><T69/><D69/><U16/><E129/><V5/><F5/><W120/><G19/><T118/><D132/><U89/><E119/><N who="0" m="45577" /><D90/><U75/><E75/><V127/><F134/><W98/><G120/><T114/><D114/><U27/><E116/><V21/><F35/><N who="3" m="20975" /><G47/><T102/><N who="0" m="25600" /><DORA hai="50" /><T83/><D83/><U37/><E37/><V9/><F66/><W15/><G15/><N who="0" m="5675" /><D111/><N who="2" m="42570" /><F127/><W24/><G24/><T18/><D18/><U124/><E16/><N who="2" m="10383" /><F29/><W93/><G93/><T7/><D7/><U128/><E30/><V80/><F94/><W65/><G92/><T0/><D0/><U123/><E123/><V104/><F9/><W17/><G17/><T57/><D57/><U72/><E110/><V86/><F6/><W38/><G38/><T28/><D28/><U99/><E27/><V74/><F104/><AGARI ba="0,0" hai="52,54,104,106,107" m="5675,25600,45577" machi="104" ten="50,16000,3" yaku="28,2,12,1,52,5,54,1" doraHai="11,50" who="0" fromWho="2" sc="191,160,329,0,250,-160,230,0" /><INIT seed="3,0,0,1,5,135" ten="351,329,90,230" oya="3" hai0="113,125,67,124,71,105,96,72,97,51,107,78,10" hai1="19,102,111,17,65,12,16,34,89,133,127,31,94" hai2="86,47,23,55,119,60,98,68,7,32,44,3,103" hai3="28,92,114,69,11,117,128,64,53,37,62,41,109" shuffle="mt19937ar,A95B0481,95497C73,DD88E6EE,EF005B11,30377443,1350C000,0F101EAA,D2EFF0C7"/><W30/><G114/><T38/><D38/><U24/><E102/><V42/><F119/><W82/><G117/><T25/><D113/><U33/><E65/><V99/><F32/><N who="1" m="12393" /><E89/><V95/><F86/><W29/><G128/><T85/><D72/><U104/><E94/><V84/><F84/><W75/><G109/><T20/><D51/><U6/><E104/><V59/><F98/><W116/><G116/><T132/><D78/><U43/><E43/><V88/><F103/><W21/><G92/><T80/><D80/><U100/><E100/><V48/><F47/><W106/><G106/><T93/><D85/><U134/><E111/><V49/><F3/><W35/><G82/><T40/><D40/><U5/><E12/><V57/><F68/><W45/><G35/><T18/><D71/><U74/><E74/><V56/><F7/><N who="1" m="2569" /><E127/><N who="0" m="48713" /><D67/><U46/><E46/><V115/><F48/><W63/><G75/><T52/><D97/><U101/><E101/><V77/><F77/><W8/><G63/><T122/><D96/><U123/><E123/><V130/><F130/><W126/><G126/><T90/><D90/><U112/><E112/><V22/><F115/><W2/><G2/><T70/><D70/><U50/><E50/><V0/><F0/><W83/><G83/><T26/><D93/><U66/><E66/><V13/><F13/><W108/><G108/><T129/><D129/><U73/><E73/><V1/><F1/><W54/><G54/><T81/><D105/><U121/><E121/><V39/><F49/><W58/><G69/><T36/><D107/><U79/><E79/><RYUUKYOKU ba="0,0" sc="351,-15,329,15,90,15,230,-15" hai1="16,17,19,24,31,133,134" hai2="22,23,39,42,44,55,56,57,59,60,88,95,99" owari="336,9,344,33,105,-29,215,-13" /></mjloggm>