<mjloggm ver="2.3"><GO type="225"/><UN n0="%23%37%34%E5%A4%A7%E6%B2%BB%E9%83%8E" n1="%41%6D%41" n2="%E3%81%BF%E3%81%A3%E3%81%A4%E3%81%83%EF%BD%9E" n3="%E5%AF%82%E5%A4%9C%E9%9C%BD%E6%9C%88" dan="16,16,17,16" rate="2069,2039,2162,2009" sx="M,M,F,M"/><TAIKYOKU oya="0"/><INIT seed="0,0,0,0,5,21" ten="250,250,250,250" oya="0" hai0="122,12,131,18,46,104,57,80,1,74,37,70,38" hai1="123,113,54,64,95,124,69,27,45,15,77,88,86" hai2="63,135,11,110,20,128,84,90,59,121,105,93,35" hai3="10,39,44,100,23,28,67,125,49,116,8,101,127" shuffle="mt19937ar,E56FA231,30C87729,244BC2B8,70DCF730,40EDA7BF,C89DE09C,3F20918F,97E627A1"/><T4/><D70/><U32/><E123/><V83/><F35/><W107/><G39/><T103/><D122/><U25/><E124/><N who="3" m="47690" /><G67/><T130/><D4/><U126/><E126/><V55/><F105/><W62/><G62/><T41/><D1/><U132/><E132/><V17/><F135/><W134/><G116/><T66/><D37/><U115/><E32/><V43/><F121/><W24/><G134/><T5/><D5/><U118/><E118/><V85/><F110/><W48/><G48/><T14/><D66/><U56/><E45/><V112/><F112/><N who="1" m="43081" /><E15/><V51/><F128/><N who="0" m="49194" /><D57/><U133/><E133/><V3/><F3/><W65/><G65/><T119/><D119/><U120/><E120/><V52/><F43/><N who="3" m="24735" /><G107/><T29/><D104/><U71/><E71/><V60/><F55/><W6/><G8/><T89/><D38/><U61/><E77/><N who="2" m="46191" /><F11/><W114/><G114/><T16/><D41/><U72/><E72/><V92/><F93/><W98/><G98/><T7/><D74/><U40/><E40/><V102/><F102/><W94/><G94/><T108/><D103/><U78/><E78/><V91/><F90/><W99/><G99/><T34/><D108/><U106/><E106/><V33/><F33/><W31/><G101/><T0/><D34/><U9/><E9/><V2/><F2/><N who="3" m="343" /><G100/><T47/><D0/><U58/><E69/><V75/><F75/><W22/><G22/><T129/><D129/><U53/><E64/><V97/><F97/><W82/><G82/><T36/><D80/><U68/><E68/><V42/><F42/><W96/><G96/><RYUUKYOKU ba="0,0" sc="250,-30,250,10,250,10,250,10" hai1="25,27,53,54,56,58,61,86,88,95" hai2="17,20,51,52,59,60,63,85,91,92" hai3="23,24,28,31" /><INIT seed="1,1,0,1,3,97" ten="220,260,260,260" oya="1" hai0="134,58,52,79,40,32,129,91,89,35,22,84,117" hai1="4,131,95,11,76,98,26,115,39,128,92,47,19" hai2="23,2,33,109,6,34,127,27,121,21,66,123,42" hai3="132,93,41,102,77,94,48,120,81,46,101,51,29" shuffle="mt19937ar,FAF648CF,EE1BCFF0,6DFAFCDB,3C06A325,B9B919B1,9C77B5A9,EFB21425,16275C8F"/><U103/><E115/><V71/><F42/><W113/><G113/><T30/><D117/><U104/><E76/><V80/><F66/><W69/><G69/><T14/><D134/><U124/><E124/><V56/><F56/><W25/><G132/><T111/><D111/><U36/><E19/><N who="2" m="12735" /><F71/><W99/><G120/><N who="2" m="46153" /><F80/><W118/><G118/><T110/><D110/><U82/><E82/><V37/><F37/><N who="1" m="14409" /><E26/><V100/><F100/><W85/><G51/><T63/><D129/><N who="1" m="49739" /><E47/><V130/><F130/><W133/><G133/><T72/><D72/><U125/><E125/><V106/><F106/><W126/><G126/><T31/><D40/><U78/><E78/><V16/><F127/><W70/><G70/><T57/><D35/><U55/><E55/><V10/><F109/><W12/><G12/><AGARI ba="1,0" hai="4,11,12,92,95,98,103,104" m="49739,14409" machi="12" ten="30,2900,0" yaku="19,1,52,1" doraHai="97" who="1" fromWho="3" sc="220,0,260,32,260,0,260,-32" /><AGARI ba="1,0" hai="2,6,10,12,16,23,33,34" m="46153,12735" machi="12" ten="30,3900,0" yaku="34,2,54,1" doraHai="97" who="2" fromWho="3" sc="220,0,292,0,260,39,228,-39" /><INIT seed="1,2,0,2,2,46" ten="220,292,299,189" oya="1" hai0="88,24,69,124,95,74,61,58,49,25,80,98,86" hai1="0,51,71,91,21,30,128,67,55,79,60,2,117" hai2="32,35,82,28,64,16,12,63,33,22,126,4,53" hai3="73,116,130,20,15,113,99,123,31,38,34,76,78" shuffle="mt19937ar,7061E220,00DE9B04,697009AB,11320EFE,8ACB9EA0,2573B673,94C8A51F,257485CA"/><U83/><E117/><V102/><F126/><W50/><G116/><T13/><D124/><U43/><E91/><V108/><F108/><W65/><G38/><T120/><D120/><U8/><E128/><V48/><F102/><W133/><G123/><T103/><D69/><U77/><E43/><V11/><F28/><W47/><G113/><T7/><D74/><U27/><E8/><V68/><F82/><W40/><G130/><T100/><D100/><U132/><E132/><V97/><F97/><W112/><G112/><T14/><D49/><U42/><E42/><V87/><F87/><W127/><G127/><T37/><D37/><U10/><E10/><V119/><F119/><W59/><G133/><T105/><D105/><U85/><REACH who="1" step="1"/><E77/><REACH who="1" step="2"/><V115/><F115/><W89/><G78/><T17/><D7/><U118/><E118/><V122/><F122/><W109/><G89/><T125/><D125/><U57/><AGARI ba="2,1" hai="0,2,21,27,30,51,55,57,60,67,71,79,83,85" machi="57" ten="20,7800,0" yaku="1,1,0,1,7,1,52,1,53,0" doraHai="46" doraHaiUra="106" who="1" fromWho="1" sc="220,-28,282,94,299,-28,189,-28" /><INIT seed="1,3,0,4,3,65" ten="192,376,271,161" oya="1" hai0="125,73,85,38,62,70,29,17,133,15,30,127,106" hai1="113,57,2,40,8,124,95,14,56,108,134,76,31" hai2="64,42,60,72,112,6,28,61,86,114,115,123,24" hai3="22,50,10,118,11,27,4,117,102,3,41,91,54" shuffle="mt19937ar,06A2B8A5,05A4C28A,AB6FB5AA,1440F811,EE85FF42,45639E5D,C2BC8CC7,94E4A4F6"/><U39/><E113/><V101/><F72/><W111/><G111/><T75/><D38/><U122/><E122/><V67/><F123/><W92/><G102/><T46/><D106/><U25/><E2/><V35/><F101/><W83/><G41/><T49/><D133/><U80/><E134/><V77/><F42/><W119/><G83/><T9/><D85/><U53/><E124/><N who="0" m="47689" /><D73/><U84/><E108/><V104/><F104/><W121/><G121/><T7/><D75/><U107/><E107/><V131/><F131/><W23/><G11/><T66/><D7/><U68/><E84/><V69/><F6/><W129/><G129/><T96/><D96/><U13/><E95/><V100/><F100/><W20/><G27/><T132/><D132/><U126/><E25/><V88/><F77/><W90/><REACH who="3" step="1"/><G92/><REACH who="3" step="2"/><T82/><D82/><U105/><E80/><V12/><F115/><W78/><G78/><T89/><D89/><U16/><E76/><V0/><F114/><W36/><G36/><T128/><D128/><U103/><E39/><V79/><F112/><W120/><G120/><T48/><D48/><U18/><E126/><V37/><F79/><W87/><G87/><T98/><D98/><U109/><E109/><V45/><F88/><W34/><G34/><T135/><D135/><U63/><E103/><V110/><F110/><W21/><N who="3" m="5120" /><DORA hai="71" /><W32/><G32/><T44/><D44/><AGARI ba="3,1" hai="3,4,10,44,50,54,90,91,117,118,119" m="5120" machi="44" ten="60,12000,2" yaku="1,1,12,1,53,4" doraHai="65,71" doraHaiUra="55,19" who="3" fromWho="0" sc="192,-129,376,0,271,0,151,139" /><INIT seed="2,0,0,5,5,84" ten="63,376,271,290" oya="2" hai0="116,50,38,41,20,96,49,64,130,39,35,27,81" hai1="87,42,114,111,52,33,12,110,101,59,9,29,118" hai2="4,8,70,91,5,109,55,94,56,93,104,67,21" hai3="117,37,107,78,134,19,32,119,66,58,122,103,76" shuffle="mt19937ar,7368C64B,F9EC84DD,04DCBE8E,DBB75A04,BE49F834,EB00A916,18523BFF,C7407EC6"/><V75/><F104/><W63/><G122/><T31/><D130/><U26/><E114/><V120/><F75/><W53/><G32/><T10/><D116/><U80/><E42/><V43/><F120/><W7/><G7/><T22/><D64/><U34/><E101/><V132/><F43/><W68/><G134/><T100/><D10/><U115/><E34/><V30/><F132/><W127/><G127/><T14/><D35/><U65/><E65/><V3/><F5/><W51/><G19/><T18/><D81/><U123/><E115/><V24/><F94/><W62/><G62/><T69/><D69/><U108/><E118/><V71/><F67/><W128/><G128/><T88/><D100/><U48/><E123/><V1/><F3/><W15/><G117/><T40/><D39/><U86/><E80/><V95/><F95/><W85/><G119/><T46/><REACH who="0" step="1"/><D40/><REACH who="0" step="2"/><U131/><E131/><V57/><F71/><W126/><G37/><T17/><D17/><AGARI ba="0,1" hai="9,12,17,26,29,33,48,52,59,86,87,108,110,111" machi="17" ten="40,2600,0" yaku="14,1,54,1" doraHai="84" who="1" fromWho="0" sc="53,-26,376,36,271,0,290,0" /><INIT seed="3,0,0,0,1,108" ten="27,412,271,290" oya="3" hai0="59,20,119,53,93,76,43,69,5,122,23,102,109" hai1="18,118,127,92,30,54,27,7,50,113,107,15,10" hai2="84,73,100,131,12,89,34,48,55,58,125,83,94" hai3="82,114,128,87,45,21,40,121,129,133,134,70,46" shuffle="mt19937ar,AAB0C44A,F044A4C8,9D80CF4D,6F739193,F243E641,75A4E96B,7959BD56,5843524D"/><W104/><G121/><T9/><D122/><U112/><E107/><V77/><F34/><W28/><G104/><T111/><D76/><U64/><E64/><V97/><F131/><N who="3" m="50251" /><G70/><T56/><D69/><U103/><E127/><V57/><F125/><W13/><G114/><T120/><D120/><U81/><E118/><V51/><F12/><W95/><G95/><T6/><D93/><U65/><E65/><V11/><F11/><W49/><G46/><T25/><D9/><U33/><E81/><V101/><REACH who="2" step="1"/><F73/><REACH who="2" step="2"/><W106/><G106/><T98/><D119/><U116/><E116/><V67/><F67/><W117/><G117/><T123/><D123/><U31/><E10/><V88/><F88/><N who="3" m="51319" /><G13/><T3/><D102/><U62/><E103/><V71/><F71/><W99/><G99/><T26/><D98/><U36/><E15/><V16/><F16/><W75/><G75/><T61/><D43/><U132/><E18/><V44/><F44/><W130/><G130/><T22/><D22/><U74/><E74/><V19/><F19/><W68/><G68/><T29/><D29/><U86/><E31/><V72/><F72/><W52/><G40/><T124/><D124/><U1/><E33/><V78/><F78/><W115/><G115/><T63/><D53/><AGARI ba="0,1" hai="48,51,53,55,57,58,77,83,84,89,94,97,100,101" machi="53" ten="40,5200,0" yaku="1,1,9,1,8,1,53,0" doraHai="108" doraHaiUra="32" who="2" fromWho="0" sc="27,-52,412,0,261,62,290,0" owari="-25,-43,412,42,323,7,290,-6" /></mjloggm>