<mjloggm ver="2.3"><GO type="225"/><UN n0="%52%65%64%4D%61%67%69%63" n1="%E6%A1%9C%E8%8A%B1%E9%96%83%E3%80%85" n2="%E2%98%85%E3%83%A6%E3%83%94%E3%83%86%E3%83%AB%E2%98%85" n3="%E9%9B%81%E7%BA%8F" dan="16,16,17,16" rate="2038,2031,2085,2054" sx="M,M,M,M"/><TAIKYOKU oya="0"/><INIT seed="0,0,0,1,3,77" ten="250,250,250,250" oya="0" hai0="126,38,35,108,59,76,106,132,93,69,63,131,65" hai1="134,51,62,39,37,49,6,128,96,33,58,90,9" hai2="107,60,86,29,72,85,41,135,101,44,99,71,22" hai3="91,124,79,111,13,54,43,67,133,68,121,8,114" shuffle="mt19937ar,9486B985,E837FAAE,BFA7CA5C,A7C95A67,0197872D,09ADE27A,19B84313,88AF2103"/><T55/><D35/><U78/><E33/><V4/><F72/><W27/><G114/><T105/><D38/><U50/><E134/><V110/><F135/><W115/><G115/><T20/><D132/><U3/><E128/><V40/><F110/><W130/><G130/><T97/><D131/><U14/><E78/><V116/><F116/><W73/><G133/><T2/><D2/><U16/><E96/><V118/><F118/><W103/><G103/><T120/><D120/><U28/><E28/><V46/><F4/><W21/><G111/><T80/><D20/><U11/><REACH who="1" step="1"/><E90/><REACH who="1" step="2"/><V117/><F117/><W92/><G91/><T53/><D108/><U15/><E15/><V74/><F99/><W70/><G79/><T61/><D126/><U95/><E95/><V7/><F29/><W36/><G124/><T48/><D93/><U1/><E1/><V125/><F125/><W34/><G92/><T19/><D97/><U88/><E88/><V113/><F113/><W32/><G34/><T25/><D25/><U112/><E112/><V94/><F94/><W12/><G32/><T0/><D0/><U64/><AGARI ba="0,1" hai="3,6,9,11,14,16,37,39,49,50,51,58,62,64" machi="64" ten="30,4000,0" yaku="1,1,0,1,54,1,53,0" doraHai="77" doraHaiUra="81" who="1" fromWho="1" sc="250,-20,240,50,250,-10,250,-10" /><INIT seed="1,0,0,5,4,9" ten="230,290,240,240" oya="1" hai0="62,77,96,4,38,133,55,36,106,3,113,123,132" hai1="29,60,52,72,49,81,1,97,19,78,102,105,127" hai2="92,34,37,116,134,66,35,13,101,79,54,69,23" hai3="75,26,104,120,24,103,53,121,40,114,44,63,5" shuffle="mt19937ar,2B185823,4F9AD526,5751FE25,0B209ED0,17CCB9FD,7B070559,103723AF,3576C7F9"/><U125/><E1/><V18/><F37/><W131/><G114/><T128/><D113/><U93/><E29/><V98/><F116/><W14/><G75/><T17/><D128/><U85/><E60/><V10/><F134/><N who="0" m="51818" /><D123/><U82/><E19/><V8/><F79/><W109/><G131/><T7/><D77/><U50/><E82/><V90/><F10/><W88/><G121/><T58/><D17/><U11/><E11/><V61/><F54/><W95/><G120/><T39/><D3/><U65/><E65/><V59/><F69/><W22/><G109/><T111/><D111/><U99/><E72/><V118/><F118/><W32/><G32/><T112/><D112/><U115/><E115/><V124/><F124/><N who="1" m="47689" /><E52/><V84/><REACH who="2" step="1"/><F8/><REACH who="2" step="2"/><N who="3" m="4367" /><G53/><T76/><D76/><U48/><E99/><V6/><F6/><N who="0" m="2090" /><D96/><U117/><E117/><V42/><F42/><W64/><G40/><T20/><D55/><U51/><E51/><V31/><F31/><W56/><G64/><T74/><D38/><U27/><E105/><AGARI ba="0,1" hai="13,18,23,34,35,59,61,66,84,90,92,98,101,105" machi="105" ten="30,3900,0" yaku="1,1,7,1,52,1,53,0" doraHai="9" doraHaiUra="43" who="2" fromWho="1" sc="230,0,290,-39,230,49,240,0" /><INIT seed="2,0,0,1,0,59" ten="230,251,279,240" oya="2" hai0="134,87,67,99,13,105,14,100,70,62,120,63,81" hai1="93,60,40,116,4,48,36,69,9,94,110,38,25" hai2="32,112,104,109,108,39,52,35,15,74,102,71,47" hai3="122,121,2,79,89,103,18,77,54,82,98,21,55" shuffle="mt19937ar,44CBBD35,9C4E55E0,7F20BF24,33284F2D,47A156EC,0FBC5ACB,BBFE483A,EAB96B86"/><V68/><F74/><W123/><G2/><T111/><D120/><U66/><E116/><V45/><F112/><W53/><G89/><T61/><D111/><N who="2" m="42570" /><F15/><W64/><G64/><T96/><D96/><U119/><E110/><V124/><F124/><W75/><G77/><T7/><D134/><U95/><E119/><V80/><F80/><W42/><G42/><T11/><D14/><U28/><E48/><N who="2" m="28687" /><F102/><W86/><G75/><T129/><D129/><U118/><E118/><V51/><F39/><W106/><REACH who="3" step="1"/><G123/><REACH who="3" step="2"/><T19/><REACH who="0" step="1"/><D7/><REACH who="0" step="2"/><U117/><E117/><V78/><F78/><AGARI ba="0,2" hai="11,13,19,61,62,63,67,70,78,81,87,99,100,105" machi="78" ten="30,12000,2" yaku="1,1,2,1,7,1,52,3,53,0" doraHai="59" doraHaiUra="114" who="0" fromWho="2" sc="220,140,251,0,279,-120,230,0" /><INIT seed="3,0,0,0,5,11" ten="360,251,159,230" oya="3" hai0="24,75,63,12,124,97,41,132,48,50,9,18,19" hai1="134,2,92,84,79,4,17,90,89,14,27,34,91" hai2="105,43,58,52,73,85,125,121,37,76,10,116,87" hai3="74,104,23,80,122,21,103,29,94,98,106,7,114" shuffle="mt19937ar,9858ED49,44CFEC09,4241019B,E94C7224,EACDE71A,D44678DA,A2435B8B,0BAD632F"/><W16/><G114/><T70/><D75/><U33/><E134/><V96/><F116/><W6/><G122/><T72/><D132/><U32/><E79/><V26/><F121/><W44/><G104/><T123/><D72/><U99/><E2/><V39/><F125/><W46/><G106/><T57/><D70/><U40/><E40/><V117/><F117/><W127/><G127/><T86/><D123/><U51/><E51/><V115/><F115/><W15/><G74/><T78/><D97/><U129/><E129/><V110/><F110/><W130/><G130/><T77/><D41/><U120/><E120/><V65/><F65/><W55/><G80/><T3/><D3/><U118/><E118/><V81/><F26/><N who="3" m="16607" /><G55/><T5/><D124/><U107/><E4/><AGARI ba="0,0" hai="4,6,7,15,16,21,44,46,94,98,103" m="16607" machi="4" ten="30,5800,0" yaku="8,1,52,1,54,1" doraHai="11" who="3" fromWho="1" sc="360,0,251,-58,159,0,230,58" /><INIT seed="3,1,0,4,0,4" ten="360,193,159,288" oya="3" hai0="15,5,100,70,31,19,93,20,85,71,74,51,107" hai1="60,116,27,103,26,3,127,17,126,131,12,111,61" hai2="72,132,45,66,134,6,58,24,43,2,88,120,22" hai3="96,90,82,98,95,119,112,53,32,52,129,94,23" shuffle="mt19937ar,7B278B0F,F8348397,1791230E,1753DA47,FC6E622F,09D77B16,80233B5C,46DCB08F"/><W35/><G112/><T55/><D74/><U33/><E3/><V0/><F72/><W87/><G119/><T29/><D107/><U64/><E111/><V89/><F120/><W121/><G121/><T102/><D71/><U38/><E38/><N who="2" m="21751" /><F58/><W84/><G129/><T118/><D70/><U21/><E131/><V83/><F66/><W44/><G44/><N who="0" m="28135" /><D5/><U1/><E1/><V36/><F36/><W81/><G23/><T50/><D50/><U123/><E123/><V113/><F113/><W108/><REACH who="3" step="1"/><G90/><REACH who="3" step="2"/><N who="0" m="53455" /><D118/><U75/><E116/><V49/><F89/><W86/><G86/><T106/><D106/><U40/><E75/><V37/><F37/><W25/><G25/><T135/><D135/><N who="2" m="51754" /><F49/><W41/><G41/><T42/><D42/><U34/><E40/><V54/><F54/><W117/><G117/><T110/><D110/><AGARI ba="1,1" hai="32,35,52,53,81,82,84,87,94,95,96,98,108,110" machi="110" ten="25,18000,2" yaku="1,1,22,2,54,1,53,2" doraHai="4" doraHaiUra="77" who="3" fromWho="0" sc="360,-183,193,0,159,0,278,193" owari="177,-17,193,-6,159,-24,471,47" /></mjloggm>