<mjloggm ver="2.3"><GO type="225"/><UN n0="%E9%9B%AA%E5%9B%BD%E8%82%B2%E3%81%A1" n1="%E3%83%81%E3%83%A3%E3%82%AA%E3%83%AA" n2="%E3%81%BE%E3%82%8D%E3%81%B0%E3%81%97" n3="%E3%81%BF%E3%81%A3%E3%81%A4%E3%81%83%EF%BD%9E" dan="17,17,17,17" rate="2065,2101,2103,2183" sx="M,M,M,F"/><TAIKYOKU oya="0"/><INIT seed="0,0,0,2,3,94" ten="250,250,250,250" oya="0" hai0="93,17,19,55,66,42,31,65,56,15,2,115,40" hai1="25,119,1,34,9,113,4,80,118,116,29,122,99" hai2="41,86,58,67,95,62,111,85,16,21,131,112,83" hai3="103,73,88,124,37,91,96,38,49,76,77,35,134" shuffle="mt19937ar,70E7E5A5,9F96369E,4A59732E,50905B62,6F352FDF,2A7187DE,0625211E,AF293D08"/><T27/><D115/><U84/><E122/><V52/><F112/><W133/><G35/><T92/><D2/><U51/><E113/><V109/><F131/><W20/><G20/><N who="0" m="15847" /><D40/><U98/><REACH who="1" step="1"/><E51/><REACH who="1" step="2"/><V13/><F41/><W132/><G49/><N who="0" m="30831" /><D42/><U57/><E57/><V101/><F111/><W18/><G133/><T54/><D54/><U33/><E33/><V28/><F109/><W11/><G134/><T105/><D105/><U123/><E123/><V68/><F68/><W53/><G132/><T45/><D45/><U50/><E50/><V108/><F108/><W82/><G53/><T104/><D104/><U70/><E70/><V47/><F47/><W128/><G38/><T8/><D66/><U125/><E125/><V100/><F67/><W120/><G124/><T97/><D65/><U46/><E46/><V102/><F58/><W117/><G37/><T7/><D93/><U39/><E39/><V5/><F95/><W74/><G120/><T24/><D24/><U87/><E87/><V75/><F86/><W3/><G74/><T78/><D78/><AGARI ba="0,1" hai="1,4,9,25,29,34,78,80,84,98,99,116,118,119" machi="78" ten="40,5200,0" yaku="1,1,52,2,53,0" doraHai="94" doraHaiUra="48" who="1" fromWho="0" sc="250,-52,240,62,250,0,250,0" /><INIT seed="1,0,0,3,4,105" ten="198,302,250,250" oya="1" hai0="112,90,39,76,118,115,86,78,13,52,61,96,43" hai1="17,59,134,70,120,121,81,38,94,49,35,73,42" hai2="26,124,40,74,18,48,63,34,7,117,71,11,54" hai3="107,33,102,58,101,14,16,108,79,1,27,125,123" shuffle="mt19937ar,104C639D,F70FB88D,68A89AE4,5DB691FD,071CB4A3,15EBE795,A8720827,FA7C6B46"/><U92/><E35/><V128/><F117/><W129/><G1/><T80/><D118/><U45/><E134/><V37/><F128/><W5/><G129/><T82/><D43/><U93/><E70/><V85/><F124/><W22/><G123/><T44/><D39/><U97/><E97/><V106/><F106/><W95/><G107/><T109/><D109/><U110/><E110/><V113/><F113/><W47/><G108/><T87/><D13/><U98/><E98/><V111/><F111/><W66/><G125/><T130/><D130/><U30/><E17/><V114/><F37/><W10/><G33/><T77/><D77/><U50/><E30/><V32/><F40/><W29/><G47/><T23/><D23/><U126/><E126/><V25/><F114/><W53/><G66/><T56/><D44/><U19/><E19/><V135/><F18/><W84/><G29/><T127/><D127/><U122/><REACH who="1" step="1"/><E59/><REACH who="1" step="2"/><V55/><F135/><W69/><G69/><T20/><REACH who="0" step="1"/><D20/><REACH who="0" step="2"/><U91/><E91/><V15/><F34/><W28/><G22/><T103/><D103/><U2/><E2/><V99/><F32/><W62/><G102/><T31/><D31/><U9/><E9/><V68/><F11/><W60/><G101/><T4/><D4/><U104/><E104/><V6/><F6/><W88/><G5/><T89/><D89/><U41/><E41/><V65/><F7/><W21/><G28/><T131/><D131/><U36/><E36/><V133/><F133/><W132/><G132/><T67/><D67/><U51/><E51/><V116/><F48/><RYUUKYOKU ba="0,2" sc="188,15,292,15,250,-15,250,-15" hai0="52,56,61,76,78,80,82,86,87,90,96,112,115" hai1="38,42,45,49,50,73,81,92,93,94,120,121,122" /><INIT seed="1,1,2,4,4,112" ten="203,307,235,235" oya="1" hai0="68,108,102,86,65,13,6,18,3,113,127,133,24" hai1="105,134,53,72,85,75,119,22,83,98,129,80,104" hai2="43,0,2,48,33,114,27,29,121,42,90,44,76" hai3="71,70,15,20,36,84,32,110,59,11,54,31,30" shuffle="mt19937ar,128D7CA2,E8F4D3FF,8AAE6764,AECDE77A,B8E90BCF,5E875CCC,1867A0D0,1C52E476"/><U55/><E22/><V61/><F121/><W60/><G36/><T51/><D113/><U95/><E55/><V109/><F114/><W10/><G32/><T4/><D127/><U12/><E12/><V50/><F109/><W92/><G71/><T107/><D108/><U17/><E17/><V34/><F76/><W123/><G70/><T126/><D126/><U116/><E53/><V63/><F90/><N who="3" m="53319" /><G110/><T99/><D133/><U1/><E1/><V19/><F19/><N who="3" m="10367" /><G123/><T120/><D120/><U78/><E129/><V8/><F8/><AGARI ba="1,2" hai="8,10,11,30,31,54,59,60" m="10367,53319" machi="8" ten="30,1000,0" yaku="8,1" doraHai="112" who="3" fromWho="2" sc="203,0,307,0,235,-13,235,33" /><INIT seed="2,0,0,1,5,124" ten="203,307,222,268" oya="2" hai0="133,31,73,96,59,6,57,2,66,22,37,100,1" hai1="25,14,64,65,116,94,83,62,45,32,36,121,35" hai2="20,34,101,71,118,68,85,80,90,119,104,111,40" hai3="30,81,0,63,128,112,53,3,76,44,15,60,127" shuffle="mt19937ar,79D9E4D2,8F670D78,501CCA86,2B6C1051,42970EB3,2FF3415C,A95BC67B,6A724A88"/><V51/><F34/><W69/><G30/><T47/><D73/><U46/><E116/><V4/><F4/><W95/><G112/><T122/><D122/><U123/><E83/><V55/><F40/><W8/><G63/><T41/><D133/><U50/><E94/><V28/><F111/><W117/><G117/><T54/><D6/><U108/><E108/><V12/><F119/><W56/><G69/><T107/><D66/><U84/><E84/><V77/><F118/><W48/><G95/><T129/><D129/><U134/><E134/><V39/><F39/><W42/><G128/><T113/><D113/><U78/><E78/><V49/><F49/><W102/><G102/><T106/><D106/><U75/><E75/><V70/><F77/><W82/><G82/><T93/><D107/><U135/><E135/><V43/><F43/><W87/><REACH who="3" step="1"/><G127/><REACH who="3" step="2"/><T97/><D100/><U26/><E62/><V91/><F101/><W130/><G130/><T27/><D93/><U92/><E92/><V125/><F104/><W5/><AGARI ba="0,1" hai="0,3,5,8,15,42,44,48,53,56,60,76,81,87" machi="5" ten="20,8000,1" yaku="1,1,0,1,7,1,25,2,53,0" doraHai="124" doraHaiUra="88" who="3" fromWho="3" sc="203,-20,307,-20,222,-40,258,90" /><INIT seed="3,0,0,4,0,57" ten="183,287,182,348" oya="3" hai0="0,90,83,45,3,22,21,99,51,126,5,78,96" hai1="14,79,8,43,59,70,132,114,31,98,121,26,68" hai2="13,112,36,46,67,131,130,81,107,127,6,89,24" hai3="104,86,105,135,63,53,58,19,62,133,11,48,88" shuffle="mt19937ar,914852F0,6A4F5B75,ED761CDB,8F51A169,9897A1AB,33A5A8C1,A0ADAB8B,2FFFBE93"/><W108/><G105/><T32/><D32/><U84/><E114/><V25/><F112/><W17/><G104/><T76/><D126/><U113/><E113/><V80/><F127/><W102/><G102/><T41/><D3/><U128/><E121/><V125/><F125/><W20/><G11/><T9/><D78/><U115/><E115/><V110/><F107/><W123/><G123/><T91/><D91/><U16/><E98/><V34/><F67/><W28/><G28/><T60/><D60/><N who="3" m="23081" /><G108/><T94/><D99/><U77/><E59/><V65/><F65/><W54/><G54/><T4/><D4/><U69/><E43/><N who="2" m="22887" /><F110/><W49/><G49/><T129/><D129/><N who="2" m="49162" /><F89/><W118/><G118/><T117/><D117/><U1/><E128/><V47/><F47/><W52/><G53/><T55/><D55/><U93/><E1/><V18/><F6/><W74/><G74/><AGARI ba="0,0" hai="0,5,9,21,22,41,45,51,74,76,83,90,94,96" machi="74" ten="30,1000,0" yaku="7,1" doraHai="57" who="0" fromWho="3" sc="183,10,287,0,182,0,348,-10" owari="193,-16,287,4,182,-22,338,34" /></mjloggm>