<mjloggm ver="2.3"><GO type="225"/><UN n0="%E6%A1%9C%E4%BA%95%E3%82%A2%E3%82%BD%E3%82%B3" n1="%E3%82%88%E3%81%A3%E3%81%A1" n2="%E4%BA%8C%E4%B8%89%E8%B5%A4%E4%BA%94%EF%BC%94%EF%BC%96%EF%BC%98" n3="%45%56%41%4E%53%49%55" dan="16,16,16,16" rate="2047,2057,2083,2069" sx="M,M,M,M"/><TAIKYOKU oya="0"/><INIT seed="0,0,0,4,0,87" ten="250,250,250,250" oya="0" hai0="45,25,54,73,120,55,105,9,17,30,76,20,64" hai1="113,41,40,128,70,84,11,28,89,92,72,57,77" hai2="111,132,10,95,121,51,39,46,80,33,124,63,50" hai3="114,108,4,123,59,19,69,23,115,16,107,68,15" shuffle="mt19937ar,E5A63AF9,86D4FD33,5118E81C,B89D3CA0,6B739FB8,F3801714,A14F5D77,B2316DD3"/><T102/><D120/><U42/><E70/><V52/><F33/><W74/><G74/><T0/><D64/><U26/><E128/><V88/><F121/><W67/><G123/><T49/><D105/><U101/><E113/><V90/><F39/><W116/><G116/><T133/><D133/><U66/><E11/><V131/><F131/><W61/><G107/><T35/><D102/><U83/><E66/><V6/><F132/><W122/><G122/><T34/><D34/><U104/><E57/><N who="2" m="35239" /><F124/><W14/><G108/><T135/><D135/><U27/><REACH who="1" step="1"/><E28/><REACH who="1" step="2"/><V103/><F111/><W75/><G69/><T12/><D73/><U47/><E47/><V96/><F46/><W24/><G68/><T93/><D76/><U85/><E85/><N who="2" m="50215" /><F103/><W1/><G75/><T99/><D0/><U48/><E48/><V109/><F109/><W65/><G65/><T110/><D110/><U126/><E126/><V3/><F3/><W29/><G1/><T58/><D58/><U94/><E94/><V22/><F10/><N who="3" m="4423" /><G114/><T38/><D38/><U82/><E82/><V56/><F56/><W7/><G115/><T36/><D36/><U100/><E100/><V118/><F118/><W79/><G79/><T106/><D106/><U37/><E37/><V53/><F6/><W78/><G78/><T2/><D2/><U98/><AGARI ba="0,1" hai="26,27,40,41,42,72,77,83,84,89,92,98,101,104" machi="98" ten="30,8000,1" yaku="1,1,0,1,24,2,52,1,53,0" doraHai="87" doraHaiUra="18" who="1" fromWho="1" sc="250,-40,240,90,250,-20,250,-20" /><INIT seed="1,0,0,1,4,50" ten="210,330,230,230" oya="1" hai0="9,70,19,117,24,126,65,8,30,116,129,93,81" hai1="53,112,73,84,101,87,113,54,2,114,131,128,52" hai2="80,125,119,88,7,25,0,44,46,3,121,104,28" hai3="111,78,40,32,45,63,76,33,108,35,98,37,91" shuffle="mt19937ar,D872E1B3,DD8883B1,9E9216B4,A0544A33,CE84C0A6,1751F86F,19D9FE2B,87A77751"/><U99/><E73/><V89/><F119/><W23/><G23/><T133/><D70/><U11/><E11/><V55/><F104/><W14/><G14/><T122/><D65/><U1/><E87/><V103/><F121/><W58/><G98/><T134/><D81/><U61/><E61/><V115/><F115/><W64/><REACH who="3" step="1"/><G91/><REACH who="3" step="2"/><T105/><D105/><U49/><E84/><V69/><F88/><W67/><G67/><T38/><D38/><U41/><E41/><V92/><F89/><W118/><G118/><T12/><D93/><N who="1" m="58607" /><E49/><V47/><F92/><W124/><G124/><T123/><D126/><U102/><E102/><V59/><F103/><W79/><AGARI ba="0,1" hai="32,33,35,37,40,45,58,63,64,76,78,79,108,111" machi="79" ten="40,2700,0" yaku="1,1,0,1,53,0" doraHai="50" doraHaiUra="10" who="3" fromWho="3" sc="210,-7,330,-13,230,-7,220,37" /><INIT seed="2,0,0,4,0,35" ten="203,317,223,257" oya="2" hai0="5,95,36,130,29,113,3,124,91,62,65,110,17" hai1="30,4,85,90,67,83,89,112,66,121,63,119,33" hai2="12,25,88,34,109,105,42,96,38,1,31,135,53" hai3="122,103,11,60,79,21,20,80,59,86,134,92,18" shuffle="mt19937ar,178B7D20,CF69A945,C8DB319D,09098FAD,43AA0078,DEE57890,55E27ABC,394EF55E"/><V129/><F129/><W93/><G122/><T107/><D113/><U26/><E112/><V50/><F1/><W101/><G134/><T2/><D107/><U108/><E119/><V45/><F135/><W9/><G21/><T98/><D36/><U6/><E121/><V94/><F109/><W43/><G43/><T111/><D130/><U72/><E108/><N who="0" m="41513" /><D5/><U27/><E72/><V114/><F114/><W120/><G120/><T77/><D98/><U100/><E100/><N who="3" m="38474" /><G93/><T22/><D29/><U32/><E90/><V51/><F105/><W126/><G92/><T24/><D77/><U28/><REACH who="1" step="1"/><E67/><REACH who="1" step="2"/><V87/><F12/><N who="3" m="9287" /><G126/><T23/><D124/><U46/><E46/><V44/><REACH who="2" step="1"/><F38/><REACH who="2" step="2"/><W81/><G81/><T0/><D23/><U8/><E8/><V55/><F55/><AGARI ba="0,2" hai="9,11,55,59,60,79,80,86" m="9287,38474" machi="55" ten="30,1000,0" yaku="8,1" doraHai="35" who="3" fromWho="2" sc="203,0,307,0,213,-10,257,30" /><INIT seed="3,0,0,5,4,114" ten="203,307,203,287" oya="3" hai0="88,12,111,122,84,40,77,59,74,67,31,124,91" hai1="103,0,97,128,68,27,35,39,90,18,99,54,51" hai2="62,95,134,6,102,53,26,7,85,65,41,47,19" hai3="108,115,112,29,126,80,69,64,118,100,117,121,44" shuffle="mt19937ar,15588AB7,2AD16529,3D8034FC,E4713EDD,F5DFA204,AF8F71FE,DF4DF627,E1C58150"/><W49/><G100/><T92/><D122/><U56/><E39/><V24/><F134/><W98/><G98/><T76/><D111/><U17/><E0/><V32/><F32/><W104/><G104/><T23/><D124/><U130/><E68/><V16/><F41/><N who="3" m="24719" /><G29/><T78/><D74/><U120/><E120/><V36/><F36/><W105/><G105/><T60/><D40/><U79/><E79/><V119/><F119/><N who="3" m="45579" /><G80/><T13/><REACH who="0" step="1"/><D91/><REACH who="0" step="2"/><U50/><E90/><N who="2" m="53711" /><F102/><W25/><G121/><T70/><D70/><U42/><E42/><V63/><F65/><W82/><G126/><T87/><D87/><U58/><E103/><V135/><F135/><W48/><G108/><T132/><D132/><U28/><E99/><V107/><F107/><W21/><G64/><T2/><D2/><U4/><E97/><V3/><F3/><W125/><G69/><T38/><D38/><U66/><E66/><V123/><F123/><W73/><G125/><T11/><D11/><U71/><E71/><V22/><F62/><W34/><G73/><T10/><D10/><U57/><E54/><V5/><F63/><W96/><G96/><T43/><D43/><U20/><E51/><N who="2" m="28927" /><F19/><N who="3" m="12479" /><G48/><T129/><D129/><N who="1" m="49771" /><E50/><V33/><F33/><W101/><G101/><T15/><D15/><AGARI ba="0,1" hai="5,6,7,15,16,22,24,26" m="28927,53711" machi="15" ten="30,2000,0" yaku="8,1,54,1" doraHai="114" who="2" fromWho="0" sc="193,-20,307,0,203,30,287,0" owari="173,-23,307,31,233,-12,287,4" /></mjloggm>