<mjloggm ver="2.3"><GO type="185"/><UN n0="%E3%81%AA%E3%83%BC%E3%81%8B%E3%82%80" n1="%E7%A5%9E%E9%80%9F%E2%98%85%2E%63%6F%6D" n2="%EF%BC%BC%28%EF%BC%BE%6F%EF%BC%BE%29%EF%BC%8F%E2%98%85" n3="" dan="16,17,17,0" rate="2086,2186,2167,1500" sx="M,M,M,C"/><TAIKYOKU oya="0"/><INIT seed="0,0,0,3,5,63" ten="350,350,350,0" oya="0" hai0="85,78,100,67,131,86,118,107,36,91,46,96,39" hai1="116,119,129,2,53,106,105,43,103,47,102,68,56" hai2="70,115,58,88,128,73,71,84,72,98,77,134,95" hai3="" shuffle="mt19937ar,D03509BE,5E801AAF,593BEA25,E2D23A91,83D6998F,9D56A738,3EDCCCDA,9A1DBE78"/><T49/><D118/><U111/><E2/><V120/><N who="2" m="30752" /><V109/><F115/><T113/><D113/><U61/><E68/><V32/><F32/><T114/><D131/><U40/><E129/><V52/><F128/><T112/><D112/><U41/><E47/><V89/><F134/><T79/><D67/><U1/><E1/><V130/><F130/><T64/><D64/><U108/><E105/><V48/><F109/><N who="1" m="42057" /><E106/><V35/><F35/><T38/><D114/><U132/><E132/><V0/><F0/><T33/><D33/><U51/><E51/><V66/><F77/><T92/><REACH who="0" step="1"/><D86/><REACH who="0" step="2"/><U104/><E119/><V99/><F70/><T69/><D69/><U101/><E116/><V123/><N who="2" m="31520" /><V122/><N who="2" m="31264" /><V3/><F3/><T76/><D76/><U42/><E104/><V37/><F37/><T62/><D62/><U50/><N who="1" m="10240" /><DORA hai="57" /><U59/><E61/><V44/><F71/><T93/><D93/><U90/><E50/><V133/><F133/><T82/><D82/><U65/><E65/><V81/><F66/><T121/><N who="0" m="31008" /><T55/><AGARI ba="0,1" hai="36,38,39,46,49,55,78,79,85,91,92,96,100,107" m="31008" machi="55" ten="30,8000,1" yaku="1,1,4,1,0,1,52,1,53,1" doraHai="63,57" doraHaiUra="94,60" who="0" fromWho="0" sc="340,90,350,-40,350,-40,0,0" /><INIT seed="0,1,0,5,0,124" ten="430,310,310,0" oya="0" hai0="115,73,121,37,117,39,76,92,87,123,105,71,81" hai1="38,74,3,94,114,54,1,72,128,44,129,102,41" hai2="40,79,127,88,61,53,132,69,100,32,34,47,50" hai3="" shuffle="mt19937ar,1C0B4981,A07E5367,AEFFD0A5,E9A5E9F5,00B63612,5F0BABAC,6A58764B,DB4774AC"/><T64/><N who="0" m="31008" /><T46/><N who="0" m="31520" /><T120/><N who="0" m="30752" /><T96/><D115/><U113/><E54/><V104/><F127/><T134/><D117/><U89/><E102/><V42/><F132/><T45/><D134/><U95/><E89/><V57/><F69/><T122/><N who="0" m="31264" /><T90/><D64/><U91/><E91/><V86/><F79/><T135/><D71/><U0/><E94/><V62/><F62/><T133/><D133/><U126/><E95/><V119/><F119/><T125/><D125/><U80/><E126/><V70/><F70/><T98/><D135/><U112/><E80/><V111/><F42/><T85/><D85/><U110/><E110/><V35/><F111/><T130/><D130/><AGARI ba="1,0" hai="0,1,3,38,41,44,72,74,112,113,114,128,129,130" machi="130" ten="50,12000,2" yaku="11,1,19,1,23,2,52,3" doraHai="124" who="1" fromWho="0" sc="430,-122,310,122,310,0,0,0" /><INIT seed="1,0,0,3,1,54" ten="308,432,310,0" oya="1" hai0="44,72,78,85,40,119,45,51,90,133,38,126,53" hai1="77,86,128,82,55,113,1,43,88,32,76,67,61" hai2="131,98,106,37,57,102,93,103,107,2,71,56,108" hai3="" shuffle="mt19937ar,48A0C312,E95052D3,341E7EB3,0F8D5AB5,0800B71A,86F5604C,50273360,17944C79"/><U50/><E1/><V0/><F71/><T60/><D126/><U75/><E32/><V63/><F37/><T91/><D133/><U47/><E113/><V69/><F69/><T34/><D34/><U120/><N who="1" m="30752" /><U121/><N who="1" m="31008" /><U104/><E104/><V114/><F114/><T58/><D119/><U89/><E128/><V3/><F131/><T96/><D96/><U100/><E100/><V130/><F130/><T49/><D72/><U33/><E33/><V110/><F63/><T92/><D91/><U115/><E115/><V73/><F73/><T118/><D118/><U101/><E101/><V94/><F3/><T52/><D38/><U111/><E111/><V35/><F35/><T122/><N who="0" m="31264" /><T125/><D125/><U48/><E76/><AGARI ba="0,0" hai="40,44,45,49,51,52,53,58,60,76,78,85,90,92" m="31264" machi="76" ten="40,8000,1" yaku="8,1,52,2,54,1" doraHai="54" who="0" fromWho="1" sc="308,80,432,-80,310,0,0,0" /><INIT seed="2,0,0,2,0,79" ten="388,352,310,0" oya="2" hai0="107,124,95,36,135,115,105,47,119,86,111,75,2" hai1="0,98,61,65,99,45,73,54,91,58,103,44,81" hai2="66,100,3,1,68,131,114,76,74,77,60,130,122" hai3="" shuffle="mt19937ar,93ABD4E3,C019764E,7779F35C,886262A2,87269009,84182CFE,FBDEFC04,CED954F4"/><V92/><N who="2" m="31264" /><V83/><F114/><T52/><D75/><U37/><E0/><V126/><F126/><T39/><D2/><U42/><E103/><V56/><F77/><T59/><D119/><U55/><E73/><V70/><F3/><T108/><D135/><U129/><E129/><N who="2" m="49163" /><F1/><T38/><D47/><U63/><E54/><V82/><F82/><T71/><D71/><U62/><E45/><V40/><F40/><T90/><D115/><U128/><E128/><V50/><F50/><T69/><D69/><U33/><E33/><V121/><N who="2" m="31008" /><V67/><F66/><T64/><D64/><U134/><E134/><V85/><F85/><T113/><D113/><U127/><E127/><V125/><F125/><T106/><REACH who="0" step="1"/><D124/><REACH who="0" step="2"/><U78/><E65/><V51/><F51/><AGARI ba="0,1" hai="36,38,39,51,52,59,86,90,95,105,106,107,108,111" machi="51" ten="50,8000,1" yaku="1,1,2,1,54,1,53,1" doraHai="79" doraHaiUra="87" who="0" fromWho="2" sc="378,90,352,0,310,-80,0,0" /><INIT seed="4,0,0,2,2,128" ten="468,352,230,0" oya="0" hai0="127,79,53,104,111,120,33,98,110,118,45,57,113" hai1="38,89,47,2,102,34,87,67,41,36,70,40,88" hai2="54,66,0,68,131,65,85,94,115,50,59,62,71" hai3="" shuffle="mt19937ar,12A8F2D3,17F4363E,CF0A647A,DFECD33F,0144759D,6F0ABA5F,C7129D95,23D67186"/><T134/><N who="0" m="30752" /><T107/><D33/><U121/><N who="1" m="31008" /><U61/><E34/><V101/><F0/><T42/><D118/><U95/><E2/><V126/><F115/><T130/><D130/><U109/><E109/><V81/><F131/><T112/><D79/><U123/><N who="1" m="31520" /><U125/><E125/><V48/><F126/><T105/><D98/><U76/><E102/><V35/><F35/><T39/><D134/><U86/><E76/><V77/><F50/><T93/><D93/><U108/><E108/><N who="0" m="41513" /><D127/><U55/><E55/><V135/><F135/><T46/><D46/><U83/><E41/><V92/><F101/><T119/><D119/><U63/><E61/><AGARI ba="0,0" hai="48,54,59,61,62,65,66,68,71,77,81,85,92,94" machi="61" ten="40,1300,0" yaku="9,1" doraHai="128" who="2" fromWho="1" sc="468,0,352,-13,230,13,0,0" /><AGARI ba="0,0" hai="39,42,45,53,57,61,104,105,107,112,113" m="41513,30752" machi="61" ten="40,3900,0" yaku="10,1,52,1" doraHai="128" who="0" fromWho="1" sc="468,39,339,-39,243,0,0,0" /><INIT seed="4,1,0,4,1,99" ten="507,300,243,0" oya="0" hai0="107,70,80,81,76,135,39,38,121,104,59,87,68" hai1="117,84,93,37,43,63,69,101,49,105,3,50,114" hai2="89,85,128,60,86,97,75,58,57,34,35,115,131" hai3="" shuffle="mt19937ar,7EA6403F,6B5E59D0,73318822,8028B205,1BD28857,6BE746C4,32498C63,D6D6282C"/><T112/><N who="0" m="31008" /><T48/><D135/><U133/><E133/><V118/><F75/><T124/><D112/><U51/><E3/><V92/><F115/><T96/><D124/><U55/><E114/><V126/><F126/><T78/><D59/><U95/><E117/><V62/><F97/><T71/><D48/><U94/><E84/><V130/><F118/><T82/><D87/><U0/><E0/><V54/><REACH who="2" step="1"/><F86/><REACH who="2" step="2"/><T120/><N who="0" m="30752" /><T45/><D96/><U52/><E105/><N who="0" m="40521" /><D45/><U61/><E101/><V83/><F83/><T64/><D64/><AGARI ba="1,1" hai="34,35,54,57,58,60,62,64,85,89,92,128,130,131" machi="64" ten="40,2600,0" yaku="1,1,19,1,53,0" doraHai="99" doraHaiUra="102" who="2" fromWho="0" sc="507,-28,300,0,233,38,0,0" /><INIT seed="5,0,0,4,3,61" ten="479,300,271,0" oya="1" hai0="97,79,0,59,56,81,111,95,74,106,46,34,50" hai1="131,91,104,113,78,96,98,77,83,54,99,40,100" hai2="3,72,102,57,64,118,122,58,67,37,121,48,2" hai3="" shuffle="mt19937ar,8BC19A99,6AB8C8E2,581E90B5,685FC8A5,DE915215,A82F04A8,8BA61DEE,698AD69B"/><U63/><E131/><V129/><N who="2" m="31008" /><V53/><N who="2" m="31264" /><V85/><F72/><T130/><D34/><U127/><E127/><V134/><F118/><T125/><D0/><U80/><E40/><V94/><F129/><T110/><D130/><U115/><E54/><V107/><F37/><T66/><D106/><U70/><E91/><V90/><F134/><T114/><D114/><N who="1" m="43531" /><E63/><V135/><F135/><T43/><D125/><U108/><E108/><V51/><F107/><T133/><D133/><U1/><E70/><V123/><N who="2" m="31520" /><V93/><F3/><T124/><D124/><U44/><E44/><V32/><F2/><T60/><D59/><U120/><N who="1" m="30752" /><U128/><E128/><V73/><F32/><T101/><AGARI ba="0,0" hai="43,46,50,56,60,66,74,79,81,95,97,101,110,111" machi="101" ten="20,2000,0" yaku="0,1,7,1,52,1" doraHai="61" who="0" fromWho="0" sc="479,20,300,-13,271,-7,0,0" /><INIT seed="6,0,0,0,5,90" ten="499,287,264,0" oya="2" hai0="106,61,71,85,52,79,131,55,103,49,42,47,134" hai1="112,59,98,88,115,102,32,70,128,117,82,86,38" hai2="50,75,33,48,120,1,37,78,72,58,130,119,2" hai3="" shuffle="mt19937ar,3A8C6A56,9A6FA67E,921C6D46,B1507B51,BFAC70BE,0864AEB3,16B1E33A,9FC2854B"/><V116/><N who="2" m="30752" /><V68/><F33/><T65/><D131/><U62/><E128/><V124/><F130/><T35/><D35/><U129/><E129/><V51/><F68/><T105/><D134/><U69/><E38/><V46/><F58/><T99/><D106/><U43/><E43/><V127/><F46/><T83/><AGARI ba="0,0" hai="42,47,49,52,55,61,65,71,79,83,85,99,103,105" machi="83" ten="30,1500,0" yaku="0,1,54,1" doraHai="90" who="0" fromWho="0" sc="499,15,287,-5,264,-10,0,0" owari="514,47,282,-12,254,-35,0,0" /></mjloggm>