<mjloggm ver="2.3"><GO type="185"/><UN n0="%E3%81%A8%E3%81%84%E3%81%A4%E3%81%BE%E3%81%99%E3%81%9F%E3%81%81%E2%99%AA" n1="%E3%83%9B%E3%83%AA%E3%83%B1%E3%83%95%E3%83%9F%E3%82%AA" n2="%E2%98%85%E3%83%A6%E3%83%94%E3%83%86%E3%83%AB%E2%98%85" n3="" dan="16,16,18,0" rate="2136,2161,2254,1500" sx="M,M,M,C"/><TAIKYOKU oya="0"/><INIT seed="0,0,0,4,5,116" ten="350,350,350,0" oya="0" hai0="121,133,131,87,64,96,65,67,80,112,94,124,49" hai1="63,75,130,92,85,72,123,100,119,41,127,103,58" hai2="2,54,45,47,52,38,104,90,83,107,37,97,126" hai3="" shuffle="mt19937ar,DD08F243,509EFA47,3F867F0D,DC65F60A,BA9E3C02,8504B907,B0C0C701,B911463B"/><T55/><N who="0" m="31008" /><T120/><N who="0" m="30752" /><T82/><D112/><U74/><N who="1" m="31520" /><U69/><E69/><V35/><F2/><T76/><D133/><U44/><E127/><V68/><F35/><T39/><D39/><U88/><E130/><V59/><F68/><T135/><D135/><U53/><REACH who="1" step="1"/><E119/><REACH who="1" step="2"/><V50/><F126/><T129/><D124/><U101/><E101/><V70/><F70/><T86/><D131/><U99/><E99/><V132/><F132/><T77/><D129/><U93/><E93/><V43/><F97/><T78/><D96/><U111/><E111/><V51/><F104/><T46/><REACH who="0" step="1"/><D94/><REACH who="0" step="2"/><U106/><E106/><V117/><F107/><T62/><D62/><U125/><E125/><V66/><F117/><T115/><D115/><U89/><E89/><AGARI ba="0,2" hai="46,49,55,64,65,67,76,77,78,80,82,86,87,89" m="30752,31008" machi="89" ten="40,18000,2" yaku="1,1,8,1,52,4,53,0" doraHai="116" doraHaiUra="108" who="0" fromWho="1" sc="340,200,340,-180,350,0,0,0" /><INIT seed="0,1,0,0,2,44" ten="540,160,350,0" oya="0" hai0="69,0,100,47,128,80,3,51,93,109,62,82,132" hai1="116,37,86,55,87,125,107,52,58,131,110,97,106" hai2="64,95,111,48,68,119,84,39,57,104,75,113,112" hai3="" shuffle="mt19937ar,4E3BD295,4E6D1D3A,388CBCFB,E197479E,3D3D43D8,BE77263E,63EC6F73,786A1A0B"/><T83/><D132/><U36/><E116/><V120/><N who="2" m="30752" /><V99/><F119/><T59/><D69/><U46/><E125/><V70/><F75/><T77/><D128/><U33/><E33/><V74/><F74/><T126/><D126/><U127/><E127/><V124/><F124/><T115/><D115/><U121/><N who="1" m="31008" /><U76/><E110/><V65/><F39/><T34/><D34/><U79/><E97/><V73/><F73/><T60/><D77/><U134/><E46/><V67/><F104/><T129/><D129/><U43/><E131/><V117/><F111/><T98/><D109/><U66/><E58/><V114/><F84/><T45/><D45/><U78/><E78/><V89/><REACH who="2" step="1"/><F117/><REACH who="2" step="2"/><T90/><D3/><U35/><E35/><V56/><F56/><T102/><D0/><U92/><E106/><V105/><F105/><T103/><D59/><U61/><E107/><V54/><AGARI ba="1,1" hai="48,54,57,64,65,67,68,70,89,95,99,112,113,114" m="30752" machi="54" ten="40,9000,2" yaku="1,1,0,1,52,2,53,3" doraHai="44" doraHaiUra="108" who="2" fromWho="2" sc="540,-61,160,-31,340,102,0,0" /><INIT seed="1,0,0,0,0,106" ten="479,129,442,0" oya="1" hai0="124,117,74,100,107,67,127,70,58,45,120,52,32" hai1="65,95,97,98,54,112,109,71,96,3,134,82,61" hai2="51,130,132,49,135,133,102,126,59,62,121,125,105" hai3="" shuffle="mt19937ar,51C4B44A,98BAF216,1CA27D66,93C207F5,C90FE978,72DDF1AF,73437ECB,1DF86E6A"/><U78/><E112/><V93/><N who="2" m="31008" /><V50/><F105/><T46/><N who="0" m="30752" /><T34/><D117/><U89/><E134/><V86/><F102/><T81/><D67/><U123/><N who="1" m="31520" /><U99/><E3/><V113/><F86/><T63/><D70/><U48/><E109/><V94/><F113/><T0/><D0/><U43/><E43/><V85/><F85/><T103/><D34/><U36/><E36/><V119/><F119/><T33/><D33/><U44/><REACH who="1" step="1"/><E99/><REACH who="1" step="2"/><V73/><F132/><T68/><D32/><U41/><E41/><V129/><F133/><T72/><D127/><U122/><N who="1" m="31264" /><U84/><AGARI ba="0,1" hai="44,48,54,61,65,71,78,82,84,89,95,96,97,98" m="31264,31520" machi="84" ten="20,12000,2" yaku="1,1,4,1,0,1,7,1,52,2,53,1" doraHai="106" doraHaiUra="47" who="1" fromWho="1" sc="479,-60,119,130,442,-60,0,0" /><INIT seed="1,1,0,5,3,2" ten="419,249,382,0" oya="1" hai0="63,37,109,100,41,34,132,46,95,117,112,42,81" hai1="99,72,78,79,50,122,44,128,49,125,91,97,0" hai2="47,3,107,120,130,82,133,123,111,69,126,83,52" hai3="" shuffle="mt19937ar,3418686F,3AD0CA32,8E22C3BD,4B8FC8AB,8126EF2D,3A6367F4,59540634,839EF1BF"/><U118/><N who="1" m="31264" /><U121/><N who="1" m="31008" /><U45/><E118/><V127/><N who="2" m="30752" /><V48/><N who="2" m="31520" /><V32/><F3/><T101/><D112/><U36/><E36/><V40/><F107/><T86/><D42/><U76/><E72/><V1/><F1/><T38/><D38/><U116/><E116/><V135/><F111/><T62/><D117/><U61/><E128/><V64/><F32/><T56/><D109/><U105/><E105/><V71/><F130/><T43/><D43/><U73/><E73/><V75/><F40/><T96/><D132/><N who="2" m="50762" /><F64/><T119/><D119/><U33/><E33/><V58/><F58/><T110/><D110/><U51/><E0/><V35/><F35/><T65/><D34/><U57/><E125/><N who="2" m="47627" /><F75/><T70/><D70/><AGARI ba="1,0" hai="47,48,52,69,70,71,82,83" m="47627,50762,31520,30752" machi="70" ten="40,8000,1" yaku="20,1,18,1,52,2,54,1" doraHai="2" who="2" fromWho="0" sc="419,-82,249,0,382,82,0,0" /><INIT seed="2,0,0,3,4,110" ten="337,249,464,0" oya="2" hai0="79,53,118,84,59,95,85,55,107,96,90,58,105" hai1="108,78,114,106,131,115,56,103,132,87,42,125,92" hai2="130,120,112,61,113,75,97,51,68,54,88,41,72" hai3="" shuffle="mt19937ar,86E34591,E0DD06F1,E2AEBF89,CBF95726,27C3B8D2,90067434,0FB18148,8CDC42F5"/><V64/><N who="2" m="30752" /><V122/><N who="2" m="31264" /><V128/><F41/><T73/><D118/><U32/><E42/><V94/><F72/><T44/><D73/><U76/><E56/><V77/><F77/><T93/><D79/><U86/><E32/><V98/><F98/><T102/><D44/><U1/><E1/><V126/><F75/><T129/><D129/><N who="2" m="49770" /><F126/><T109/><D109/><U57/><E131/><V124/><F124/><T69/><D69/><U40/><E40/><V70/><F70/><T123/><N who="0" m="31520" /><T47/><D47/><AGARI ba="0,0" hai="47,51,54,61,64,68,88,94,97,112,113" m="49770,31264,30752" machi="47" ten="30,18000,2" yaku="19,1,52,4,54,1" doraHai="110" who="2" fromWho="0" sc="337,-180,249,0,464,180,0,0" /><INIT seed="2,1,0,5,0,121" ten="157,249,644,0" oya="2" hai0="68,119,96,43,63,101,86,122,78,42,109,60,33" hai1="110,114,79,87,105,81,103,3,115,90,59,38,112" hai2="71,135,46,32,113,66,44,75,53,91,100,93,73" hai3="" shuffle="mt19937ar,3242D9B1,532F94D3,961DA8E0,1784FFF1,C70DC7CE,3731C58F,CD3A17F7,C7B687E1"/><V133/><F32/><T80/><N who="0" m="31264" /><T118/><D33/><U50/><E38/><V45/><F100/><T69/><D119/><U36/><E36/><V120/><N who="2" m="30752" /><V49/><F113/><T39/><D118/><U99/><E3/><V57/><F66/><T102/><D102/><U77/><E50/><V134/><REACH who="2" step="1"/><F71/><REACH who="2" step="2"/><T131/><D69/><U124/><E103/><V85/><AGARI ba="1,1" hai="44,45,46,49,53,57,73,75,85,91,93,133,134,135" m="30752" machi="85" ten="40,12000,2" yaku="1,1,2,1,0,1,20,1,52,1,53,2" doraHai="121" doraHaiUra="107" who="2" fromWho="2" sc="157,-61,249,-61,634,132,0,0" /><INIT seed="2,2,0,3,5,43" ten="96,188,766,0" oya="2" hai0="39,116,114,121,100,102,87,71,56,58,82,129,122" hai1="123,89,132,75,72,78,66,81,42,34,109,54,51" hai2="117,130,44,120,70,97,133,55,98,86,118,85,84" hai3="" shuffle="mt19937ar,77FA4195,0F1D239F,676C0773,CFB8101C,C3A632DD,7F63BAC3,01C39967,40780986"/><V110/><N who="2" m="30752" /><V68/><F130/><T46/><N who="0" m="31008" /><T134/><N who="0" m="31264" /><T1/><D1/><U101/><N who="1" m="31520" /><U112/><E66/><V0/><F0/><T90/><D71/><U127/><E101/><V113/><F113/><T92/><D114/><U99/><E99/><V125/><F125/><T63/><D116/><U62/><E62/><V33/><F33/><T115/><D115/><U3/><E51/><V38/><F133/><T61/><D129/><U64/><E132/><V111/><F38/><T107/><D107/><U126/><E126/><V108/><F44/><T105/><D105/><U80/><E34/><V69/><F55/><T128/><D128/><U36/><E54/><V41/><F41/><T119/><D134/><U49/><E36/><V53/><F53/><T103/><D119/><AGARI ba="2,0" hai="68,69,70,84,85,86,97,98,108,110,111,117,118,119" m="30752" machi="119" ten="60,18000,2" yaku="29,2,28,2,14,1,10,1,52,1" doraHai="43" who="2" fromWho="0" sc="96,-184,188,0,766,184,0,0" owari="-88,-69,188,-21,950,90,0,0" /></mjloggm>