<mjloggm ver="2.3"><GO type="225"/><UN n0="%E7%AC%AC%E4%B8%80%E8%B6%85%E3%83%A9%E3%83%B3%E9%9B%80%E5%A3%AB" n1="%62%61%6B%61%73%65" n2="%45%56%41%4E%53%49%55" n3="%4E%6F%2E%32" dan="16,16,16,16" rate="2006,2019,2053,2108" sx="M,F,M,M"/><TAIKYOKU oya="0"/><INIT seed="0,0,0,0,0,55" ten="250,250,250,250" oya="0" hai0="58,134,70,85,4,24,127,14,131,26,46,75,11" hai1="36,37,7,67,111,112,126,35,108,122,17,45,104" hai2="103,107,80,39,19,117,34,116,20,76,52,61,118" hai3="81,89,47,48,124,3,114,128,54,62,18,66,120" shuffle="mt19937ar,D808ABAB,1588FABD,BC92C86D,A1163F64,3E69675C,12E2502D,17E33D14,55D6DF23"/><T115/><D70/><U130/><E7/><V15/><F34/><W23/><G114/><T84/><D75/><U63/><E122/><V135/><F39/><N who="1" m="14921" /><E104/><V41/><F41/><W59/><G128/><T74/><D74/><U121/><E35/><V98/><F80/><W105/><G124/><T90/><D115/><U83/><E121/><V5/><F76/><W91/><G105/><T78/><D127/><U21/><E126/><V43/><F43/><W38/><G120/><T109/><D131/><U32/><E32/><V51/><F61/><W106/><G106/><T60/><D134/><U16/><E130/><V65/><F65/><W88/><G3/><T132/><D132/><U129/><E129/><V100/><F100/><W0/><G0/><T69/><D69/><U96/><E112/><V57/><F5/><W92/><G38/><T125/><D125/><U49/><E96/><V119/><N who="2" m="29696" /><DORA hai="9" /><V123/><F123/><W102/><G81/><N who="0" m="47159" /><D46/><U2/><E21/><V71/><F71/><W29/><G29/><T1/><D1/><U22/><E22/><V33/><F33/><W25/><REACH who="3" step="1"/><G102/><REACH who="3" step="2"/><T6/><D6/><U56/><E2/><V44/><F135/><W12/><G12/><T77/><D4/><U133/><E83/><V95/><F107/><W113/><G113/><T101/><D101/><U82/><E82/><V30/><F30/><W73/><G73/><T27/><D14/><U97/><E133/><V13/><F15/><W40/><G40/><T42/><D42/><N who="1" m="24759" /><E17/><V93/><F93/><AGARI ba="0,1" hai="18,23,25,47,48,54,59,62,66,88,89,91,92,93" machi="93" ten="40,8000,1" yaku="1,1,8,1,52,1,54,1,53,0" doraHai="55,9" doraHaiUra="99,10" who="3" fromWho="2" sc="250,0,250,0,250,-80,240,90" /><INIT seed="1,0,0,2,3,25" ten="250,250,170,330" oya="1" hai0="69,46,11,65,66,68,20,94,135,3,38,91,71" hai1="81,64,47,13,95,73,78,2,6,56,67,41,124" hai2="77,60,129,87,61,74,28,116,120,19,23,18,112" hai3="128,97,105,130,7,49,93,36,33,45,117,15,76" shuffle="mt19937ar,BE84216E,57B82256,C5E75FD2,B87FB6A0,614C70E0,45A74674,2E2132DB,83E41004"/><U59/><E124/><V126/><F116/><W21/><G105/><T92/><D135/><U104/><E104/><V12/><F120/><W29/><G33/><T133/><D133/><U109/><E109/><V40/><F126/><W110/><G76/><T63/><D94/><U127/><E127/><V102/><F129/><W82/><G36/><T113/><D113/><U132/><E132/><V75/><F112/><W1/><G82/><T72/><D72/><U123/><E123/><V58/><F61/><W27/><G1/><T96/><D66/><U24/><E13/><V84/><F40/><N who="3" m="24743" /><G110/><T22/><D38/><N who="1" m="21943" /><E95/><V55/><F102/><N who="3" m="60719" /><G15/><T43/><D43/><U14/><E14/><V30/><F19/><W100/><G100/><T51/><D3/><U48/><E48/><V88/><F75/><W80/><G80/><T79/><D79/><U99/><E99/><V42/><F42/><W85/><G85/><T17/><D69/><U37/><E37/><V0/><F74/><W90/><G90/><T57/><D68/><U115/><E115/><V125/><F125/><W108/><G108/><T52/><D71/><U35/><E67/><V118/><F118/><W89/><G89/><T134/><D134/><U103/><E64/><V114/><F114/><W44/><G44/><T119/><D119/><U32/><E103/><V8/><F77/><W31/><G117/><T62/><D62/><U5/><E35/><V106/><F106/><W121/><G121/><T39/><D39/><U10/><E6/><N who="2" m="1095" /><F84/><W107/><G107/><T53/><D65/><U86/><E86/><V34/><F34/><RYUUKYOKU ba="0,0" sc="250,10,250,10,170,10,330,-30" hai0="11,17,20,22,46,51,52,53,57,63,91,92,96" hai1="2,5,10,24,32,56,59,73,78,81" hai2="12,18,23,28,30,55,58,60,87,88" /><INIT seed="1,1,0,5,1,88" ten="260,260,180,300" oya="1" hai0="4,38,84,20,75,66,101,92,59,107,104,18,103" hai1="93,34,32,102,56,106,55,114,64,90,78,62,69" hai2="67,14,27,44,25,60,2,91,26,126,119,10,6" hai3="31,131,3,76,120,47,85,121,70,122,97,28,110" shuffle="mt19937ar,8998916B,70CB928D,E3C1D823,C5C333A7,5C22FDF0,1755B101,87012429,772F8940"/><U129/><E114/><V71/><F119/><W73/><G70/><T22/><D38/><U86/><E129/><V94/><F126/><W63/><G3/><T79/><D4/><U40/><E78/><V49/><F2/><W13/><G110/><T100/><D75/><U35/><E40/><V58/><F71/><W45/><G63/><N who="0" m="38271" /><D107/><U109/><E109/><V133/><F133/><W37/><G37/><T117/><D104/><U30/><E106/><V0/><F0/><W46/><G73/><T89/><D117/><U61/><REACH who="1" step="1"/><E102/><REACH who="1" step="2"/><V29/><F29/><AGARI ba="1,1" hai="29,30,32,34,35,55,56,61,62,64,69,86,90,93" machi="29" ten="40,7700,0" yaku="1,1,2,1,52,1,53,0" doraHai="88" doraHaiUra="9" who="1" fromWho="2" sc="260,0,250,90,180,-80,300,0" /><INIT seed="1,2,0,3,5,24" ten="260,340,100,300" oya="1" hai0="3,92,33,112,62,32,115,70,5,101,124,82,87" hai1="55,109,129,35,125,8,64,19,102,91,61,17,60" hai2="95,18,96,132,54,88,81,119,89,126,67,25,120" hai3="65,59,63,110,6,133,86,41,68,85,52,66,76" shuffle="mt19937ar,8E4A7FF5,B56AF895,0EC4EA32,0F9CE652,0AB59F74,2BA060FB,09E91FA7,BF0DFB60"/><U94/><E35/><V75/><F119/><W40/><G110/><T78/><D124/><U97/><E125/><V111/><F126/><W31/><G133/><T23/><D33/><U104/><E109/><V134/><F111/><W131/><G131/><T13/><D3/><U14/><E129/><V127/><F127/><W79/><G6/><T22/><D22/><U37/><E37/><V123/><F67/><N who="3" m="25611" /><G31/><T27/><D70/><U90/><E55/><V39/><F39/><W69/><G69/><T0/><D0/><U83/><E83/><V20/><F54/><W1/><G1/><T93/><D32/><U57/><E61/><V117/><F117/><W103/><G103/><T114/><D62/><U135/><E135/><N who="2" m="51755" /><F89/><N who="1" m="33801" /><E104/><V116/><F116/><W130/><G130/><T108/><D108/><U53/><E53/><V46/><F46/><W7/><G7/><AGARI ba="2,0" hai="7,8,14,17,19,57,60,64,94,97,102" m="33801" machi="7" ten="30,1500,0" yaku="8,1" doraHai="24" who="1" fromWho="3" sc="260,0,340,21,100,0,300,-21" /><INIT seed="1,3,0,3,2,118" ten="260,361,100,279" oya="1" hai0="98,58,124,67,89,78,117,25,77,46,13,84,76" hai1="36,86,130,131,72,42,49,54,8,16,19,112,129" hai2="38,9,71,106,56,114,135,65,62,24,47,33,44" hai3="45,101,116,70,133,95,18,103,97,69,83,27,73" shuffle="mt19937ar,64244E0E,0C8EAE7A,BFD422B2,E1319F0D,DAC93C24,E38ED831,C6F3FEF1,44DBB770"/><U87/><E72/><V34/><F114/><W7/><G116/><T61/><D117/><U20/><E112/><V132/><F106/><W134/><G7/><T31/><D124/><U5/><E42/><V21/><F9/><W63/><G45/><T2/><D2/><N who="1" m="55" /><E36/><V0/><F0/><W53/><G101/><T29/><D46/><N who="2" m="17450" /><F38/><W15/><G27/><T119/><D119/><U40/><E40/><V102/><F102/><W26/><G26/><T55/><D13/><N who="1" m="9231" /><E19/><N who="2" m="12351" /><F71/><W60/><G70/><T68/><D98/><U115/><E115/><V10/><F10/><N who="3" m="6519" /><G69/><T128/><D68/><U22/><E22/><V30/><F30/><W120/><G53/><T126/><D55/><U6/><E6/><V88/><F88/><W121/><G63/><T59/><D89/><U39/><E39/><V14/><F14/><W75/><G60/><T123/><D61/><U110/><E110/><V125/><F125/><W94/><G94/><T51/><D126/><U35/><E35/><V57/><F57/><AGARI ba="3,0" hai="49,54,57,86,87,129,130,131" m="9231,55" machi="57" ten="30,2900,0" yaku="19,1,54,1" doraHai="118" who="1" fromWho="2" sc="260,0,361,38,100,-38,279,0" /><INIT seed="1,4,0,4,4,107" ten="260,399,62,279" oya="1" hai0="121,37,69,59,26,127,35,90,119,11,10,114,60" hai1="65,103,109,112,81,79,48,78,85,76,42,57,113" hai2="104,83,128,50,31,98,17,108,55,16,105,19,15" hai3="125,9,88,72,34,102,56,38,117,93,32,30,2" shuffle="mt19937ar,FD859E5B,8762A92B,82D88744,7D70C3C9,9A78389E,8F81BAA8,A0FF4800,6CFF55D6"/><U61/><E109/><V120/><F120/><W135/><G38/><T28/><D119/><U75/><E103/><V8/><F108/><W115/><G125/><T129/><D37/><U74/><E113/><V89/><F128/><W20/><G135/><T24/><D114/><U39/><E39/><V70/><F70/><W23/><G72/><T132/><D69/><U92/><E112/><V1/><F1/><W14/><G102/><T82/><D132/><U29/><E29/><V13/><F31/><W106/><G106/><T100/><D121/><U4/><E4/><V3/><F3/><W99/><G2/><T122/><D122/><U46/><REACH who="1" step="1"/><E92/><REACH who="1" step="2"/><V110/><F110/><W118/><G115/><T101/><D100/><U123/><E123/><V116/><F116/><W7/><G30/><T40/><D101/><U18/><E18/><V12/><F104/><W44/><G118/><T73/><D28/><U43/><E43/><V21/><F105/><W49/><G117/><T86/><D40/><U52/><E52/><V131/><F131/><W54/><G32/><T133/><D129/><U22/><E22/><N who="3" m="8234" /><G34/><T36/><D35/><U5/><E5/><V33/><F33/><W45/><AGARI ba="4,1" hai="7,9,14,44,45,49,54,56,88,93,99" m="8234" machi="45" ten="30,2000,0" yaku="8,1,54,1" doraHai="107" who="3" fromWho="3" sc="260,-9,389,-14,62,-9,279,42" /><INIT seed="2,0,0,4,0,104" ten="251,375,53,321" oya="2" hai0="122,91,133,83,36,130,101,127,32,97,93,113,43" hai1="30,28,98,3,79,49,74,69,25,48,33,1,128" hai2="107,31,29,44,114,84,8,132,57,72,64,95,50" hai3="63,22,39,118,134,41,9,10,129,54,62,123,124" shuffle="mt19937ar,5C0D5859,7E8A0CAC,E8A11B3A,27F458FC,0DC5FD0E,09AAD1E4,68086541,954E3E69"/><V103/><F114/><W11/><G123/><T2/><D32/><U99/><E69/><V56/><F107/><W115/><G118/><T106/><D2/><U19/><E128/><V131/><F131/><W14/><G129/><T81/><D130/><U121/><E121/><V111/><F72/><W88/><G124/><T6/><D6/><U0/><E30/><N who="2" m="11275" /><F132/><W59/><G134/><T80/><D133/><U73/><E19/><V100/><F111/><W47/><G115/><T12/><D113/><U70/><E70/><V135/><F135/><W13/><G63/><T5/><D122/><U68/><E68/><V26/><F26/><W21/><G88/><T60/><D60/><U38/><E38/><V112/><F112/><W51/><REACH who="3" step="1"/><G39/><REACH who="3" step="2"/><T20/><D36/><U40/><E79/><V37/><F37/><W77/><G77/><T61/><D61/><U82/><E3/><V75/><F75/><W34/><G34/><T71/><D91/><U35/><E33/><V117/><F117/><W18/><G18/><T105/><D127/><U85/><E74/><V65/><F8/><W16/><G16/><T102/><D102/><N who="2" m="38954" /><F84/><W27/><G27/><T15/><D101/><U92/><E73/><V45/><F95/><W87/><G87/><T96/><D93/><U119/><E92/><V125/><F125/><W116/><G116/><T67/><D105/><U89/><E119/><V46/><F50/><N who="1" m="19561" /><E1/><V110/><F110/><W58/><G58/><AGARI ba="0,1" hai="44,45,46,56,57,58,64,65" m="38954,11275" machi="58" ten="30,5800,0" yaku="28,2,8,1" doraHai="104" who="2" fromWho="3" sc="251,0,375,0,53,68,311,-58" /><INIT seed="2,1,0,1,1,121" ten="251,375,121,253" oya="2" hai0="8,69,16,116,73,107,104,35,77,4,19,56,24" hai1="80,102,114,108,132,126,75,124,60,11,31,43,48" hai2="123,44,97,90,2,70,118,122,51,45,61,22,23" hai3="111,130,88,27,74,55,115,49,13,52,85,62,47" shuffle="mt19937ar,BD50517F,D953EEF5,9F96ACCF,35162257,F7AD3D4C,A44C2B6A,431BE47C,AB7B97AF"/><V26/><F118/><W99/><G111/><T68/><D116/><U101/><E108/><V110/><F2/><W12/><G130/><T1/><D56/><U38/><E38/><V95/><F110/><W134/><G74/><T98/><D107/><U32/><E114/><V63/><F22/><W46/><G134/><T6/><D6/><U89/><E132/><V66/><F61/><W34/><G115/><T81/><D19/><U39/><E39/><V42/><REACH who="2" step="1"/><F45/><REACH who="2" step="2"/><W113/><G113/><T72/><D1/><U15/><E126/><V5/><F5/><W64/><G47/><T37/><D4/><U59/><E124/><V7/><F7/><W127/><G127/><T54/><D8/><U117/><E117/><V84/><F84/><W29/><G99/><T125/><D98/><U135/><E135/><V93/><F93/><W105/><G105/><T36/><D104/><U40/><E75/><V9/><F9/><W131/><G131/><T106/><D106/><U86/><E86/><V25/><F25/><W112/><G112/><T65/><D125/><U18/><E11/><V82/><F82/><W120/><G120/><T28/><D73/><U58/><E80/><V119/><F119/><W30/><G62/><T128/><D128/><U67/><E60/><V79/><F79/><W33/><G27/><T0/><D72/><U41/><E59/><V14/><F14/><W133/><G133/><T92/><D24/><U87/><E58/><V20/><F20/><W103/><G12/><T129/><D129/><U83/><E15/><V10/><F10/><W53/><G13/><RYUUKYOKU ba="1,1" sc="251,-10,375,-10,111,30,253,-10" hai2="23,26,42,44,51,63,66,70,90,95,97,122,123" /><INIT seed="2,2,1,3,2,49" ten="241,365,141,243" oya="2" hai0="123,17,23,83,20,126,85,117,56,14,70,35,58" hai1="95,88,33,48,60,18,94,32,129,76,38,9,98" hai2="42,77,54,15,121,128,6,87,24,104,120,36,11" hai3="29,72,8,81,112,59,116,52,64,2,131,118,21" shuffle="mt19937ar,A9BE34A2,2C7EDDBB,E7307FF7,B6E0D7C0,3503FD1D,706391CB,D2998889,DC5A90CB"/><V119/><F119/><W43/><G131/><T26/><D70/><U115/><E38/><V125/><F104/><W74/><G43/><T134/><D117/><U13/><E115/><V78/><F125/><W127/><G64/><T135/><D126/><U62/><E129/><V45/><F128/><W124/><G124/><T82/><D35/><U25/><E76/><V19/><F77/><W50/><G127/><T47/><D47/><U90/><E48/><V55/><F78/><W65/><G118/><T110/><D123/><U27/><E33/><V105/><F105/><W89/><G116/><T103/><D103/><U28/><E27/><V122/><F87/><AGARI ba="2,1" hai="9,13,18,25,28,32,60,62,87,88,90,94,95,98" machi="87" ten="30,2000,0" yaku="7,1,54,1" doraHai="49" who="1" fromWho="2" sc="241,0,365,36,141,-26,243,0" /><INIT seed="3,0,0,2,3,29" ten="241,401,115,243" oya="3" hai0="40,119,71,96,69,25,34,19,114,73,120,28,104" hai1="20,108,56,66,7,82,24,3,43,118,13,5,63" hai2="101,93,15,8,92,85,99,76,45,122,90,36,116" hai3="6,78,84,74,123,35,52,27,79,67,110,44,72" shuffle="mt19937ar,590B269C,ECE74C70,059BB76D,3EA8C784,DAA14AC9,7FD2A90C,02AE0B0A,51B1FE1C"/><W37/><G123/><T87/><D120/><U23/><E108/><V46/><F122/><W126/><G126/><T38/><D119/><U75/><E3/><V42/><F116/><W103/><G6/><T88/><D19/><N who="1" m="10351" /><E75/><V33/><F76/><W102/><G110/><T55/><D55/><U65/><E118/><V100/><F100/><W127/><G127/><T41/><D73/><U64/><E43/><V58/><F58/><W80/><G67/><N who="1" m="25674" /><E82/><V125/><F46/><W12/><G12/><T135/><D41/><U0/><E0/><V68/><F68/><W4/><G4/><T39/><D39/><U115/><E115/><V89/><F101/><W95/><G37/><T10/><D114/><U53/><E53/><V62/><F62/><W9/><G9/><T31/><D10/><U26/><E26/><V109/><F109/><W16/><G74/><T54/><D54/><U86/><E86/><V128/><F125/><W51/><G72/><T17/><D17/><AGARI ba="0,0" hai="5,7,17,23,24,56,63,66" m="25674,10351" machi="17" ten="30,1000,0" yaku="8,1" doraHai="29" who="1" fromWho="0" sc="241,-10,401,10,115,0,243,0" owari="231,-12,411,41,115,-28,243,-1" /></mjloggm>