<mjloggm ver="2.3"><GO type="225"/><UN n0="%23%37%34%E5%A4%A7%E6%B2%BB%E9%83%8E" n1="%E6%B7%B1%E5%A4%9C%E3%81%AE%E5%AE%B4" n2="%45%56%41%4E%53%49%55" n3="%EF%BC%88%EF%BC%8A%EF%BC%9E%EF%BC%9C%EF%BC%89" dan="16,16,16,17" rate="2064,2041,2077,2183" sx="M,M,M,F"/><TAIKYOKU oya="0"/><INIT seed="0,0,0,1,5,47" ten="250,250,250,250" oya="0" hai0="88,5,27,85,0,59,134,8,44,38,26,92,123" hai1="91,75,133,10,77,79,129,54,35,130,105,100,112" hai2="120,84,42,78,106,51,83,109,14,37,61,99,30" hai3="18,118,13,50,3,9,104,28,43,49,67,29,56" shuffle="mt19937ar,E24C227F,C2529F68,A98A9378,817C2E22,393DABD7,217A9D17,98B3EA10,7C433798"/><T33/><D123/><U60/><E35/><V125/><F120/><W86/><G104/><T20/><D134/><U111/><E133/><V53/><F109/><W124/><G118/><T127/><D127/><U71/><E111/><V65/><F125/><W11/><G124/><T55/><D33/><U114/><E10/><V41/><F37/><W1/><G43/><T17/><D38/><U107/><E71/><V93/><F106/><N who="1" m="40457" /><E60/><V80/><F80/><W121/><G121/><T96/><D44/><U31/><E31/><N who="3" m="11850" /><G3/><T73/><D73/><U103/><E91/><N who="2" m="55743" /><F30/><W110/><G1/><T23/><D96/><U57/><E57/><N who="2" m="37039" /><F14/><N who="3" m="7503" /><G110/><T24/><REACH who="0" step="1"/><D20/><REACH who="0" step="2"/><U101/><E75/><V69/><F69/><W132/><G132/><T40/><D40/><U22/><E22/><V34/><F34/><W52/><G86/><T119/><D119/><U21/><E21/><V36/><F36/><W116/><G116/><T58/><D58/><AGARI ba="0,1" hai="41,42,51,53,58,78,83,84" m="37039,55743" machi="58" ten="30,2000,0" yaku="8,1,52,1" doraHai="47" who="2" fromWho="0" sc="240,-20,250,0,250,30,250,0" /><INIT seed="1,0,0,4,1,117" ten="220,250,280,250" oya="1" hai0="5,31,108,58,82,37,129,4,10,46,124,68,49" hai1="103,66,115,102,126,52,11,54,14,70,40,84,35" hai2="107,90,12,73,64,116,15,95,45,131,113,38,3" hai3="89,83,53,71,92,29,6,42,0,118,74,21,78" shuffle="mt19937ar,FC5DC28B,253F55B5,24B6FB1D,9D1B883A,5961CF4F,D480CDC1,4329EBA1,D8DF65A8"/><U114/><E35/><V44/><F116/><W57/><G118/><T59/><D68/><U33/><E33/><V104/><F3/><W91/><G71/><T123/><D123/><U55/><E40/><V24/><F73/><W23/><G29/><T39/><D108/><U77/><E126/><V88/><F131/><W111/><G111/><T112/><D112/><U101/><E70/><V80/><F64/><W98/><G42/><T22/><D129/><U134/><E134/><V25/><F80/><W133/><G133/><T48/><D124/><U7/><E66/><V67/><F67/><W127/><G127/><T32/><D32/><U125/><E125/><V47/><F38/><W17/><G89/><N who="2" m="34409" /><F95/><W20/><G6/><T61/><D82/><U76/><REACH who="1" step="1"/><E84/><REACH who="1" step="2"/><V69/><F69/><W87/><G74/><T128/><D128/><U105/><E105/><N who="2" m="40523" /><F113/><AGARI ba="0,1" hai="7,11,14,52,54,55,76,77,101,102,103,113,114,115" machi="113" ten="50,4800,0" yaku="1,1,54,1,53,0" doraHai="117" doraHaiUra="41" who="1" fromWho="2" sc="220,0,240,58,280,-48,250,0" /><INIT seed="1,1,0,1,1,11" ten="220,298,232,250" oya="1" hai0="121,1,8,88,116,0,5,31,95,72,118,45,55" hai1="123,2,23,99,70,97,28,133,98,56,89,22,91" hai2="34,115,6,114,39,112,134,82,3,42,102,64,26" hai3="122,135,105,62,103,51,46,29,18,110,41,108,93" shuffle="mt19937ar,20B348A0,B0C85A55,777F387B,437AF044,12B441ED,1B0CE596,F2715F5E,866F4B48"/><U59/><E70/><V44/><F134/><W54/><G135/><T131/><D72/><U25/><E2/><V92/><F64/><W65/><G122/><T76/><D76/><U68/><E68/><V132/><F132/><W69/><G29/><T21/><D121/><U38/><E38/><V4/><F3/><W24/><G105/><T107/><D107/><U84/><E123/><V66/><F66/><W96/><G24/><T50/><D0/><U40/><E133/><V79/><F102/><W86/><G86/><T15/><D131/><U113/><E113/><V61/><F61/><W100/><G100/><T52/><D55/><U16/><E40/><V19/><F92/><W80/><G80/><T20/><D20/><U7/><E7/><V87/><REACH who="2" step="1"/><F19/><REACH who="2" step="2"/><W129/><G18/><T106/><D106/><U119/><E119/><V125/><F125/><W32/><G129/><T58/><D45/><U130/><E130/><V13/><F13/><W124/><G124/><T128/><D128/><U43/><E43/><V73/><F73/><W78/><G41/><T85/><D31/><AGARI ba="1,1" hai="4,6,26,31,34,39,42,44,79,82,87,112,114,115" machi="31" ten="40,2600,0" yaku="1,1,11,1,53,0" doraHai="11" doraHaiUra="17" who="2" fromWho="0" sc="220,-29,298,0,222,39,250,0" /><INIT seed="2,0,0,5,5,133" ten="191,298,261,250" oya="2" hai0="67,65,37,75,110,25,84,91,28,60,119,83,95" hai1="40,19,58,4,72,90,86,96,56,103,101,109,124" hai2="117,130,111,129,115,35,79,8,71,77,131,14,78" hai3="45,44,24,27,26,38,9,21,134,104,34,100,121" shuffle="mt19937ar,79450421,89BBD9EF,0A093F8D,D3F6F209,8758DEA0,CD792A62,EE8457CE,E5B78EAD"/><V122/><F115/><W51/><G34/><T7/><D37/><U87/><E72/><V123/><F117/><W74/><G121/><T43/><D119/><U69/><E69/><V53/><F35/><W52/><G74/><T22/><D43/><U41/><E4/><V64/><F111/><W20/><G134/><T135/><D135/><U108/><E96/><V10/><F53/><W30/><G9/><N who="2" m="3689" /><F14/><W88/><G100/><T1/><D110/><U17/><E90/><V16/><F16/><N who="3" m="12295" /><G104/><T73/><D1/><U76/><E76/><V33/><F33/><W93/><G38/><T89/><D7/><U113/><E113/><V107/><F107/><W0/><G0/><T81/><D67/><U99/><E99/><V68/><F64/><W3/><G27/><T127/><D81/><U80/><E80/><V85/><F85/><N who="3" m="52367" /><G3/><T132/><D132/><U12/><E12/><V105/><F105/><W2/><G2/><T29/><D29/><U97/><E97/><V125/><F125/><AGARI ba="0,0" hai="17,19,40,41,56,58,86,87,101,103,108,109,124,125" machi="125" ten="25,6400,0" yaku="22,2,52,2" doraHai="133" who="1" fromWho="2" sc="191,0,298,64,261,-64,250,0" /><INIT seed="3,0,0,5,0,4" ten="191,362,197,250" oya="3" hai0="11,101,115,8,13,18,48,92,112,121,79,86,80" hai1="3,55,83,34,37,44,15,107,31,85,135,132,26" hai2="114,82,120,87,61,99,1,104,51,27,20,54,22" hai3="47,7,0,66,84,9,63,19,53,16,46,28,65" shuffle="mt19937ar,DB9A7DFA,6592CAEE,B8CDE325,0351F38A,04926B61,5EFDEC94,B3E9F066,C2249F6E"/><W119/><G119/><T129/><D121/><U128/><E3/><V74/><F114/><N who="0" m="43562" /><D129/><U32/><E107/><V14/><F1/><W109/><G28/><T122/><D122/><U38/><E128/><V134/><F74/><W59/><G109/><T97/><D48/><N who="1" m="29063" /><E15/><V35/><F120/><W103/><G103/><T106/><D106/><U124/><E32/><V88/><F61/><W23/><G19/><T2/><D2/><U116/><E124/><V64/><F64/><W40/><G84/><T78/><D78/><N who="1" m="46327" /><E116/><V100/><F134/><AGARI ba="0,0" hai="26,31,34,37,38,132,134,135" m="46327,29063" machi="134" ten="30,1000,0" yaku="20,1" doraHai="4" who="1" fromWho="2" sc="191,0,362,10,197,-10,250,0" owari="191,-16,372,37,187,-21,250,0" /></mjloggm>