<mjloggm ver="2.3"><GO type="225"/><UN n0="%EF%BC%88%EF%BC%8A%EF%BC%9E%EF%BC%9C%EF%BC%89" n1="%E3%83%81%E3%83%A3%E3%82%AA%E3%83%AA" n2="%E8%B6%85%E3%83%92%E3%83%A2%E3%83%AA%E3%83%AD" n3="%6B%6F%67%65%70%61%6E" dan="17,17,17,16" rate="2186,2166,2062,2055" sx="F,M,F,M"/><TAIKYOKU oya="0"/><INIT seed="0,0,0,3,5,0" ten="250,250,250,250" oya="0" hai0="134,87,10,59,12,96,98,110,70,121,45,30,88" hai1="73,74,102,18,84,57,29,120,66,81,41,67,61" hai2="54,123,38,64,127,131,100,107,129,58,26,71,83" hai3="94,133,17,85,8,5,125,91,50,126,69,51,122" shuffle="mt19937ar,70636132,E9F5237A,EC6A5F3F,89D37644,F37F2718,029F86F4,BE0321EF,BE7DE7AF"/><T130/><D70/><U15/><E120/><V105/><F123/><W135/><G69/><T108/><D121/><U104/><E29/><V34/><F38/><W16/><G122/><T21/><D130/><U3/><E3/><V99/><F127/><N who="3" m="48651" /><G51/><T37/><D59/><U92/><E104/><V48/><F107/><W128/><G50/><T14/><D134/><N who="3" m="51209" /><G128/><T1/><D1/><AGARI ba="0,0" hai="1,5,8,16,17,85,91,94" m="51209,48651" machi="1" ten="30,7700,0" yaku="18,1,20,1,52,1,54,1" doraHai="0" who="3" fromWho="0" sc="250,-77,250,0,250,0,250,77" /><INIT seed="1,0,0,1,1,36" ten="173,250,250,327" oya="1" hai0="104,76,39,27,75,12,122,114,132,66,48,110,71" hai1="42,80,8,117,121,28,83,91,32,37,20,129,35" hai2="85,46,53,54,125,133,79,55,89,21,49,113,65" hai3="3,102,50,86,98,0,109,16,88,58,78,40,107" shuffle="mt19937ar,9D1B779F,8C1F2EDF,74BC5950,1BA0A659,BD1DA92F,969139AA,90D1641D,2119D4F2"/><U41/><E121/><V126/><F133/><W4/><G109/><T38/><D12/><U128/><E117/><V52/><F113/><W44/><G4/><T61/><D27/><N who="1" m="16487" /><E37/><V2/><F2/><W101/><G101/><T97/><D122/><U73/><E73/><V23/><F65/><W115/><G115/><T7/><D114/><U69/><E69/><V10/><F10/><W100/><G100/><T33/><D110/><U25/><E8/><V96/><F79/><W56/><G78/><T95/><D7/><U29/><E35/><V99/><F125/><W18/><G3/><T24/><D132/><U9/><E9/><V81/><F126/><W57/><REACH who="3" step="1"/><G0/><REACH who="3" step="2"/><T13/><D76/><U106/><E106/><V59/><F46/><W14/><G14/><T135/><D13/><U74/><E91/><V68/><F68/><W94/><AGARI ba="0,1" hai="16,18,40,44,50,56,57,58,86,88,94,98,102,107" machi="94" ten="30,8000,1" yaku="1,1,0,1,52,1,54,2,53,0" doraHai="36" doraHaiUra="124" who="3" fromWho="3" sc="173,-20,250,-40,250,-20,317,90" /><INIT seed="2,0,0,1,2,61" ten="153,210,230,407" oya="2" hai0="55,23,128,30,131,107,70,81,57,102,21,4,104" hai1="122,110,6,0,11,100,71,72,84,79,109,96,89" hai2="8,16,18,20,28,32,75,36,31,133,127,93,53" hai3="59,121,15,116,88,120,42,103,66,26,35,95,58" shuffle="mt19937ar,3EAF082C,048F2380,61D103AD,CF344345,0E84E1BD,80C2910A,13DF9464,73FA99AD"/><V46/><F75/><W111/><G116/><T68/><D4/><U19/><E122/><V56/><F32/><W126/><G103/><T48/><D81/><U132/><E19/><V27/><F133/><W67/><G42/><T101/><D48/><U85/><E132/><V45/><F127/><W91/><G15/><T2/><D57/><U129/><E129/><V82/><F82/><W1/><G1/><T90/><D30/><N who="2" m="11306" /><F36/><W65/><G126/><T105/><D105/><N who="1" m="63623" /><E71/><V97/><F8/><W25/><G35/><T74/><D74/><U125/><E125/><V114/><F18/><W17/><G17/><T51/><D51/><U92/><E85/><V43/><F43/><W14/><G95/><T3/><REACH who="0" step="1"/><D90/><REACH who="0" step="2"/><U52/><E52/><AGARI ba="0,1" hai="2,3,21,23,52,55,68,70,101,102,104,107,128,131" machi="52" ten="25,8000,1" yaku="1,1,2,1,22,2,54,1,53,0" doraHai="61" doraHaiUra="119" who="0" fromWho="1" sc="143,90,210,-80,230,0,407,0" /><INIT seed="3,0,0,0,5,86" ten="233,130,230,407" oya="3" hai0="33,89,106,12,37,57,72,125,93,64,98,71,105" hai1="20,131,46,69,47,51,129,123,99,112,29,126,61" hai2="100,113,59,87,55,44,13,17,108,56,124,79,78" hai3="85,63,134,127,81,77,25,97,24,28,36,58,104" shuffle="mt19937ar,9068F485,4FA91A40,F2AF06C0,16A8A080,309B2E01,6FC7A949,E69328EA,EB266D1C"/><W4/><G36/><T31/><D37/><U26/><E112/><V50/><F113/><W30/><G127/><T117/><D72/><U16/><E123/><V83/><F124/><W35/><G4/><T22/><D125/><U15/><E126/><V109/><F78/><W10/><G10/><T65/><D71/><U67/><E99/><V68/><F68/><W110/><G134/><T114/><D117/><U3/><E3/><V60/><F100/><W102/><G110/><N who="2" m="42601" /><F60/><W84/><G84/><T11/><D33/><U116/><E116/><V66/><F66/><W82/><G82/><T90/><D106/><U118/><E118/><V76/><F76/><W135/><G135/><T70/><D105/><U42/><E131/><V74/><F74/><W18/><G18/><T122/><D70/><U96/><E129/><V23/><AGARI ba="0,0" hai="13,17,23,44,50,55,56,59,79,83,87" m="42601" machi="23" ten="30,1100,0" yaku="14,1" doraHai="86" who="2" fromWho="2" sc="233,-3,130,-3,230,11,407,-5" owari="230,-12,127,-27,241,-1,402,40" /></mjloggm>