<mjloggm ver="2.3"><GO type="225"/><UN n0="%EF%BC%88%EF%BC%8A%EF%BC%9E%EF%BC%9C%EF%BC%89" n1="%E3%82%88%E3%81%A3%E3%81%A1" n2="%E9%9E%8D" n3="%E5%85%8B%E5%88%A9%E5%A5%A5%E4%BD%A9%E7%89%B9%E5%89%8C%CE%B6" dan="17,16,16,16" rate="2163,2070,2027,2136" sx="F,M,M,F"/><TAIKYOKU oya="0"/><INIT seed="0,0,0,4,4,44" ten="250,250,250,250" oya="0" hai0="94,97,59,82,2,123,10,8,81,92,21,26,6" hai1="102,122,78,37,12,114,52,60,100,14,119,16,74" hai2="70,13,39,125,42,62,87,105,91,4,96,124,88" hai3="55,68,109,112,40,135,73,71,110,20,19,65,0" shuffle="mt19937ar,D8926379,0A80F80C,F995E6BF,91A5C5EE,6FDF8D13,AB04519F,EF953664,11AC99CD"/><T57/><D123/><U5/><E37/><V115/><F115/><W79/><G0/><T54/><D92/><U30/><E122/><V118/><F118/><W41/><G112/><T72/><D59/><U61/><E119/><V108/><F108/><N who="3" m="41579" /><G135/><T69/><D10/><U7/><E114/><V75/><F75/><W43/><G55/><T120/><D69/><U83/><E30/><V127/><F39/><W11/><G65/><T129/><D72/><U131/><E131/><V53/><F42/><W128/><G11/><T80/><D129/><U24/><E24/><V117/><F117/><W18/><G18/><T27/><D120/><U126/><E126/><V47/><F70/><W33/><G33/><T35/><D35/><U99/><E12/><V63/><F63/><W64/><G64/><T132/><D132/><U111/><E111/><V104/><F62/><W46/><G46/><T38/><D38/><U90/><E61/><V121/><F121/><W49/><G49/><T17/><D27/><U66/><E7/><V95/><F53/><W89/><G128/><T106/><D106/><U36/><E5/><V56/><F56/><W58/><G58/><T93/><REACH who="0" step="1"/><D97/><REACH who="0" step="2"/><U9/><E36/><V51/><F124/><W15/><G71/><T134/><D134/><U85/><E99/><V50/><F125/><W101/><G68/><T23/><D23/><U76/><E74/><V32/><F32/><W113/><G113/><T130/><D130/><U103/><E66/><V48/><F127/><W98/><G20/><T34/><D34/><U3/><E3/><V107/><F107/><RYUUKYOKU ba="0,1" sc="240,15,250,15,250,-15,250,-15" hai0="2,6,8,17,21,26,54,57,80,81,82,93,94" hai1="9,14,16,52,60,76,78,83,85,90,100,102,103" /><INIT seed="0,1,1,5,3,49" ten="255,265,235,235" oya="0" hai0="119,46,43,60,116,101,96,102,16,50,0,113,13" hai1="26,1,55,21,82,90,125,104,62,111,59,132,52" hai2="93,128,127,38,63,83,89,48,86,130,54,129,124" hai3="85,95,6,94,121,2,75,19,88,9,17,10,68" shuffle="mt19937ar,F254ACFA,31BD3040,A5CDEB42,75401D95,9942CFC4,23A96E25,BC9520EE,6B8FA943"/><T103/><D0/><U30/><E104/><V97/><F38/><W12/><G75/><T23/><D113/><U20/><E1/><V57/><REACH who="2" step="1"/><F63/><REACH who="2" step="2"/><W134/><G121/><T73/><D73/><U98/><E132/><V36/><F36/><W126/><G134/><T114/><D114/><U45/><E125/><V92/><F92/><W28/><G126/><T51/><D60/><U81/><E111/><V42/><F42/><W33/><G68/><T76/><D76/><AGARI ba="1,2" hai="48,54,57,76,83,86,89,93,97,124,127,128,129,130" machi="76" ten="40,5200,0" yaku="1,1,19,1,52,1,53,0" doraHai="49" doraHaiUra="112" who="2" fromWho="0" sc="255,-55,265,0,225,75,235,0" /><INIT seed="1,0,0,0,5,63" ten="200,265,300,235" oya="1" hai0="3,30,106,73,115,110,59,105,49,42,57,29,0" hai1="40,32,100,104,69,37,35,129,101,2,70,67,39" hai2="43,61,91,128,27,78,87,74,25,4,1,15,7" hai3="23,11,120,80,52,34,96,75,131,95,10,92,71" shuffle="mt19937ar,E1445B6A,F0EAA347,2B532A62,9CE05B0E,AC9C5455,4D5096B9,F3442063,9349FF5B"/><U84/><E84/><V85/><F1/><W8/><G34/><T21/><D73/><U127/><E40/><V22/><F74/><W126/><G71/><T99/><D115/><U5/><E127/><V36/><F36/><N who="1" m="13897" /><E129/><V77/><F43/><W135/><G126/><T132/><D42/><U12/><E12/><V24/><F128/><W76/><G131/><T98/><D49/><U47/><E47/><V28/><F61/><W88/><G120/><T64/><D21/><U48/><E48/><V20/><F25/><W116/><G116/><T90/><D90/><U68/><E100/><V41/><F41/><W19/><G92/><T133/><REACH who="0" step="1"/><D110/><REACH who="0" step="2"/><U66/><E35/><V17/><F91/><W114/><G114/><T86/><D86/><U58/><E32/><V79/><F22/><W89/><G89/><T83/><D83/><U53/><E101/><V103/><F103/><W13/><G135/><T122/><D122/><U109/><E109/><V111/><F87/><W125/><G125/><T33/><D33/><U60/><E104/><V56/><F85/><W38/><G38/><T121/><D121/><U50/><E2/><V113/><F111/><W9/><G23/><T97/><D97/><U102/><E102/><V81/><F81/><W118/><G118/><T44/><D44/><N who="1" m="27847" /><E5/><V123/><F123/><W62/><G11/><T82/><D82/><U94/><E94/><V117/><F117/><W112/><G112/><T124/><D124/><U107/><E107/><V55/><F113/><W72/><G72/><T6/><D6/><U51/><E51/><V134/><F7/><RYUUKYOKU ba="0,1" sc="190,10,265,10,300,-30,235,10" hai0="0,3,29,30,57,59,64,98,99,105,106,132,133" hai1="58,60,66,67,68,69,70" hai3="8,9,10,13,19,52,62,75,76,80,88,95,96" /><INIT seed="1,1,1,0,4,87" ten="200,275,270,245" oya="1" hai0="82,11,32,69,4,35,114,103,62,72,119,19,47" hai1="17,48,98,30,59,83,118,42,79,91,53,76,66" hai2="131,39,45,93,57,51,120,86,0,29,64,37,125" hai3="127,67,78,46,112,99,104,38,15,117,50,40,113" shuffle="mt19937ar,F54161CB,62C215F1,5231A535,AFB93379,C4E32BBB,3D360EC7,C8ACCCED,8C9F9B43"/><U28/><E66/><V16/><F0/><W70/><G127/><T109/><D119/><U115/><E118/><V36/><F120/><W85/><G117/><T60/><D114/><U34/><E115/><V41/><F125/><W21/><G38/><T123/><D123/><U94/><E34/><V12/><F29/><N who="1" m="11369" /><E42/><V121/><F121/><W58/><G70/><T129/><D129/><U95/><E83/><V134/><F131/><W107/><G107/><T7/><D47/><U135/><E135/><V14/><F134/><W77/><G104/><T26/><D103/><N who="1" m="60887" /><E17/><V130/><F130/><W44/><G44/><T108/><D69/><U105/><E105/><V54/><F64/><W122/><G122/><T71/><D71/><U111/><E111/><N who="0" m="42569" /><D19/><U106/><E106/><V5/><F5/><W132/><G132/><T23/><D4/><U80/><E80/><V116/><F116/><W100/><G113/><T89/><D72/><U24/><E24/><V92/><F12/><W27/><G112/><T55/><D55/><U9/><E9/><V6/><F6/><W124/><G15/><N who="0" m="5631" /><D23/><U75/><E75/><V1/><F1/><W102/><G21/><T31/><D32/><U97/><AGARI ba="1,1" hai="48,53,59,76,79,91,95,97" m="60887,11369" machi="97" ten="30,3000,0" yaku="8,1,52,1" doraHai="87" who="1" fromWho="1" sc="200,-11,275,43,270,-11,245,-11" /><INIT seed="1,2,0,2,1,60" ten="189,318,259,234" oya="1" hai0="84,121,115,111,48,62,83,105,81,87,46,54,34" hai1="0,69,103,22,44,41,110,23,113,127,36,95,117" hai2="114,30,42,66,131,106,134,102,92,6,16,39,53" hai3="124,80,18,108,135,119,72,77,122,58,88,82,101" shuffle="mt19937ar,FE0D9BA1,D987B853,E4F63C33,444D4840,1BD53258,8C36BF8A,F7AE3038,176A2EC7"/><U33/><E33/><V65/><F114/><W109/><G122/><T52/><D34/><U59/><E69/><V50/><F106/><W26/><G101/><T73/><D105/><U12/><E0/><V37/><F37/><W4/><G119/><T13/><D115/><U99/><E113/><V71/><F71/><W61/><G4/><T35/><D35/><U38/><E117/><V130/><F134/><W91/><G135/><T57/><D121/><U7/><E127/><V8/><F30/><W5/><G5/><T28/><D28/><U10/><E38/><V118/><F118/><W120/><G124/><T56/><D111/><N who="3" m="42569" /><G82/><N who="0" m="31243" /><D73/><U45/><E45/><N who="2" m="27855" /><F42/><W3/><G3/><T17/><D46/><U126/><E126/><V74/><F39/><W68/><G68/><T85/><D85/><U25/><E110/><V19/><F74/><W43/><G43/><T63/><D63/><U64/><REACH who="1" step="1"/><E25/><REACH who="1" step="2"/><V86/><F131/><W67/><G120/><T93/><D93/><U27/><E27/><V40/><F130/><W94/><G94/><T76/><D76/><U90/><E90/><V96/><F92/><W29/><G29/><T129/><D129/><U31/><E31/><V100/><F100/><W98/><G98/><T32/><D32/><U24/><E24/><V125/><F102/><W47/><G47/><T75/><D75/><U78/><E78/><V89/><F96/><W128/><G128/><T132/><D132/><U79/><E79/><V97/><F97/><W11/><G26/><T112/><D112/><U49/><E49/><V55/><F125/><W123/><G123/><RYUUKYOKU ba="2,1" sc="189,10,308,10,259,-30,234,10" hai0="13,17,48,52,54,56,57,62,84,87" hai1="7,10,12,22,23,36,41,44,59,64,95,99,103" hai3="11,18,58,61,67,72,77,80,88,91" /><INIT seed="1,3,1,3,4,126" ten="199,318,229,244" oya="1" hai0="39,91,25,113,22,64,99,117,75,56,28,74,38" hai1="65,119,58,68,1,85,114,52,108,33,86,62,7" hai2="21,125,11,90,47,12,13,34,76,50,3,131,121" hai3="97,14,132,80,112,69,129,124,106,127,88,78,20" shuffle="mt19937ar,6419B05E,9778B753,161B8BB6,3DC4DBED,2745050E,2EA806EA,3197A13A,E7146D7A"/><U104/><E104/><V42/><F34/><W5/><G69/><T57/><D117/><U4/><E33/><V72/><F121/><W94/><G112/><T18/><D113/><U103/><E114/><V53/><F125/><N who="3" m="48203" /><G106/><T95/><D74/><U8/><E119/><V92/><F131/><W27/><G132/><T23/><D75/><U55/><E103/><V45/><F3/><W19/><G5/><T133/><D133/><U67/><E108/><V32/><F32/><W98/><G98/><T15/><REACH who="0" step="1"/><D64/><REACH who="0" step="2"/><U83/><E67/><V59/><F72/><N who="3" m="43079" /><G129/><T107/><D107/><U6/><E55/><V31/><F53/><W66/><G66/><T111/><D111/><U41/><E41/><V122/><F42/><W130/><G130/><T101/><D101/><U118/><E118/><V9/><F122/><W35/><G35/><T61/><D61/><U135/><E135/><V60/><F60/><W54/><G54/><T37/><AGARI ba="3,2" hai="15,18,22,23,25,28,37,38,39,56,57,91,95,99" machi="37" ten="30,8000,1" yaku="1,1,0,1,53,3" doraHai="126" doraHaiUra="71" who="0" fromWho="0" sc="189,109,318,-43,229,-23,244,-23" /><INIT seed="2,0,0,5,1,84" ten="298,275,206,221" oya="2" hai0="90,57,42,110,89,116,120,65,103,107,53,11,69" hai1="71,73,86,85,70,68,16,72,38,114,8,3,129" hai2="31,32,13,124,49,55,52,62,17,67,81,97,27" hai3="14,47,20,25,109,76,43,132,74,7,122,5,21" shuffle="mt19937ar,7552133E,CD4CA769,222356D4,AEE6D3ED,51AE941C,6FA0417C,9B9FB5C8,F0D6A965"/><V83/><F124/><W121/><G109/><T99/><D110/><U41/><E114/><V9/><F97/><W60/><G132/><T6/><D120/><U77/><E129/><V30/><F30/><W34/><G34/><T1/><D116/><U113/><E113/><V80/><REACH who="2" step="1"/><F49/><REACH who="2" step="2"/><W39/><G122/><T54/><D99/><U82/><E38/><V134/><F134/><W10/><G121/><T119/><D119/><U101/><E101/><V79/><F79/><W108/><G108/><T23/><D103/><U51/><E51/><V100/><F100/><W46/><G76/><T98/><D98/><U96/><E96/><V24/><F24/><W36/><G25/><T18/><D107/><U56/><E77/><V123/><F123/><W128/><G39/><T15/><D42/><U130/><E41/><V112/><F112/><W88/><G36/><T48/><REACH who="0" step="1"/><D54/><REACH who="0" step="2"/><U2/><E130/><V50/><F50/><W35/><G43/><T104/><D104/><U125/><E125/><V61/><F61/><AGARI ba="0,2" hai="1,6,11,15,18,23,48,53,57,61,65,69,89,90" machi="61" ten="40,5200,0" yaku="1,1,52,2,53,0" doraHai="84" doraHaiUra="126" who="0" fromWho="2" sc="288,72,275,0,196,-52,221,0" /><INIT seed="3,0,0,3,4,78" ten="360,275,144,221" oya="3" hai0="106,123,43,111,48,97,73,92,88,57,51,135,68" hai1="1,127,112,75,71,134,130,74,80,100,26,55,132" hai2="44,37,104,63,15,53,32,27,59,4,69,9,40" hai3="115,58,14,33,90,85,22,66,24,131,84,34,21" shuffle="mt19937ar,947E34F9,F41154CA,2B11B815,6B38CF56,EA4D6D44,A721673C,53F03346,EA6A90B0"/><W45/><G131/><T8/><D73/><U102/><E1/><V46/><F104/><W0/><G0/><T120/><D68/><U77/><E71/><V129/><F129/><W117/><G115/><T52/><D106/><U31/><E130/><V113/><F113/><W83/><G117/><T119/><D119/><U23/><E112/><V70/><F32/><W124/><G124/><T64/><D64/><U118/><E118/><V54/><F27/><W60/><G45/><T109/><D135/><U96/><E75/><V128/><F128/><W67/><G67/><T91/><D8/><U38/><E38/><V36/><REACH who="2" step="1"/><F54/><REACH who="2" step="2"/><W16/><REACH who="3" step="1"/><G85/><REACH who="3" step="2"/><N who="0" m="52239" /><D123/><U79/><E127/><V3/><F3/><W133/><G133/><T11/><D120/><U89/><E134/><V6/><F6/><W28/><AGARI ba="0,2" hai="14,16,21,22,24,28,33,34,58,60,66,83,84,90" machi="28" ten="20,12000,1" yaku="1,1,0,1,7,1,52,1,54,1,53,0" doraHai="78" doraHaiUra="49" who="3" fromWho="3" sc="360,-40,275,-40,134,-40,211,140" owari="320,7,235,-11,94,-31,351,35" /></mjloggm>