<mjloggm ver="2.3"><GO type="225"/><UN n0="%52%65%64%4D%61%67%69%63" n1="%E9%9B%81%E7%BA%8F" n2="%E6%A1%9C%E8%8A%B1%E9%96%83%E3%80%85" n3="%E2%98%85%E3%83%A6%E3%83%94%E3%83%86%E3%83%AB%E2%98%85" dan="16,16,16,17" rate="2036,2060,2033,2079" sx="M,M,M,M"/><TAIKYOKU oya="0"/><INIT seed="0,0,0,4,2,92" ten="250,250,250,250" oya="0" hai0="101,7,19,50,2,56,115,131,1,68,132,47,39" hai1="60,27,43,96,69,126,73,52,113,133,46,33,64" hai2="42,77,24,80,91,65,105,99,20,34,44,90,11" hai3="81,106,41,18,25,71,58,45,72,5,98,120,22" shuffle="mt19937ar,AFB906DB,C1BE74AE,B1496DD4,A3564747,2939BC81,DF492DE0,1ABE3632,514215F5"/><T129/><D115/><U94/><E113/><V117/><F34/><W55/><G71/><T16/><D68/><U32/><E133/><V70/><F117/><W118/><G118/><T134/><D101/><U100/><E126/><V88/><F11/><W57/><G120/><T123/><D123/><U12/><E73/><V103/><F70/><W109/><G109/><T75/><D75/><U17/><E27/><V61/><F61/><W4/><G58/><T111/><D111/><U13/><E13/><V122/><F65/><W3/><G3/><N who="0" m="1035" /><D56/><U21/><REACH who="1" step="1"/><E52/><REACH who="1" step="2"/><V53/><F53/><W36/><G72/><T89/><D7/><U48/><AGARI ba="0,1" hai="12,17,21,32,33,43,46,48,60,64,69,94,96,100" machi="48" ten="20,8000,1" yaku="1,1,2,1,0,1,7,1,52,1,53,0" doraHai="92" doraHaiUra="86" who="1" fromWho="1" sc="250,-40,240,90,250,-20,250,-20" /><INIT seed="1,0,0,1,4,93" ten="210,330,230,230" oya="1" hai0="77,98,50,103,115,96,104,108,123,37,68,76,40" hai1="61,58,46,101,129,35,53,133,130,5,41,43,14" hai2="7,28,97,59,106,19,117,63,87,135,86,49,88" hai3="82,30,0,12,69,90,60,6,78,79,21,94,51" shuffle="mt19937ar,5CEEA45E,47641FE6,92D3C7DC,817AC393,BFF4840F,C537FFE0,D7BE152F,32E18E0E"/><U102/><E35/><V125/><F117/><W118/><G118/><T25/><D115/><U29/><E29/><V132/><F28/><W10/><G69/><T64/><D37/><U55/><E133/><N who="2" m="51275" /><F125/><W20/><G60/><T80/><D123/><U18/><E5/><V2/><F49/><W65/><G65/><T124/><D124/><U47/><E130/><V26/><F2/><W128/><G128/><T31/><D108/><U121/><E121/><V126/><F7/><W110/><G110/><T111/><D111/><U109/><E109/><V24/><F126/><W112/><G112/><T44/><D98/><U127/><E127/><V9/><F9/><W107/><G107/><T71/><D64/><U52/><E129/><V84/><F19/><W131/><G131/><T56/><D56/><U36/><E102/><N who="2" m="62799" /><F88/><W1/><G1/><T91/><D91/><U48/><REACH who="1" step="1"/><E101/><REACH who="1" step="2"/><V38/><F38/><W122/><G6/><T120/><D120/><U4/><E4/><V70/><F70/><W105/><G122/><T17/><D71/><U39/><E39/><V3/><F3/><W116/><G30/><T16/><D68/><U119/><E119/><V92/><F92/><W33/><G0/><T54/><D31/><U83/><E83/><V75/><F75/><W85/><G82/><T89/><D25/><U81/><E81/><V11/><F26/><W45/><G105/><T95/><D80/><U34/><E34/><V99/><F24/><W73/><G33/><T32/><D32/><U42/><E42/><V67/><F11/><AGARI ba="0,1" hai="11,14,18,36,41,43,46,47,48,52,53,55,58,61" machi="11" ten="30,11600,0" yaku="1,1,7,1,54,1,53,1" doraHai="93" doraHaiUra="8" who="1" fromWho="2" sc="210,0,320,126,230,-116,230,0" /><INIT seed="1,1,0,0,0,15" ten="210,446,114,230" oya="1" hai0="115,93,70,3,65,129,63,71,10,2,52,89,83" hai1="82,105,128,23,69,117,38,24,98,43,120,35,114" hai2="73,12,135,66,32,101,17,7,16,59,11,51,58" hai3="37,87,48,134,26,20,45,104,78,127,86,41,112" shuffle="mt19937ar,F1B7D6AE,56020FF6,FEAC8580,6B711927,F11C3B3E,8788E7EE,0B2AC0F4,98063820"/><U74/><RYUUKYOKU type="yao9" ba="1,0" sc="210,0,446,0,114,0,230,0" hai1="23,24,35,38,43,69,74,82,98,105,114,117,120,128" /><INIT seed="1,2,0,0,2,119" ten="210,446,114,230" oya="1" hai0="34,87,86,93,95,11,84,115,10,100,28,66,94" hai1="81,31,50,71,16,79,14,19,45,103,89,64,57" hai2="3,21,117,126,107,98,23,91,105,26,36,27,13" hai3="0,76,110,111,109,73,128,78,124,42,32,7,121" shuffle="mt19937ar,37B4729B,0AC3F60D,283ABF36,0102BC16,B135D149,80C20CC0,E6056B45,813FF303"/><U37/><E71/><V61/><F3/><W33/><G124/><T60/><D115/><U40/><E103/><V127/><F117/><W101/><G101/><T65/><D100/><U132/><E31/><V92/><F36/><W116/><G116/><T29/><D34/><N who="3" m="13417" /><G128/><T44/><D44/><U74/><E132/><V62/><F13/><W122/><G42/><T63/><D28/><U12/><E89/><V68/><F68/><W90/><G90/><T56/><D29/><U70/><E14/><V67/><F91/><W82/><G76/><T48/><D48/><U5/><E70/><V47/><F47/><W1/><G7/><T123/><D123/><AGARI ba="2,0" hai="0,1,73,78,82,109,110,111,121,122,123" m="13417" machi="123" ten="40,8000,1" yaku="14,1,23,1,52,3" doraHai="119" who="3" fromWho="0" sc="210,-86,446,0,114,0,230,86" /><INIT seed="2,0,0,1,2,51" ten="124,446,114,316" oya="2" hai0="122,19,43,92,34,58,90,54,102,82,120,27,45" hai1="24,47,69,103,18,16,49,134,2,109,78,123,125" hai2="25,3,22,73,98,64,17,99,72,97,114,67,127" hai3="55,70,130,14,20,88,129,6,86,112,93,13,46" shuffle="mt19937ar,84FB8B09,06AE15C8,8FEDBC8A,32DBF392,532AF371,583ACB63,8937ED7B,00E689A2"/><V62/><F114/><W12/><G70/><T111/><D111/><U40/><E109/><V65/><F127/><W5/><G112/><T37/><D102/><U124/><E2/><V59/><REACH who="2" step="1"/><F3/><REACH who="2" step="2"/><W44/><G129/><T28/><D82/><U66/><E125/><V11/><F11/><W94/><G130/><T115/><D115/><U106/><E124/><V128/><F128/><W104/><G104/><T83/><D83/><U9/><E106/><V108/><F108/><W118/><G118/><T36/><D36/><U75/><E9/><V135/><F135/><W131/><G131/><T52/><D19/><U87/><E16/><V60/><F60/><W84/><G5/><T107/><D107/><U30/><E18/><V53/><AGARI ba="0,1" hai="17,22,25,53,59,62,64,65,67,72,73,97,98,99" machi="53" ten="30,6000,0" yaku="1,1,0,1,52,1,53,0" doraHai="51" doraHaiUra="132" who="2" fromWho="2" sc="124,-20,446,-20,104,70,316,-20" /><INIT seed="2,1,0,5,1,36" ten="104,426,174,296" oya="2" hai0="99,97,21,40,68,82,88,105,72,51,98,39,34" hai1="50,26,124,56,44,111,89,10,78,46,65,100,31" hai2="129,122,134,48,79,47,3,59,104,25,115,119,84" hai3="16,24,121,5,66,64,101,92,96,42,125,2,28" shuffle="mt19937ar,E53B7524,4622D7E4,A8EB33D7,A4110C47,EC8B4C4E,AF69E881,13F32872,A2996B9B"/><V35/><F59/><W11/><G121/><T113/><D68/><U55/><E111/><V103/><F103/><W94/><G125/><T1/><D1/><U114/><E114/><V15/><F15/><W135/><G135/><T18/><D113/><U95/><E124/><V53/><F79/><W4/><G42/><T86/><D34/><U76/><E100/><V117/><F84/><W7/><G92/><T30/><D72/><U12/><E65/><V27/><F27/><W109/><G109/><T49/><D30/><U83/><E26/><V60/><F60/><W73/><G73/><T132/><D132/><U112/><E31/><V62/><F62/><W126/><G126/><T71/><D71/><U77/><E83/><V63/><F63/><W8/><G2/><T52/><D105/><U128/><E128/><V19/><F3/><W70/><G70/><T0/><D0/><U80/><E112/><V33/><F115/><W69/><G69/><T108/><D108/><U130/><E130/><V75/><F129/><W23/><G8/><T91/><D91/><U127/><E80/><V38/><F119/><W17/><G17/><T90/><D90/><U43/><E127/><V9/><F19/><W116/><G116/><T102/><D102/><U45/><E43/><V29/><F117/><W87/><G87/><T106/><D106/><U54/><E54/><V81/><F134/><W20/><G11/><T74/><D74/><U110/><E110/><V85/><F9/><W131/><G131/><T37/><D37/><U14/><E10/><V6/><F75/><W22/><G28/><RYUUKYOKU ba="1,0" sc="104,-15,426,15,174,-15,296,15" hai1="12,14,44,45,46,50,55,56,76,77,78,89,95" hai3="4,5,7,16,20,22,23,24,64,66,94,96,101" /><INIT seed="3,2,0,1,3,128" ten="89,441,159,311" oya="3" hai0="75,2,49,71,116,96,16,70,84,48,90,83,95" hai1="125,51,78,79,23,108,30,112,50,20,31,98,130" hai2="34,10,11,43,8,3,126,91,61,27,102,93,85" hai3="120,4,88,104,25,21,110,62,26,119,53,89,111" shuffle="mt19937ar,D4B93B47,C35F1307,538AC221,BCB0718E,ACB22C15,96F4487F,FBCBB261,C89AF8A3"/><W14/><G104/><T132/><D2/><U133/><E112/><V74/><F74/><W129/><G129/><T86/><D116/><U15/><E130/><V38/><F126/><W82/><G120/><T97/><D75/><U76/><E108/><N who="3" m="41514" /><G119/><T103/><D132/><U73/><E133/><V100/><F3/><W113/><G113/><T66/><D71/><U58/><E73/><V44/><REACH who="2" step="1"/><F61/><REACH who="2" step="2"/><W117/><G117/><T65/><D70/><U29/><E125/><V59/><F59/><N who="3" m="35183" /><G82/><T57/><D57/><U64/><E98/><V41/><F41/><W124/><G124/><T19/><D83/><U81/><E81/><V105/><F105/><W40/><G40/><T18/><D97/><U69/><E69/><V1/><F1/><W77/><G77/><T114/><D114/><U101/><E101/><V131/><F131/><W36/><G36/><T12/><D103/><U80/><E80/><V135/><F135/><W127/><G127/><T67/><REACH who="0" step="1"/><D12/><REACH who="0" step="2"/><U6/><E64/><V54/><F54/><W17/><G25/><T35/><D35/><U46/><E58/><V109/><F109/><W39/><G39/><T72/><D72/><U99/><E46/><V47/><F47/><W42/><G42/><T122/><D122/><U106/><E79/><V92/><F92/><W28/><G4/><T63/><D63/><U37/><E37/><V115/><F115/><W60/><G60/><T87/><AGARI ba="2,2" hai="16,18,19,48,49,65,66,67,84,86,87,90,95,96" machi="87" ten="40,12000,2" yaku="1,1,0,1,29,2,8,1,54,1,53,0" doraHai="128" doraHaiUra="5" who="0" fromWho="0" sc="79,146,441,-32,149,-32,311,-62" owari="225,-12,409,40,117,-28,249,0" /></mjloggm>