<mjloggm ver="2.3"><GO type="185"/><UN n0="%E4%B8%89%E7%94%B0%E6%9D%91%E8%8C%9C" n1="%E3%81%B5%E3%81%8F%EF%BC%A3%EF%BD%88%EF%BD%81%EF%BD%8E%E2%99%AA" n2="%E3%80%93%E3%81%84%E3%81%A1%E3%81%AF%E3%82%89%E3%80%93" n3="" dan="17,17,18,0" rate="2184,2162,2232,1500" sx="F,F,M,C"/><TAIKYOKU oya="0"/><INIT seed="0,0,0,2,1,118" ten="350,350,350,0" oya="0" hai0="116,44,95,124,99,55,96,45,66,75,127,65,92" hai1="135,81,63,39,108,40,117,35,132,3,51,1,89" hai2="87,62,77,53,49,38,133,123,54,115,122,110,93" hai3="" shuffle="mt19937ar,E0DA4B57,5214B668,7BFC46F3,6429898B,C9152F70,F678B183,5F059ABF,B8AD7053"/><T78/><D116/><U86/><E117/><V56/><N who="2" m="31264" /><V43/><N who="2" m="31520" /><V57/><F115/><T107/><D107/><U83/><E39/><V97/><F133/><T36/><D36/><U76/><E35/><V114/><F114/><T126/><D75/><U109/><E63/><V46/><F110/><N who="1" m="42601" /><E40/><V90/><F77/><T42/><D78/><U33/><E51/><V94/><F97/><N who="0" m="37450" /><D42/><U59/><E59/><V0/><F0/><N who="1" m="73" /><E33/><V69/><F69/><T58/><D58/><U125/><E125/><V82/><AGARI ba="0,0" hai="38,43,46,49,53,54,56,57,62,82,87,90,93,94" m="31520,31264" machi="82" ten="20,9000,2" yaku="0,1,7,1,52,4" doraHai="118" who="2" fromWho="2" sc="350,-60,350,-30,350,90,0,0" /><INIT seed="1,0,0,5,2,103" ten="290,320,440,0" oya="1" hai0="35,98,110,50,87,62,71,53,64,97,60,81,84" hai1="39,49,119,125,80,72,105,86,58,134,101,113,82" hai2="132,89,130,118,120,59,92,117,90,37,73,88,100" hai3="" shuffle="mt19937ar,7CB15CA4,5B438A69,0A6BDC47,E3CB4BE3,445C72A9,C1CCD943,FB9A5F92,3ABBA589"/><U122/><N who="1" m="31264" /><U52/><E39/><V56/><N who="2" m="30752" /><V107/><F37/><T51/><D35/><U83/><E125/><V42/><F42/><T55/><D110/><U111/><E119/><V109/><F109/><T33/><D33/><U65/><E134/><V96/><F59/><T2/><D2/><U77/><E111/><V128/><F56/><T104/><D81/><U47/><E113/><V95/><F73/><T68/><D64/><U70/><E70/><V121/><N who="2" m="31008" /><V66/><F66/><T106/><AGARI ba="0,0" hai="50,51,53,55,60,62,68,71,84,87,97,98,104,106" machi="106" ten="25,6000,1" yaku="0,1,22,2,52,2" doraHai="103" who="0" fromWho="0" sc="290,60,320,-40,440,-20,0,0" /><INIT seed="2,0,0,0,3,41" ten="350,280,420,0" oya="2" hai0="73,121,111,91,56,65,45,76,100,74,95,52,0" hai1="80,120,78,113,132,130,62,67,79,37,108,71,124" hai2="2,77,103,55,89,122,99,64,101,57,118,43,86" hai3="" shuffle="mt19937ar,7F18D882,7A28F460,CCE3E0AC,C6D0B99B,2EAA3FE0,5675B5E4,899A5C85,F3816416"/><V98/><N who="2" m="31264" /><V47/><F2/><T105/><N who="0" m="31008" /><T106/><D0/><U38/><N who="1" m="30752" /><U85/><E113/><V34/><F34/><T51/><D111/><U84/><E124/><V58/><F118/><T3/><D3/><U61/><E132/><V114/><F114/><T129/><D129/><U60/><E130/><V40/><F77/><T1/><D1/><U72/><E108/><V97/><F64/><T81/><D74/><U39/><E72/><V115/><F43/><T127/><D127/><U125/><E125/><V83/><F115/><T35/><D35/><U75/><E75/><V109/><F109/><T126/><D126/><U59/><E71/><V42/><F42/><T32/><D100/><U82/><AGARI ba="0,0" hai="37,38,39,59,60,61,62,67,78,79,80,82,84,85" m="30752" machi="82" ten="40,3900,0" yaku="0,1,9,1,52,1" doraHai="41" who="1" fromWho="1" sc="350,-13,280,39,420,-26,0,0" /><INIT seed="4,0,0,5,3,122" ten="337,319,394,0" oya="0" hai0="120,99,34,98,111,105,33,42,126,81,0,55,37" hai1="95,66,92,64,131,50,89,78,52,32,70,119,90" hai2="51,65,114,58,47,39,49,110,83,2,121,67,100" hai3="" shuffle="mt19937ar,718DBA4B,04C2E128,588D15DC,EDF8864B,A7F7CB73,8D09ABBE,EC4CB6F1,6713EDC9"/><T62/><N who="0" m="30752" /><T61/><D0/><U101/><E32/><V54/><N who="2" m="31008" /><V68/><F2/><T94/><D126/><U96/><E131/><V56/><F100/><T46/><D105/><U104/><E119/><V97/><F97/><T123/><N who="0" m="31520" /><T88/><D99/><U84/><E78/><V107/><F107/><T127/><D127/><U80/><E70/><V133/><F83/><T57/><D111/><U73/><E92/><V53/><F133/><T132/><D132/><U69/><E69/><V59/><F110/><T79/><D62/><U35/><E35/><V116/><F116/><T72/><AGARI ba="0,0" hai="33,34,37,42,46,55,57,61,72,79,81,88,94,98" m="31520,30752" machi="72" ten="20,8000,1" yaku="0,1,7,1,52,2,54,1" doraHai="122" who="0" fromWho="0" sc="337,80,319,-40,394,-40,0,0" /><INIT seed="4,1,0,3,0,132" ten="417,279,354,0" oya="0" hai0="102,91,85,48,59,72,130,122,73,112,93,80,49" hai1="34,60,113,115,55,50,81,44,121,66,86,41,127" hai2="84,131,75,126,101,57,87,36,129,96,38,71,42" hai3="" shuffle="mt19937ar,D90EC004,B8DAD64C,7B22817B,BE0D8290,DB90E3B0,5CC5D6D9,C4E63547,12D230DB"/><T116/><N who="0" m="31264" /><T53/><D116/><U62/><N who="1" m="31008" /><U77/><E34/><V1/><F1/><T47/><D112/><U128/><E128/><V105/><F71/><T119/><D130/><U89/><E41/><V111/><F75/><T58/><D119/><U82/><E127/><V35/><F35/><T40/><D59/><U123/><N who="1" m="31520" /><U100/><E100/><V118/><F118/><T32/><D32/><U110/><E110/><V46/><F38/><T79/><REACH who="0" step="1"/><D102/><REACH who="0" step="2"/><U2/><E2/><V64/><F131/><T54/><D54/><U52/><E55/><V117/><F117/><T124/><D124/><U37/><E66/><V51/><F126/><T3/><D3/><U133/><E133/><V70/><F129/><T0/><D0/><U94/><E37/><V78/><F36/><T92/><D92/><U68/><E68/><V67/><F70/><T104/><D104/><U109/><E109/><V61/><F111/><T99/><AGARI ba="1,1" hai="40,47,48,49,53,58,72,73,79,80,85,91,93,99" m="31264" machi="99" ten="20,5200,0" yaku="1,1,0,1,7,1,52,1,53,0" doraHai="132" doraHaiUra="65" who="0" fromWho="0" sc="407,64,279,-27,354,-27,0,0" /><INIT seed="4,2,0,0,3,56" ten="471,252,327,0" oya="0" hai0="102,125,54,133,0,35,58,47,131,86,117,101,107" hai1="3,60,97,100,128,69,41,53,51,95,118,71,52" hai2="55,119,78,132,92,76,124,127,1,84,96,106,99" hai3="" shuffle="mt19937ar,CBCF25A3,118E8DFF,2F9C52F6,ACD8E288,A65CB07A,84B43700,FDAD75D7,82EBEFCB"/><T64/><D117/><U108/><E3/><V39/><F1/><T43/><D35/><U126/><E126/><N who="2" m="48171" /><F39/><T50/><D125/><U79/><E118/><V49/><F49/><T36/><D0/><U75/><E108/><V135/><F55/><T77/><D131/><U104/><E128/><V74/><F119/><T57/><D107/><U123/><N who="1" m="31520" /><U38/><E38/><V61/><F61/><T113/><D113/><U112/><E112/><V134/><F74/><T34/><D34/><U45/><E71/><V32/><F32/><T83/><D133/><U2/><E2/><V120/><N who="2" m="30752" /><V130/><F130/><T63/><AGARI ba="2,0" hai="36,43,47,50,54,57,58,63,64,77,83,86,101,102" machi="63" ten="30,2000,0" yaku="0,1,52,1" doraHai="56" who="0" fromWho="0" sc="471,24,252,-12,327,-12,0,0" /><INIT seed="4,3,0,0,4,1" ten="495,240,315,0" oya="0" hai0="81,74,63,41,87,3,96,102,56,98,110,95,115" hai1="124,79,68,40,105,129,89,93,97,57,72,52,94" hai2="58,109,48,54,33,66,128,130,51,88,106,64,45" hai3="" shuffle="mt19937ar,1B41C155,7B9E0A8F,E6D567BE,E6B91021,01C18BCB,9D8E3668,9883D67E,0CB56916"/><T50/><D3/><U117/><E117/><V44/><F106/><T113/><D110/><U108/><E68/><V83/><F33/><T61/><D74/><U47/><E105/><V42/><F109/><T85/><D85/><U119/><E119/><V46/><F83/><T0/><D0/><U131/><E108/><V90/><F88/><T120/><N who="0" m="30752" /><T73/><D73/><U84/><E72/><V122/><N who="2" m="31264" /><V118/><F90/><T69/><D69/><U133/><E133/><V39/><F118/><T34/><D34/><U114/><E114/><N who="0" m="43529" /><D98/><U135/><E135/><V35/><F35/><T2/><D2/><U37/><E124/><V67/><REACH who="2" step="1"/><F58/><REACH who="2" step="2"/><T127/><D127/><U126/><E126/><V70/><F70/><T111/><D56/><U104/><E104/><V36/><F36/><T55/><D111/><U53/><E57/><V82/><F82/><T123/><N who="0" m="31520" /><T125/><D125/><U32/><E32/><V132/><F132/><T38/><D81/><U65/><E97/><V76/><F76/><T121/><N who="0" m="31008" /><T91/><D91/><U77/><E89/><V107/><F107/><T101/><D38/><U116/><E37/><V103/><F103/><T78/><D102/><U86/><E116/><RYUUKYOKU ba="3,1" sc="495,-10,240,-10,305,20,0,0" hai2="39,42,44,45,46,48,51,54,64,66,67,128,130" /><INIT seed="5,4,1,0,5,78" ten="485,230,325,0" oya="1" hai0="49,34,102,96,127,135,46,68,66,59,1,98,33" hai1="43,53,114,129,71,131,77,97,0,41,89,63,60" hai2="116,103,119,55,81,100,75,112,70,56,90,35,74" hai3="" shuffle="mt19937ar,356AD3B6,6264A549,9E89A052,6C83EB2A,1D82E2D1,61F14C67,D7E05A62,F46B172A"/><U82/><E0/><V80/><F70/><T64/><D1/><U105/><E114/><V123/><N who="2" m="31520" /><V42/><F35/><T36/><D68/><U61/><E71/><V44/><F42/><T133/><D36/><U128/><E53/><V84/><F44/><T37/><D37/><U32/><E32/><V99/><F56/><T45/><D102/><U118/><E118/><V120/><N who="2" m="30752" /><V57/><F57/><T115/><D59/><U121/><N who="1" m="31008" /><U58/><E58/><V52/><F84/><T2/><D2/><U101/><REACH who="1" step="1"/><E89/><REACH who="1" step="2"/><V39/><F90/><T113/><D33/><U91/><E91/><V122/><N who="2" m="31264" /><V38/><F99/><T125/><D34/><U48/><E48/><AGARI ba="4,2" hai="45,46,48,49,64,66,96,98,113,115,125,127,133,135" machi="48" ten="25,1600,0" yaku="22,2" doraHai="78" who="0" fromWho="1" sc="485,44,220,-24,325,0,0,0" /><INIT seed="6,0,0,2,4,106" ten="529,196,325,0" oya="2" hai0="94,79,121,115,32,77,118,98,76,92,123,56,88" hai1="91,0,128,132,60,80,40,85,51,43,87,39,109" hai2="126,52,38,122,54,33,53,93,63,112,64,1,86" hai3="" shuffle="mt19937ar,7BC5BC4F,783B5B49,6E715E9D,8F819B4B,CA7E78F8,CC4D74DF,C2CAB440,408BB029"/><V90/><N who="2" m="31264" /><V95/><F33/><T100/><D32/><U34/><E0/><V73/><F1/><T103/><D115/><U129/><E34/><V75/><F112/><T62/><D118/><U68/><E39/><V72/><F126/><T124/><D124/><U36/><E36/><V48/><F38/><T37/><D37/><U59/><E68/><V49/><REACH who="2" step="1"/><F95/><REACH who="2" step="2"/><T116/><D116/><U107/><E129/><V96/><F96/><T69/><N who="0" m="31008" /><T119/><D119/><U47/><E128/><V133/><F133/><T50/><N who="0" m="31520" /><T101/><D94/><U78/><E132/><V55/><N who="2" m="13312" /><DORA hai="102" /><V61/><F61/><T108/><D92/><U110/><E107/><V71/><AGARI ba="0,1" hai="48,49,63,64,71,72,73,75,86,90,93" m="13312,31264" machi="71" ten="50,16000,3" yaku="1,1,0,1,52,4,54,1,53,1" doraHai="106,102" doraHaiUra="58,41" who="2" fromWho="2" sc="529,-80,196,-80,315,170,0,0" owari="449,5,116,-48,485,43,0,0" /></mjloggm>