<mjloggm ver="2.3"><GO type="225"/><UN n0="%E8%B6%85%E3%83%92%E3%83%A2%E3%83%AA%E3%83%AD" n1="%E3%83%9B%E3%83%A2%E3%83%8F%E3%83%A0" n2="%E6%9C%9D%E6%AF%94%E5%A5%88%E8%8B%B1%E7%90%86%E5%AD%90" n3="%EF%BC%88%27%EF%BC%88%E3%82%A7%EF%BC%89%27%6F%EF%BC%89" dan="17,16,16,16" rate="2089,2069,2078,2063" sx="F,M,F,M"/><TAIKYOKU oya="0"/><INIT seed="0,0,0,5,4,28" ten="250,250,250,250" oya="0" hai0="13,52,85,112,68,56,18,83,88,91,126,115,48" hai1="121,113,14,47,78,130,65,128,19,62,35,34,129" hai2="36,64,16,119,96,108,46,38,25,104,90,81,20" hai3="45,40,33,26,120,11,57,42,0,39,49,94,22" shuffle="mt19937ar,241129CB,A1188584,720C1CC3,09C2B062,5D25DE7F,3798D5F1,4D6399FF,A6782BEA"/><T50/><D68/><N who="1" m="42039" /><E121/><V6/><F108/><W43/><G120/><T12/><D126/><U135/><E135/><V134/><F134/><W98/><G33/><N who="1" m="12298" /><E113/><V97/><F6/><W100/><G39/><T5/><D5/><U103/><E103/><V124/><F124/><W41/><G0/><T110/><D110/><U117/><E117/><V67/><F119/><W122/><G122/><T55/><D91/><U75/><E47/><V24/><F46/><W60/><G11/><T59/><D13/><U82/><E19/><V87/><F16/><W27/><REACH who="3" step="1"/><G22/><AGARI ba="0,0" hai="12,18,22,48,50,52,55,56,59,83,85,88,112,115" machi="22" ten="30,11600,0" yaku="7,1,9,1,54,2" doraHai="28" who="0" fromWho="3" sc="250,116,250,0,250,0,250,-116" /><INIT seed="0,1,0,0,0,106" ten="366,250,250,134" oya="0" hai0="90,122,28,46,63,88,26,30,111,123,103,38,1" hai1="16,34,18,87,119,101,13,117,126,116,6,99,2" hai2="43,17,80,31,86,19,55,128,96,4,10,47,15" hai3="53,56,40,67,59,8,58,64,92,85,95,130,0" shuffle="mt19937ar,D418D74A,807DCB8C,D0C6A153,4FCEB8C4,2D4291EA,CBB5D752,5F6D5214,92B0C8AE"/><T120/><D1/><U71/><E71/><V9/><F128/><W48/><G130/><T29/><D111/><U57/><E126/><V74/><F31/><W97/><G40/><T7/><D7/><U102/><E34/><V22/><F96/><W39/><G39/><T60/><D103/><U61/><E87/><V107/><F107/><W77/><G0/><T50/><D38/><U127/><E127/><V104/><F104/><W105/><G105/><T109/><D109/><U98/><E2/><V100/><F100/><W65/><G8/><T76/><D76/><U41/><E41/><V113/><F113/><W51/><G53/><T121/><D121/><U3/><E3/><V125/><F125/><W20/><G20/><T21/><D63/><U37/><E37/><V89/><F74/><W66/><N who="3" m="16384" /><DORA hai="36" /><W93/><G97/><T44/><D60/><U49/><E49/><N who="2" m="26879" /><F55/><W73/><G73/><T5/><D5/><U52/><E6/><V54/><F54/><W129/><G129/><T135/><D135/><U11/><E101/><V45/><F45/><W112/><G112/><T83/><D46/><U124/><E124/><V23/><F4/><W94/><N who="3" m="23552" /><DORA hai="62" /><W115/><G115/><T24/><D120/><U131/><E131/><V114/><F114/><W133/><G133/><T35/><D122/><U132/><E132/><V68/><F68/><W25/><G25/><AGARI ba="1,0" hai="9,10,15,17,19,22,23,25,80,86,89" m="26879" machi="25" ten="30,2000,0" yaku="8,1,52,1" doraHai="106,36,62" who="2" fromWho="3" sc="366,0,250,0,250,23,134,-23" /><INIT seed="1,0,0,2,1,67" ten="366,250,273,111" oya="1" hai0="16,35,22,44,42,43,80,3,129,1,69,38,77" hai1="50,104,121,125,132,54,110,84,0,20,24,109,11" hai2="57,6,7,76,63,103,99,66,53,73,13,118,29" hai3="131,79,100,71,87,81,56,122,18,14,70,135,126" shuffle="mt19937ar,DCEE48AF,B28B5F49,0DA92AD2,489A1BC6,F6173141,F0677087,A328F744,2CB62DA3"/><U112/><E121/><V19/><F118/><W49/><G122/><T90/><D35/><U39/><E112/><V34/><F76/><W108/><G108/><N who="1" m="41578" /><E39/><V120/><F73/><W33/><G33/><T133/><D129/><U85/><E104/><V97/><F120/><W55/><G131/><T96/><D133/><U27/><E132/><V45/><F97/><W92/><G135/><T51/><D38/><U72/><E72/><V5/><F34/><W32/><G32/><T2/><D42/><U78/><E125/><V134/><F134/><W4/><G4/><T117/><D117/><U82/><E85/><V15/><F29/><W52/><G126/><T113/><D113/><U65/><E65/><V61/><F19/><W40/><G40/><T114/><D114/><U30/><E27/><V8/><F13/><W94/><G55/><T93/><D69/><U46/><E11/><V127/><F127/><W86/><G94/><T10/><D10/><U12/><E12/><V68/><REACH who="2" step="1"/><F45/><REACH who="2" step="2"/><W105/><G105/><AGARI ba="0,1" hai="5,6,7,8,15,53,57,61,63,66,68,99,103,105" machi="105" ten="30,7700,0" yaku="1,1,2,1,7,1,52,1,53,0" doraHai="67" doraHaiUra="23" who="2" fromWho="3" sc="366,0,250,0,263,87,111,-77" /><INIT seed="2,0,0,5,3,65" ten="366,250,350,34" oya="2" hai0="93,67,82,64,70,49,103,131,51,123,24,90,80" hai1="74,10,13,8,4,17,129,42,2,52,98,106,87" hai2="19,107,61,72,96,60,36,109,22,27,32,34,5" hai3="0,44,114,101,39,21,40,30,58,92,18,132,91" shuffle="mt19937ar,FA6DCC77,C5557A1A,1275FEDA,BBCCC5E5,42F64F08,DA0BA384,30E480DE,82B8D354"/><V20/><F36/><W62/><G0/><T86/><D123/><U48/><E129/><V89/><F72/><W3/><G3/><T55/><D131/><U126/><E126/><V119/><F119/><W59/><G132/><T73/><D73/><U116/><E116/><V50/><F5/><W47/><G114/><T78/><D70/><U113/><E74/><V54/><F109/><W14/><G101/><T7/><D103/><U28/><E113/><V43/><F43/><W45/><G30/><T15/><D49/><U46/><E28/><N who="2" m="17527" /><F34/><W63/><G62/><T35/><D35/><U29/><E29/><V121/><F107/><W110/><G59/><T127/><D127/><U76/><E98/><V88/><F32/><W16/><G18/><T117/><D117/><U135/><E135/><V130/><F130/><W94/><G110/><T23/><D15/><U99/><E99/><V71/><F71/><W108/><G108/><T26/><D7/><U95/><E106/><V57/><F121/><W37/><G37/><T33/><D26/><U53/><REACH who="1" step="1"/><E76/><REACH who="1" step="2"/><V41/><F96/><W68/><G68/><T115/><D115/><U120/><E120/><V97/><F97/><W31/><G31/><N who="0" m="17823" /><D78/><U11/><E11/><V6/><F89/><AGARI ba="0,1" hai="2,4,8,10,13,17,42,46,48,52,53,87,89,95" machi="89" ten="40,5200,0" yaku="1,1,54,1,53,1" doraHai="65" doraHaiUra="12" who="1" fromWho="2" sc="366,0,240,62,350,-52,34,0" /><INIT seed="3,0,0,5,5,63" ten="366,302,298,34" oya="3" hai0="21,31,114,104,116,60,34,35,65,97,2,15,16" hai1="59,54,101,25,40,9,94,17,123,126,84,56,14" hai2="118,39,29,3,100,115,61,26,73,1,112,18,10" hai3="132,24,120,72,117,110,0,106,125,38,87,86,57" shuffle="mt19937ar,883D5158,31380AD4,FA791A6E,7D8E17F8,30C515A8,7C2237BA,24D377D4,9169188B"/><W28/><RYUUKYOKU type="yao9" ba="0,0" sc="366,0,302,0,298,0,34,0" hai3="0,24,28,38,57,72,86,87,106,110,117,120,125,132" /><INIT seed="3,1,0,4,0,16" ten="366,302,298,34" oya="3" hai0="21,119,3,89,48,113,38,84,69,115,33,59,106" hai1="94,36,75,70,5,45,60,114,64,129,13,134,74" hai2="49,1,97,7,28,68,72,34,104,15,88,30,55" hai3="116,43,126,14,96,9,127,107,26,105,80,65,67" shuffle="mt19937ar,956A59E0,AA07DB57,0FCB9B24,5C1F0E7F,3FB24828,9D60D07D,C3806075,1F1B1DCB"/><W47/><G116/><T10/><D33/><U82/><E114/><N who="0" m="43529" /><D69/><U95/><E134/><V50/><F68/><W81/><G26/><T20/><D38/><U109/><E109/><V130/><F72/><W78/><G67/><T42/><D106/><U103/><E129/><V29/><F34/><W11/><G65/><T25/><D119/><U61/><E61/><V131/><F1/><W100/><G107/><T124/><D124/><N who="3" m="47657" /><G14/><T112/><D112/><U98/><E95/><N who="2" m="56551" /><F104/><W27/><G27/><T12/><D3/><U79/><E75/><V57/><F130/><W54/><G54/><N who="0" m="32199" /><D25/><U23/><E5/><V41/><F131/><W108/><G108/><T92/><D42/><U121/><E36/><V76/><F76/><W99/><G99/><T51/><D51/><U62/><E62/><N who="2" m="36159" /><F41/><W133/><G133/><T85/><D85/><U58/><E70/><V35/><F35/><W73/><G81/><T24/><D24/><U31/><E82/><V91/><F91/><W123/><G123/><T22/><D12/><U8/><E121/><V128/><F128/><W135/><G135/><T17/><D89/><U122/><E122/><V71/><F71/><W56/><G56/><T37/><D37/><AGARI ba="1,0" hai="9,11,37,43,47,73,78,80,96,100,105" m="47657" machi="37" ten="30,1500,0" yaku="18,1" doraHai="16" who="3" fromWho="0" sc="366,-18,302,0,298,0,34,18" /><INIT seed="3,2,0,0,3,104" ten="348,302,298,52" oya="3" hai0="19,39,88,100,62,3,1,13,113,45,108,17,10" hai1="14,52,91,18,101,57,119,72,65,69,50,130,122" hai2="64,22,68,24,38,77,78,63,79,28,118,109,46" hai3="111,61,44,29,134,26,74,41,99,76,47,123,7" shuffle="mt19937ar,E4F57610,B0040A41,57DDDFE8,70DB6B0E,AB50D173,844A9821,28C9FD8D,DE811A57"/><W71/><G123/><T51/><D108/><U16/><E72/><V133/><F109/><W49/><G111/><T125/><D125/><U55/><E122/><V67/><F133/><W37/><G134/><T60/><D113/><U127/><E127/><V110/><F110/><W87/><G87/><T124/><D124/><U70/><E130/><V98/><F118/><W73/><G76/><T97/><D39/><U102/><E119/><V106/><F67/><W2/><G99/><T94/><D3/><U121/><E121/><V80/><F38/><W9/><G71/><T103/><D1/><U135/><E135/><V114/><F46/><W4/><G4/><T8/><D8/><U89/><E65/><V21/><F114/><W5/><G61/><N who="0" m="23659" /><D19/><U92/><E69/><V82/><REACH who="2" step="1"/><F22/><REACH who="2" step="2"/><W120/><G120/><T12/><D12/><U107/><E70/><V32/><F32/><W33/><REACH who="3" step="1"/><G7/><REACH who="3" step="2"/><T11/><D11/><U35/><E91/><V95/><F95/><W86/><G86/><T90/><D90/><U83/><E92/><V81/><F81/><W132/><G132/><T84/><D84/><U34/><E89/><V36/><F36/><W48/><G48/><T6/><D6/><U31/><E83/><V20/><F20/><W93/><G93/><T53/><AGARI ba="2,2" hai="10,13,17,45,51,53,88,94,97,100,103" m="23659" machi="53" ten="30,2000,0" yaku="8,1,54,1" doraHai="104" who="0" fromWho="0" sc="348,46,302,-7,288,-7,42,-12" owari="394,39,295,5,281,-7,30,-37" /></mjloggm>