<mjloggm ver="2.3"><GO type="185"/><UN n0="%E5%83%8D%E3%81%8D%E3%81%9F%E3%81%8F%E3%81%AA%E3%81%84" n1="%E7%B1%B3%E5%85%89%E5%80%B6%E6%A5%BD%E9%83%A8" n2="%E3%81%B5%E3%81%8F%EF%BC%A3%EF%BD%88%EF%BD%81%EF%BD%8E%E2%99%AA" n3="" dan="17,16,17,0" rate="2187,2170,2190,1500" sx="M,F,F,C"/><TAIKYOKU oya="0"/><INIT seed="0,0,0,0,2,35" ten="350,350,350,0" oya="0" hai0="44,108,38,82,83,33,126,92,127,122,131,45,42" hai1="65,101,66,88,90,37,73,3,105,93,34,55,134" hai2="104,87,89,48,85,77,128,39,47,91,97,36,32" hai3="" shuffle="mt19937ar,212413E5,D365C99A,B6B0B389,0B1D9E0F,345404F0,378DAE60,E88AE234,A98E5F3A"/><T133/><N who="0" m="31264" /><T114/><D33/><U116/><E3/><V72/><F32/><T43/><D114/><U46/><E34/><V41/><F77/><T118/><D118/><U71/><E73/><V64/><F72/><T107/><D107/><U40/><E116/><V81/><F64/><T61/><D133/><U129/><E134/><V52/><F128/><T59/><D131/><U132/><E132/><V102/><REACH who="2" step="1"/><F41/><REACH who="2" step="2"/><T94/><D43/><U76/><E129/><V109/><F109/><T57/><D108/><U50/><E76/><V78/><F78/><T106/><D42/><U121/><N who="1" m="31008" /><U0/><E66/><V111/><F111/><T67/><D67/><U130/><E65/><V115/><F115/><T119/><D119/><U79/><E79/><V84/><F84/><T60/><REACH who="0" step="1"/><D106/><REACH who="0" step="2"/><U125/><E105/><V54/><F54/><T56/><D56/><U70/><E55/><V2/><F2/><T86/><D86/><U96/><E0/><V80/><AGARI ba="0,2" hai="36,39,47,48,52,80,81,85,87,89,91,97,102,104" machi="80" ten="20,9000,2" yaku="1,1,0,1,7,1,9,1,54,1,53,1" doraHai="35" doraHaiUra="49" who="2" fromWho="2" sc="340,-60,350,-30,340,110,0,0" /><INIT seed="1,0,0,3,5,59" ten="280,320,450,0" oya="1" hai0="67,76,65,130,56,83,116,63,75,104,107,92,108" hai1="87,114,109,74,51,112,95,36,70,38,32,34,94" hai2="57,72,135,120,127,119,48,113,33,102,0,47,44" hai3="" shuffle="mt19937ar,2339A2DC,894A8F47,6FF9CD0B,43CEAF92,4C4CB4EB,BD87E533,2EBCBD52,E6BA4963"/><U41/><E70/><V69/><RYUUKYOKU type="yao9" ba="0,0" sc="280,0,320,0,450,0,0,0" hai2="0,33,44,47,48,57,69,72,102,113,119,120,127,135" /><INIT seed="1,1,0,2,3,95" ten="280,320,450,0" oya="1" hai0="85,77,80,43,81,65,52,88,75,123,116,126,54" hai1="1,46,53,134,131,112,133,87,76,50,55,107,70" hai2="62,42,35,2,122,130,132,93,58,83,69,47,135" hai3="" shuffle="mt19937ar,2C078CA2,484236C3,1567B49F,C7170B49,65B5CFE4,776BD451,045947E7,0DAF4A3C"/><U64/><E1/><V124/><N who="2" m="31264" /><V63/><F2/><T32/><N who="0" m="31520" /><T57/><D32/><U113/><E107/><V86/><F35/><T97/><D126/><U60/><E76/><V103/><F124/><T106/><D116/><U114/><E87/><V94/><F69/><T96/><D43/><U105/><E105/><V111/><F63/><T90/><D65/><U117/><E117/><V98/><F94/><T125/><D125/><U79/><E79/><V118/><F118/><T49/><D106/><U68/><E131/><V78/><F130/><T101/><D101/><U121/><N who="1" m="31008" /><U110/><E110/><V73/><F111/><T40/><D40/><U120/><N who="1" m="30752" /><U91/><E91/><V37/><F86/><T108/><D108/><U89/><E89/><V0/><F0/><T115/><D115/><U36/><E36/><V127/><F127/><T66/><D66/><U51/><E68/><V74/><F74/><T33/><D33/><U44/><AGARI ba="1,0" hai="44,46,50,51,53,55,60,64,70,112,113,114,133,134" m="30752,31008" machi="44" ten="40,12000,2" yaku="0,1,9,1,34,3,52,2" doraHai="95" who="1" fromWho="1" sc="280,-61,320,122,450,-61,0,0" /><INIT seed="1,2,0,1,2,74" ten="219,442,389,0" oya="1" hai0="77,84,86,35,70,129,99,123,124,54,102,82,56" hai1="32,105,93,115,62,72,122,61,106,0,76,40,126" hai2="112,118,75,3,66,81,127,121,111,42,45,95,53" hai3="" shuffle="mt19937ar,268BD979,C2E177E7,9482B763,4595D603,EE826BF1,ECA92FF4,BEF98D58,21213ABF"/><U55/><E40/><V83/><N who="2" m="31008" /><V128/><F3/><T59/><N who="0" m="31520" /><T100/><D35/><U57/><N who="1" m="31264" /><U2/><E32/><V109/><F118/><T120/><N who="0" m="30752" /><T52/><D70/><U34/><E34/><V87/><F112/><T60/><D124/><U73/><E115/><V114/><F114/><T131/><D86/><U71/><E93/><V78/><F66/><T133/><D133/><U104/><E126/><V67/><F67/><T90/><D90/><U79/><E71/><V88/><F53/><T101/><REACH who="0" step="1"/><D99/><REACH who="0" step="2"/><U97/><E97/><V58/><F127/><T117/><D117/><U39/><E39/><V51/><F128/><T64/><D64/><U92/><E0/><V125/><F125/><T135/><D135/><U110/><E2/><V36/><F111/><T63/><AGARI ba="2,1" hai="52,54,56,59,60,63,77,82,84,100,101,102,129,131" m="30752,31520" machi="63" ten="30,12000,3" yaku="1,1,0,1,9,1,52,3,54,1,53,2" doraHai="74" doraHaiUra="49" who="0" fromWho="0" sc="209,134,442,-82,389,-42,0,0" /><INIT seed="2,0,0,0,0,121" ten="343,360,347,0" oya="2" hai0="48,33,74,132,68,107,66,37,135,115,59,51,100" hai1="126,80,52,97,43,85,110,71,82,86,130,78,134" hai2="65,129,83,32,123,49,116,125,77,105,84,53,118" hai3="" shuffle="mt19937ar,56152EFF,EEFC933A,3F7881EB,021DC360,420D63C8,9299C58B,74EBE665,869BF8A5"/><V117/><N who="2" m="31520" /><V0/><F32/><T113/><D33/><U128/><E71/><V96/><F0/><T98/><D37/><U111/><E43/><V87/><F125/><T104/><D74/><U99/><E52/><V47/><F129/><T46/><D68/><U88/><E126/><V122/><N who="2" m="31264" /><V50/><F87/><T64/><D59/><U58/><E58/><V54/><F96/><N who="1" m="36937" /><E134/><N who="0" m="51241" /><D107/><U102/><E102/><V72/><F105/><T1/><D1/><U38/><E38/><V91/><F65/><N who="0" m="25194" /><D51/><U55/><E55/><AGARI ba="0,0" hai="46,48,55,98,100,104,113,115" m="25194,51241" machi="55" ten="30,1000,0" yaku="20,1" doraHai="121" who="0" fromWho="1" sc="343,10,360,-10,347,0,0,0" /><INIT seed="4,0,0,4,4,101" ten="353,350,347,0" oya="0" hai0="84,58,88,33,0,132,119,83,81,107,42,80,127" hai1="66,82,48,113,128,69,130,110,122,60,77,56,61" hai2="99,125,109,68,98,114,120,3,54,90,65,63,52" hai3="" shuffle="mt19937ar,1A2CB09F,A2EC32B2,EE227CD6,F95CD1F1,8F3198E6,5BF848AB,18107914,F3CCAA79"/><T2/><D119/><U87/><N who="1" m="31264" /><U135/><E110/><V93/><N who="2" m="30752" /><V96/><F3/><T73/><D33/><U49/><E113/><V38/><F38/><T40/><D127/><U89/><E135/><V44/><F109/><T134/><D107/><U106/><E106/><V86/><F125/><T111/><D111/><U108/><E108/><V1/><F1/><T55/><D2/><U34/><E34/><V121/><N who="2" m="31008" /><V94/><F114/><T50/><D0/><U131/><E77/><V76/><F76/><T35/><D35/><U129/><N who="1" m="32768" /><DORA hai="41" /><U103/><REACH who="1" step="1"/><E103/><REACH who="1" step="2"/><V57/><F44/><T85/><D132/><U37/><E37/><V123/><N who="2" m="31520" /><V75/><F75/><T104/><D134/><U91/><E91/><V124/><F124/><T92/><D104/><U53/><AGARI ba="0,1" hai="48,49,53,56,60,61,66,69,82,87,89" m="32768,31264" machi="53" ten="60,6000,1" yaku="1,1,0,1,19,1,52,1,53,1" doraHai="101,41" doraHaiUra="102,64" who="1" fromWho="1" sc="353,-40,340,70,347,-20,0,0" /><INIT seed="5,0,0,0,3,132" ten="313,410,327,0" oya="1" hai0="69,1,56,107,133,102,86,117,106,76,85,97,90" hai1="104,124,75,123,2,3,73,79,60,94,72,67,48" hai2="54,96,38,93,50,37,51,66,53,35,89,119,130" hai3="" shuffle="mt19937ar,459A0A5F,1333C5EA,9EE09C33,12C8CA2A,FB495AAF,1E740FEE,5522FCAE,7E7E6592"/><U100/><N who="1" m="31520" /><U101/><E104/><V45/><F130/><T122/><N who="0" m="31264" /><T78/><D1/><U40/><E79/><N who="0" m="30249" /><D69/><U127/><E94/><V74/><F35/><T103/><D56/><U64/><E48/><V120/><N who="2" m="30752" /><V110/><F110/><T59/><D59/><U95/><E95/><V99/><F66/><N who="1" m="25129" /><E60/><V92/><F119/><T84/><D117/><U131/><E40/><V113/><F113/><T118/><D133/><U82/><E82/><V109/><F109/><T87/><D118/><U134/><E131/><V34/><F34/><T129/><D129/><U63/><E63/><V83/><F83/><T61/><D61/><U135/><E135/><V52/><F74/><T115/><D115/><U39/><E39/><V41/><REACH who="2" step="1"/><F50/><REACH who="2" step="2"/><T42/><D42/><U0/><E134/><V81/><F81/><T49/><D49/><U88/><E88/><AGARI ba="0,1" hai="37,38,41,45,51,52,53,54,88,89,92,93,96,99" m="30752" machi="88" ten="40,8000,1" yaku="1,1,9,1,52,1,54,2,53,0" doraHai="132" doraHaiUra="121" who="2" fromWho="1" sc="313,0,410,-80,317,90,0,0" /><INIT seed="6,0,0,5,1,103" ten="313,330,407,0" oya="2" hai0="80,38,112,62,50,94,95,77,130,92,87,97,47" hai1="114,34,63,39,58,84,90,53,128,109,117,104,105" hai2="35,118,98,51,3,106,68,107,57,79,61,96,82" hai3="" shuffle="mt19937ar,9D45F5F8,F8B15E0A,2BCCF0E0,461F2728,070D3FDF,B772D65C,67090503,24D2D501"/><V91/><F3/><T45/><D130/><U46/><E34/><V2/><F2/><T85/><D112/><U72/><E72/><V126/><F35/><T119/><D119/><U69/><E117/><V131/><F118/><T102/><D38/><U1/><E1/><V110/><F110/><T134/><D134/><U81/><E109/><V88/><F68/><T40/><D45/><U43/><E114/><V44/><F126/><T32/><D32/><U124/><E124/><V42/><F98/><T71/><D71/><U127/><E127/><V123/><N who="2" m="31520" /><V99/><F99/><T54/><D87/><U64/><E128/><V66/><F131/><T56/><AGARI ba="0,0" hai="40,47,50,54,56,62,77,80,85,92,94,95,97,102" machi="56" ten="30,1500,0" yaku="0,1,8,1" doraHai="103" who="0" fromWho="0" sc="313,15,330,-5,407,-10,0,0" /><INIT seed="8,0,0,3,0,88" ten="328,325,397,0" oya="0" hai0="61,32,39,73,48,57,134,81,59,33,1,49,79" hai1="125,92,83,127,54,90,91,122,112,34,56,82,101" hai2="72,52,120,121,132,110,117,37,40,123,119,74,62" hai3="" shuffle="mt19937ar,5B286C17,AEAFB933,242E1E85,8249FB32,F814051C,5A11BF7B,E7B13583,9D8FB8C8"/><T124/><D39/><U94/><N who="1" m="31264" /><U100/><E34/><V50/><F110/><T85/><D1/><U45/><E45/><V118/><F132/><T98/><D134/><U87/><E54/><V89/><F62/><T47/><D124/><N who="1" m="47691" /><E56/><V58/><F89/><T38/><D38/><U111/><E111/><V97/><F97/><T0/><D0/><U68/><E68/><V126/><F126/><T113/><D85/><U109/><E109/><V104/><F104/><T95/><D57/><U105/><E112/><V66/><F66/><T55/><D49/><U35/><E35/><V71/><F71/><T63/><D113/><U102/><E105/><V43/><F43/><T76/><D76/><U116/><E116/><V107/><F107/><T135/><D135/><U75/><E75/><V103/><F40/><T36/><D36/><U77/><E77/><V67/><F37/><T96/><D63/><U133/><E133/><V44/><F67/><T42/><D33/><U106/><E106/><V64/><F64/><T2/><D2/><U51/><E51/><V99/><F44/><T86/><D32/><U129/><E129/><V60/><F60/><T41/><D41/><U46/><E46/><V3/><F3/><T70/><D70/><RYUUKYOKU ba="0,0" sc="328,0,325,0,397,0,0,0" hai0="42,47,48,55,59,61,73,79,81,86,95,96,98" hai1="82,83,87,90,91,92,94,100,101,102" hai2="50,52,58,72,74,99,103,117,118,119,120,121,123" /><INIT seed="8,1,0,2,5,46" ten="328,325,397,0" oya="0" hai0="87,85,50,88,39,119,74,61,66,116,63,91,55" hai1="57,67,89,106,123,80,47,3,73,120,34,59,40" hai2="126,81,49,48,79,76,58,130,98,107,108,105,121" hai3="" shuffle="mt19937ar,ED2257B0,A026FAF9,C3BB8681,CCE3EA41,5F555B7D,A64AB185,A84CA25F,D8947DDD"/><T41/><D74/><U92/><N who="1" m="30752" /><U132/><N who="1" m="31520" /><U45/><E3/><V114/><N who="2" m="31008" /><V52/><F108/><T97/><D39/><U56/><E106/><V110/><F110/><T133/><D41/><U44/><E34/><V99/><F114/><T96/><D133/><U77/><E132/><V37/><F37/><T65/><D55/><U33/><E33/><V38/><F38/><T2/><REACH who="0" step="1"/><D50/><REACH who="0" step="2"/><U127/><E127/><V129/><F126/><T117/><D117/><U42/><REACH who="1" step="1"/><E67/><REACH who="1" step="2"/><V112/><F112/><T100/><D100/><U124/><E124/><V72/><F129/><T75/><D75/><U0/><E0/><AGARI ba="1,2" hai="0,2,61,63,65,66,85,87,88,91,96,97,116,119" machi="0" ten="25,9600,0" yaku="1,1,22,2,54,1,53,0" doraHai="46" doraHaiUra="125" who="0" fromWho="1" sc="318,118,315,-98,397,0,0,0" owari="436,38,217,-38,397,0,0,0" /></mjloggm>