<mjloggm ver="2.3"><GO type="169"/><UN n0="%E5%88%BB%E5%AD%90%E5%B8%82%E6%B0%91" n1="%E5%A4%A7%E6%B5%B7%E7%A5%9E" n2="%E3%82%A2%E3%83%B3%E3%82%B3%E3%83%AD%E3%82%AD%E3%83%B3%E3%82%B0" n3="%E4%B8%80%E6%96%B9%E9%80%9A%E8%A1%8C" dan="17,16,17,16" rate="2123,2032,2149,2048" sx="M,M,M,M"/><TAIKYOKU oya="0"/><INIT seed="0,0,0,5,1,70" ten="250,250,250,250" oya="0" hai0="51,19,21,46,61,43,3,28,115,45,106,135,59" hai1="37,60,94,125,109,4,114,131,112,107,44,2,24" hai2="130,27,113,104,78,126,117,87,128,12,15,80,8" hai3="82,65,93,84,91,22,97,108,55,89,10,121,120" shuffle="mt19937ar,D0F4EE89,0EFB6030,08A270C8,F0A88F7F,84E830AB,1E333802,CC81950F,D39215E2"/><T18/><D115/><U99/><E107/><V68/><F68/><W30/><G108/><T95/><D3/><U0/><E109/><V69/><F69/><W1/><G65/><T35/><D106/><U111/><E111/><V85/><F104/><W36/><G55/><T53/><D35/><U110/><E110/><V98/><F113/><W102/><G36/><T73/><D73/><U83/><E60/><V123/><F98/><W81/><G30/><T50/><D135/><U103/><E24/><V77/><F123/><N who="3" m="47179" /><G22/><T67/><D28/><U72/><E0/><V127/><F27/><W54/><G54/><T132/><D132/><U118/><E118/><V34/><F34/><W62/><G62/><T26/><D95/><U74/><E74/><V96/><F96/><W124/><G124/><N who="2" m="47657" /><F117/><W105/><G91/><T64/><REACH who="0" step="1"/><D19/><REACH who="0" step="2"/><U42/><E125/><V71/><F80/><W9/><G1/><T56/><D56/><U16/><E16/><V32/><F71/><W11/><AGARI ba="0,1" hai="9,10,11,81,82,84,89,93,97,102,105" m="47179" machi="11" ten="30,1100,0" yaku="13,1" doraHai="70" who="3" fromWho="3" sc="240,-5,250,-3,250,-3,250,21" /><INIT seed="1,0,0,1,5,20" ten="235,247,247,271" oya="1" hai0="126,103,114,106,120,107,37,8,26,40,128,74,125" hai1="75,28,81,44,55,98,27,83,85,57,135,97,94" hai2="32,65,4,78,96,24,9,100,15,21,34,73,50" hai3="62,132,79,95,25,84,18,123,86,60,134,56,5" shuffle="mt19937ar,783BD4CB,7852900D,3481D52C,1E431914,A540A32D,C2F74817,4246E050,82DCE4F9"/><U131/><E135/><N who="3" m="51754" /><G123/><T36/><D74/><U54/><E131/><V63/><F50/><W11/><G79/><T6/><D114/><U72/><E44/><V133/><F78/><W17/><G95/><T49/><D128/><U80/><E75/><V110/><F73/><W93/><G93/><T119/><D119/><U124/><E72/><V33/><F133/><W22/><G18/><T30/><D49/><U19/><E124/><V102/><F110/><W42/><G42/><T7/><D120/><U0/><E0/><V104/><F102/><W48/><G48/><T92/><D92/><U108/><E108/><V66/><REACH who="2" step="1"/><F63/><REACH who="2" step="2"/><N who="3" m="24107" /><G56/><T90/><D103/><U88/><E57/><V109/><F109/><W91/><G91/><T61/><D90/><U35/><REACH who="1" step="1"/><E19/><AGARI ba="0,1" hai="4,9,15,19,21,24,32,33,34,65,66,96,100,104" machi="19" ten="40,2600,0" yaku="1,1,52,1,53,0" doraHai="20" doraHaiUra="45" who="2" fromWho="1" sc="235,0,247,-26,237,36,271,0" /><INIT seed="2,0,0,4,1,65" ten="235,221,273,271" oya="2" hai0="85,125,97,120,18,71,50,96,41,134,135,87,25" hai1="8,68,90,10,16,107,64,114,3,88,94,38,102" hai2="108,109,95,30,89,5,117,118,111,57,124,123,70" hai3="93,133,78,110,75,14,11,9,127,103,20,116,69" shuffle="mt19937ar,14B58436,9E392A37,E0F882AF,CDD1D27F,A11DF79A,E005D13A,68049B68,CE6EB2FC"/><V77/><F5/><W86/><G116/><N who="2" m="44649" /><F30/><W83/><G110/><T29/><D18/><U46/><E114/><V128/><F57/><W80/><G127/><T122/><D125/><U60/><E107/><V115/><F124/><W4/><G133/><T52/><D41/><U55/><E10/><V7/><F7/><W58/><G58/><T19/><D19/><U82/><E3/><V6/><F6/><W63/><G20/><T104/><D104/><U2/><E2/><V48/><F48/><W72/><G11/><T39/><D39/><U40/><E55/><V130/><F70/><W51/><G51/><T1/><D71/><U73/><E73/><V35/><F35/><W23/><G23/><T106/><D1/><U36/><E36/><V21/><F21/><W28/><G28/><T84/><D29/><U0/><E0/><V27/><F27/><W98/><REACH who="3" step="1"/><G83/><REACH who="3" step="2"/><T129/><D135/><U81/><E81/><V33/><F33/><W105/><G105/><T24/><D106/><U22/><E82/><V101/><F115/><W62/><G62/><T34/><D134/><U100/><E8/><V44/><F44/><W42/><G42/><T53/><D34/><U17/><E94/><V67/><F123/><W43/><G43/><T119/><D122/><U132/><E132/><V121/><F121/><W61/><G61/><T112/><D120/><U31/><E31/><V59/><F59/><W131/><G131/><T91/><D119/><U79/><E22/><V74/><F67/><AGARI ba="0,1" hai="4,9,14,63,67,69,72,75,78,80,86,93,98,103" machi="67" ten="40,5200,0" yaku="1,1,52,1,53,1" doraHai="65" doraHaiUra="56" who="3" fromWho="2" sc="235,0,221,0,273,-52,261,62" /><INIT seed="3,0,0,2,3,25" ten="235,221,221,323" oya="3" hai0="72,50,1,0,66,5,29,120,84,122,49,28,105" hai1="21,19,16,131,64,129,92,46,118,45,17,100,96" hai2="65,79,48,95,121,18,57,86,8,103,30,60,132" hai3="20,90,102,110,126,42,107,6,85,26,15,36,62" shuffle="mt19937ar,EB6BD4F9,A6918C9F,49692BAA,D023A56B,FAD342A9,C56146CD,308E4128,DCECCF8F"/><W71/><G126/><T106/><D72/><U83/><E118/><V91/><F121/><W33/><G36/><T77/><D77/><U124/><E124/><V81/><F132/><W44/><G6/><T27/><D27/><U119/><E119/><V117/><F117/><W94/><G15/><T97/><D5/><U41/><E46/><V89/><F103/><W58/><G110/><T59/><D97/><U10/><E10/><V116/><F116/><W127/><G127/><T12/><D12/><U104/><E104/><V87/><F48/><W2/><G2/><T70/><D59/><U39/><E64/><V35/><F35/><W47/><G42/><T23/><D66/><U88/><E83/><V115/><F115/><W53/><G33/><T76/><D76/><U3/><E3/><V123/><F123/><W128/><G71/><T4/><D4/><U112/><E112/><V108/><F108/><W74/><G74/><T68/><D23/><U82/><E82/><V69/><F69/><W34/><G34/><T101/><D101/><U51/><E39/><V32/><F18/><W67/><G67/><T135/><D84/><U113/><E113/><V75/><F8/><W22/><G128/><N who="1" m="49226" /><E100/><V37/><F37/><W61/><G102/><T56/><D56/><U40/><E40/><V125/><F125/><W98/><G107/><T7/><D7/><U14/><AGARI ba="0,0" hai="14,16,17,19,21,41,45,51,88,92,96" m="49226" machi="14" ten="30,4000,0" yaku="19,1,54,2" doraHai="25" who="1" fromWho="1" sc="235,-10,221,40,221,-10,323,-20" /><INIT seed="4,0,0,0,1,89" ten="225,261,211,303" oya="0" hai0="74,113,72,117,86,67,126,91,135,32,50,20,90" hai1="54,19,25,1,111,112,104,130,80,23,121,132,28" hai2="42,55,40,73,106,65,100,2,127,38,30,7,43" hai3="53,131,3,5,76,84,47,98,59,6,75,13,97" shuffle="mt19937ar,5A8074F8,C0A90FE1,E33690F0,E3179FB8,E71DF8E1,FA31B958,60AE0140,3D56085A"/><T31/><D32/><U69/><E121/><V123/><F30/><W119/><G119/><T129/><D117/><U34/><E111/><V29/><F29/><W36/><G75/><T134/><D67/><U9/><E104/><V105/><F123/><W68/><G3/><T22/><D50/><U44/><E69/><V83/><F127/><W78/><G68/><T88/><D31/><U66/><E66/><V103/><F55/><W87/><G47/><T70/><D70/><U52/><E132/><N who="0" m="50729" /><D126/><U124/><E124/><V110/><F65/><W24/><G36/><T118/><D118/><U120/><E120/><V93/><F110/><W37/><G37/><T114/><D86/><U18/><E80/><V81/><F43/><W57/><G87/><T0/><D0/><U58/><E130/><V115/><F115/><N who="0" m="44042" /><D129/><U56/><E34/><V26/><F73/><AGARI ba="0,0" hai="20,22,72,73,74,88,90,91" m="44042,50729" machi="73" ten="40,12000,1" yaku="28,2,20,1,15,1,54,1" doraHai="89" who="0" fromWho="2" sc="225,120,261,0,211,-120,303,0" /><INIT seed="4,1,0,5,2,14" ten="345,261,91,303" oya="0" hai0="95,45,20,104,77,80,96,46,4,102,29,133,129" hai1="66,106,0,131,1,82,12,34,62,67,75,35,83" hai2="92,61,47,3,98,114,88,24,120,21,38,132,111" hai3="23,57,25,69,18,135,126,118,48,100,28,40,107" shuffle="mt19937ar,6A595295,1AD8CF8C,14439EC9,E75F4B5B,E04DABA4,B4E87D74,3AD00A72,99EFB885"/><T33/><D129/><U85/><E12/><V112/><F3/><W42/><G118/><T44/><D133/><U70/><E85/><V16/><F132/><W60/><G135/><T39/><D33/><U119/><E131/><V87/><F120/><W68/><G126/><T7/><D39/><U79/><E119/><V74/><F74/><W94/><G107/><T10/><D10/><U71/><E106/><V99/><F111/><W90/><G100/><T127/><D127/><U27/><E83/><V108/><F108/><W50/><G69/><T130/><D130/><U81/><E82/><V72/><F72/><W116/><G68/><T86/><D29/><N who="1" m="19775" /><E35/><V128/><F128/><W9/><G116/><T17/><REACH who="0" step="1"/><D104/><REACH who="0" step="2"/><U6/><E6/><V22/><F22/><W43/><G9/><T55/><D55/><U115/><E115/><N who="2" m="44075" /><F61/><AGARI ba="1,1" hai="0,1,61,62,66,67,70,71,75,79,81" m="19775" machi="61" ten="30,2000,0" yaku="33,2" doraHai="14" who="1" fromWho="2" sc="335,0,261,33,91,-23,303,0" /><INIT seed="5,0,0,0,0,104" ten="335,294,68,303" oya="1" hai0="23,11,129,100,46,132,64,45,115,121,38,51,31" hai1="67,26,77,2,116,56,63,65,105,35,112,37,113" hai2="39,57,110,33,40,71,36,50,84,68,78,87,131" hai3="0,17,47,101,43,79,62,117,119,72,22,49,53" shuffle="mt19937ar,8C845521,A082023B,9C26A1A0,CC039E5C,B8B67C7F,0662D4C1,52A91C40,DC99A02D"/><U7/><E37/><N who="2" m="14411" /><F33/><W95/><G0/><T130/><D115/><N who="1" m="44107" /><E116/><N who="3" m="44618" /><G101/><T4/><D132/><U6/><E105/><V106/><F106/><W74/><G95/><T28/><D121/><U86/><E65/><V82/><F78/><W98/><G98/><T12/><D38/><U111/><E111/><V127/><F84/><W125/><G79/><T99/><D64/><U126/><E126/><V70/><F87/><W76/><G76/><T81/><D81/><N who="1" m="47407" /><E2/><V30/><F30/><AGARI ba="0,0" hai="6,7,26,30,35,56,63,67" m="47407,44107" machi="30" ten="30,1500,0" yaku="15,1" doraHai="104" who="1" fromWho="2" sc="335,0,294,15,68,-15,303,0" /><INIT seed="5,1,0,2,3,82" ten="335,309,53,303" oya="1" hai0="36,81,78,118,111,39,100,3,123,23,43,75,134" hai1="90,48,127,11,104,109,133,64,115,50,25,67,66" hai2="113,130,106,56,94,10,58,55,6,63,45,83,8" hai3="40,4,97,122,12,47,21,22,73,34,116,126,84" shuffle="mt19937ar,F9ADB98D,2EED385A,74E67660,58EB0FA7,4801C33E,0FF84E20,811AB1BC,D4CD91B2"/><U13/><E109/><V54/><F106/><W121/><G73/><T18/><D3/><U32/><E133/><V114/><F130/><W62/><G34/><T70/><D111/><U80/><E115/><V105/><F105/><W124/><G97/><T33/><D70/><U51/><E104/><V29/><F29/><W26/><G62/><T92/><D33/><U107/><E107/><V131/><F131/><W129/><G129/><T31/><D118/><U53/><E127/><N who="3" m="48682" /><G116/><T101/><D31/><U117/><E117/><V9/><F45/><W41/><G84/><T1/><D1/><U72/><E25/><V120/><F120/><W98/><G98/><T119/><D119/><U91/><E32/><V19/><F94/><W24/><G12/><T110/><D110/><U77/><REACH who="1" step="1"/><E53/><REACH who="1" step="2"/><V93/><F114/><W74/><G121/><T108/><D134/><U135/><E135/><V96/><F113/><W87/><G122/><T102/><D108/><U57/><E57/><V44/><F44/><W68/><G26/><T2/><D123/><U125/><E125/><V20/><F6/><AGARI ba="1,1" hai="6,11,13,48,50,51,64,66,67,72,77,80,90,91" machi="6" ten="40,12000,1" yaku="1,1,53,3" doraHai="82" doraHaiUra="46" who="1" fromWho="2" sc="335,0,299,133,53,-123,303,0" owari="335,14,432,53,-70,-57,303,-10" /></mjloggm>