<mjloggm ver="2.3"><GO type="225"/><UN n0="%E2%93%85%E5%B0%8F%E5%80%89%E5%AD%9D" n1="%E3%83%81%E3%83%A3%E3%82%AA%E3%83%AA" n2="%62%61%6B%61%73%65" n3="%E5%88%BB%E5%AD%90%E5%B8%82%E6%B0%91" dan="16,17,16,17" rate="2101,2161,2019,2138" sx="M,M,F,M"/><TAIKYOKU oya="0"/><INIT seed="0,0,0,4,0,41" ten="250,250,250,250" oya="0" hai0="116,47,28,11,89,6,86,82,37,60,67,18,111" hai1="14,119,9,36,15,55,31,125,114,109,117,92,110" hai2="93,68,70,88,43,106,32,12,128,75,48,121,16" hai3="72,54,21,39,123,27,8,66,64,52,134,35,135" shuffle="mt19937ar,DCD53F64,A9F062A5,C2F52E73,61EE8D42,38196360,2B5BE8B0,8FCE14CE,10A55121"/><T42/><D116/><U65/><E65/><N who="3" m="25194" /><G35/><T132/><D132/><N who="3" m="50729" /><G72/><T56/><D111/><N who="1" m="42507" /><E125/><V3/><F106/><W44/><G8/><T73/><D28/><U79/><E114/><V118/><F75/><W81/><G81/><T13/><REACH who="0" step="1"/><D73/><REACH who="0" step="2"/><U104/><E119/><V23/><F118/><W122/><G122/><T130/><D130/><U59/><E117/><V77/><F128/><W10/><G123/><T61/><D61/><U99/><E104/><V62/><F62/><W53/><G10/><T22/><D22/><U33/><E9/><V20/><F20/><W100/><G100/><T97/><D97/><U124/><E31/><V29/><F29/><N who="3" m="17647" /><G39/><T2/><D2/><U91/><E33/><V94/><F3/><W131/><G131/><T98/><D98/><U105/><E99/><V17/><F32/><W83/><G83/><T7/><AGARI ba="0,1" hai="6,7,11,13,18,37,42,47,56,60,67,82,86,89" machi="7" ten="30,6000,0" yaku="1,1,0,1,52,1,53,0" doraHai="41" doraHaiUra="108" who="0" fromWho="0" sc="240,70,250,-20,250,-20,250,-20" /><INIT seed="0,1,0,0,1,52" ten="310,230,230,230" oya="0" hai0="110,88,55,101,91,20,45,21,111,105,6,119,44" hai1="100,133,23,31,0,22,125,75,72,103,46,10,3" hai2="102,12,33,70,25,47,40,4,134,121,118,14,131" hai3="104,73,53,81,28,89,124,108,2,50,39,34,68" shuffle="mt19937ar,2785F2CA,127C8093,32CFCDF6,0806E957,F8CF8683,7872940E,57B827A4,8E5FFF53"/><T43/><D119/><U80/><E133/><V83/><F121/><W123/><RYUUKYOKU type="yao9" ba="1,0" sc="310,0,230,0,230,0,230,0" hai3="2,28,34,39,50,53,68,73,81,89,104,108,123,124" /><INIT seed="0,2,0,5,5,62" ten="310,230,230,230" oya="0" hai0="15,42,7,43,3,10,28,98,116,4,32,47,95" hai1="66,20,100,59,122,9,131,120,53,113,13,27,111" hai2="2,109,123,129,115,84,56,117,1,49,86,35,45" hai3="67,105,37,69,89,114,104,26,41,121,78,25,71" shuffle="mt19937ar,72824C86,279E852E,29318EC2,DB0461B0,EC20CE41,DB7A6CB6,E57D30CC,64DDCB71"/><T118/><D32/><U125/><E111/><V19/><F123/><W91/><G78/><T79/><D28/><U83/><E131/><V107/><F107/><W65/><G41/><T22/><D79/><U38/><E38/><V39/><F35/><W81/><G81/><T33/><D33/><U48/><E125/><V106/><F106/><W74/><G37/><T96/><D43/><U46/><E100/><V31/><F31/><W64/><G64/><T30/><D98/><U103/><E103/><V88/><F115/><W50/><G50/><T97/><D97/><U92/><E92/><V124/><F109/><W133/><G133/><T87/><D87/><U11/><E83/><V119/><F86/><W101/><G101/><T72/><D72/><U40/><E113/><V128/><F56/><W5/><G5/><T34/><D34/><U18/><E9/><V132/><F19/><W135/><G135/><T63/><D63/><N who="1" m="38271" /><E120/><V16/><F16/><W82/><G82/><T108/><D108/><U8/><E122/><V36/><F124/><W110/><G121/><T102/><D7/><U21/><E40/><N who="2" m="24743" /><F39/><W60/><G110/><T61/><D61/><U68/><E68/><V58/><F36/><W90/><G60/><T76/><D76/><U51/><E51/><V14/><F132/><W44/><G90/><T12/><D3/><U134/><E134/><V127/><F2/><W52/><G114/><T6/><D6/><U80/><E80/><N who="2" m="49159" /><F1/><W54/><G74/><T99/><D4/><U94/><E94/><V126/><F126/><W75/><G75/><T77/><D95/><RYUUKYOKU ba="2,0" sc="310,-15,230,15,230,-15,230,15" hai1="8,11,13,18,20,21,27,46,48,53" hai3="25,26,44,52,54,65,67,69,71,89,91,104,105" /><INIT seed="1,3,0,4,4,106" ten="295,245,215,245" oya="1" hai0="100,6,33,18,61,35,109,117,121,45,81,48,108" hai1="130,97,19,103,125,15,29,107,12,79,131,21,73" hai2="44,85,89,1,9,40,77,13,132,36,37,10,86" hai3="69,110,34,55,8,126,83,31,2,11,80,76,3" shuffle="mt19937ar,3A8D2C11,6F3D21D4,3DBE5F56,8D5BB48F,96803561,BE17623D,EE4E66AA,30284D0A"/><U32/><E125/><V51/><F132/><W14/><G69/><T78/><D117/><U128/><E12/><V75/><F75/><W112/><G112/><T39/><D39/><U53/><E53/><V72/><F72/><W134/><G134/><T99/><D6/><U102/><E102/><V122/><F122/><W25/><G126/><T62/><D18/><U47/><E47/><V38/><F1/><W84/><G110/><N who="0" m="42603" /><D121/><U120/><E120/><V111/><F111/><W68/><G68/><T16/><D16/><U50/><E50/><V46/><F46/><W64/><G64/><T101/><D61/><U95/><E107/><V71/><F71/><W24/><G55/><N who="0" m="30095" /><D62/><U115/><E115/><V90/><F13/><W63/><G63/><T118/><D118/><U60/><E60/><V27/><F27/><W98/><G25/><T94/><D100/><U104/><E104/><V119/><F77/><W52/><G11/><T105/><D105/><U4/><E4/><V59/><F59/><W67/><G67/><T87/><AGARI ba="3,0" hai="33,35,78,81,87,94,99,101" m="30095,42603" machi="87" ten="30,1100,0" yaku="14,1" doraHai="106" who="0" fromWho="0" sc="295,20,245,-8,215,-6,245,-6" /><INIT seed="2,0,0,5,4,94" ten="315,237,209,239" oya="2" hai0="69,124,73,58,72,30,52,123,50,7,97,37,57" hai1="22,93,119,112,117,24,39,71,63,54,41,31,44" hai2="48,86,66,67,43,105,53,132,110,11,9,23,102" hai3="45,51,100,32,15,106,27,76,28,10,75,40,65" shuffle="mt19937ar,BE285F8D,148FDFC5,B6C8928C,3922E440,85F1DBFD,2720B0AF,79529703,182CE2CC"/><V18/><F132/><W1/><G76/><T74/><D69/><U60/><E112/><V84/><F43/><W17/><G75/><T2/><D123/><U122/><E122/><V35/><F35/><W62/><G1/><T46/><D124/><U14/><E14/><V130/><F105/><W115/><G115/><T89/><D30/><U70/><E70/><V98/><F130/><W114/><G114/><T78/><D78/><U96/><E63/><V104/><F110/><W91/><G91/><T85/><D97/><U126/><E126/><V87/><F67/><W116/><G116/><T42/><D7/><U12/><E12/><V135/><F66/><W8/><G100/><T113/><D113/><U121/><E121/><V56/><REACH who="2" step="1"/><F135/><REACH who="2" step="2"/><W88/><G106/><T77/><D42/><U4/><E119/><V26/><AGARI ba="0,1" hai="9,11,18,23,26,48,53,56,84,86,87,98,102,104" machi="26" ten="30,18000,2" yaku="1,1,2,1,0,1,52,1,53,2" doraHai="94" doraHaiUra="5" who="2" fromWho="2" sc="315,-60,237,-60,199,190,239,-60" /><INIT seed="2,1,0,5,1,115" ten="255,177,389,179" oya="2" hai0="104,98,114,58,116,129,49,55,81,64,40,50,89" hai1="36,23,57,34,78,134,132,94,61,118,123,62,3" hai2="73,71,121,56,19,44,5,30,128,14,31,33,106" hai3="103,38,92,59,27,85,26,45,95,13,100,77,7" shuffle="mt19937ar,46A3F1F0,C41EDDD6,9B8CC4A1,7C604093,97F9F261,C502A152,D366DA28,ABAC013B"/><V99/><F71/><W54/><G45/><T52/><D114/><U90/><E34/><V80/><F5/><W79/><G38/><T112/><D112/><U122/><E36/><V111/><F56/><W4/><G59/><T42/><D129/><U117/><E3/><V12/><F80/><W51/><G51/><T67/><D104/><U70/><E78/><V47/><F99/><W69/><G69/><T29/><D29/><U102/><E102/><V126/><F19/><W16/><G16/><T41/><D116/><N who="1" m="44651" /><E23/><V6/><F33/><W2/><G13/><T8/><D8/><U93/><E70/><V1/><F14/><W91/><G2/><T18/><D18/><U66/><E61/><V37/><F12/><W107/><G107/><T86/><REACH who="0" step="1"/><D98/><REACH who="0" step="2"/><N who="1" m="57655" /><E94/><V43/><F106/><W9/><G9/><T74/><D74/><U105/><E105/><V109/><F73/><W68/><G95/><T25/><D25/><U72/><E72/><V76/><F31/><W11/><G11/><T131/><D131/><U119/><E119/><V96/><F30/><W101/><G27/><T84/><D84/><U20/><E20/><V17/><F96/><W60/><G26/><T53/><D53/><U127/><E127/><V130/><F126/><W113/><G113/><T21/><D21/><U87/><E87/><V32/><F130/><W135/><G54/><T82/><D82/><U63/><E62/><V48/><F32/><W88/><G60/><T22/><D22/><U24/><E24/><V110/><F128/><W39/><G85/><T15/><D15/><U10/><E10/><RYUUKYOKU ba="1,1" sc="245,15,177,15,389,-15,179,-15" hai0="40,41,42,49,50,52,55,58,64,67,81,86,89" hai1="57,63,66,122,123,132,134" /><INIT seed="3,2,1,2,1,74" ten="260,192,374,164" oya="3" hai0="101,108,24,19,44,61,25,28,98,104,85,2,80" hai1="62,7,71,38,55,130,52,111,96,65,66,132,36" hai2="125,87,109,70,99,131,82,49,64,107,115,3,51" hai3="72,0,40,56,53,30,17,113,88,4,69,68,122" shuffle="mt19937ar,3D51D22D,93B2FA50,4FD384AC,42879370,AD5D55B1,EA062929,D1F21FF1,07192A5A"/><W41/><G122/><T120/><D108/><U114/><E7/><V103/><F3/><W118/><G118/><T27/><D120/><U63/><E96/><V15/><F115/><W47/><G113/><T31/><D2/><U20/><E114/><V35/><F109/><W73/><G30/><T102/><D102/><U123/><E111/><V12/><F35/><W48/><G40/><T97/><D97/><U116/><E123/><V23/><F131/><W94/><G17/><T8/><D44/><U90/><E90/><V29/><F125/><W67/><G69/><T121/><D121/><U133/><E20/><V126/><F126/><W128/><G128/><T100/><D100/><U45/><E130/><V76/><F64/><N who="1" m="24681" /><E116/><V89/><F70/><W112/><G112/><T110/><D110/><U59/><E71/><V1/><F1/><W91/><G91/><T22/><D8/><U57/><E45/><V54/><F89/><W11/><G67/><T43/><D31/><U127/><E127/><V129/><F51/><W34/><G34/><T10/><D28/><U84/><E84/><V5/><F5/><W92/><G68/><T81/><D85/><U93/><E93/><N who="2" m="58863" /><F129/><W46/><G92/><T26/><D104/><U119/><E119/><V135/><F135/><AGARI ba="2,1" hai="36,38,52,55,57,59,62,63,132,133,135" m="24681" machi="135" ten="30,7700,0" yaku="20,1,34,2,54,1" doraHai="74" who="1" fromWho="2" sc="260,0,192,93,374,-83,164,0" /><INIT seed="4,0,0,0,0,100" ten="260,285,291,164" oya="0" hai0="14,134,11,127,53,28,131,129,59,37,38,18,113" hai1="110,123,55,78,91,66,89,109,82,22,32,76,67" hai2="30,83,97,88,44,107,50,39,43,85,92,68,103" hai3="36,49,106,94,40,135,60,27,42,12,10,95,70" shuffle="mt19937ar,8EFD8175,71AC0D85,F861B07D,7F791780,394BE24B,EB4C1544,FC56D482,03C19EAD"/><T118/><D118/><U132/><E32/><V96/><F30/><W34/><G36/><T101/><D113/><U81/><E123/><V75/><F68/><W99/><G135/><T41/><D134/><U71/><E132/><V47/><F75/><W1/><G1/><T26/><D101/><U45/><E71/><V7/><F7/><W87/><G87/><T20/><D127/><U21/><E55/><V52/><REACH who="2" step="1"/><F96/><REACH who="2" step="2"/><W79/><G79/><T84/><D84/><U8/><E8/><V56/><F56/><W51/><G51/><N who="0" m="31167" /><D41/><U128/><E45/><V120/><F120/><W4/><G49/><T0/><D0/><U77/><E77/><V74/><F74/><W9/><G9/><T90/><D90/><U105/><E78/><V125/><F125/><W54/><G54/><T48/><D48/><U122/><E76/><V117/><F117/><W35/><G42/><T25/><D25/><U69/><E122/><V104/><AGARI ba="0,1" hai="39,43,44,47,50,52,83,85,88,92,97,103,104,107" machi="104" ten="30,12000,2" yaku="1,1,0,1,52,2,54,2,53,0" doraHai="100" doraHaiUra="2" who="2" fromWho="2" sc="260,-60,285,-30,281,130,164,-30" owari="200,-15,255,1,411,41,134,-27" /></mjloggm>