<mjloggm ver="2.3"><GO type="185"/><UN n0="%E3%81%9F%E3%82%80%E3%81%A8%E3%83%BC" n1="%E3%80%93%E3%81%84%E3%81%A1%E3%81%AF%E3%82%89%E3%80%93" n2="%E5%8D%81%E5%85%AD%E5%A4%9C%E2%80%A0%E5%92%B2%E5%A4%9C" n3="" dan="16,18,16,0" rate="2168,2242,2143,1500" sx="M,M,F,C"/><TAIKYOKU oya="0"/><INIT seed="0,0,0,0,4,117" ten="350,350,350,0" oya="0" hai0="90,41,64,123,65,87,68,72,61,112,59,78,122" hai1="47,94,38,60,80,62,129,135,43,128,86,120,110" hai2="34,33,3,127,109,134,50,46,63,132,106,45,100" hai3="" shuffle="mt19937ar,46F59A9F,8DA8EEDD,4CA8A6D7,BFC108F8,26A543C6,43FBF620,6F5062E1,A1F797EB"/><T56/><D112/><U126/><N who="1" m="30752" /><U69/><E110/><V54/><F3/><T76/><N who="0" m="31264" /><T103/><N who="0" m="31520" /><T51/><D103/><U85/><E126/><V92/><F109/><T97/><D97/><U124/><E124/><V88/><F127/><T71/><D72/><U70/><E135/><V98/><F63/><T44/><D59/><U75/><E75/><V36/><F36/><T101/><D101/><U119/><E119/><V67/><F67/><T35/><D35/><U121/><N who="1" m="31008" /><U58/><E62/><V116/><F116/><T99/><D99/><U95/><E86/><V77/><F77/><T32/><D32/><U42/><E42/><V133/><REACH who="2" step="1"/><F46/><REACH who="2" step="2"/><T82/><D65/><U55/><E70/><V53/><F53/><T74/><D78/><U66/><E69/><V91/><F91/><T40/><D40/><U130/><E66/><V57/><F57/><T52/><D64/><U2/><E2/><V125/><F125/><T48/><D61/><U1/><E1/><V79/><F79/><AGARI ba="0,1" hai="38,43,47,55,58,60,79,80,85,94,95,128,129,130" m="31008,30752" machi="79" ten="40,8000,1" yaku="19,1,52,4" doraHai="117" who="1" fromWho="2" sc="350,0,350,90,340,-80,0,0" /><INIT seed="1,0,0,1,3,69" ten="350,440,260,0" oya="1" hai0="97,35,61,73,65,118,45,49,71,1,88,40,37" hai1="105,50,123,43,103,132,76,44,134,98,42,120,75" hai2="128,130,39,38,122,115,124,121,51,57,86,68,74" hai3="" shuffle="mt19937ar,253CA1FE,4B026EE6,96D4C008,7C42D2A5,E4F9D2CD,1FB57EBE,424C4F81,EA6DD234"/><U80/><REACH who="1" step="1"/><E43/><REACH who="1" step="2"/><V0/><F122/><AGARI ba="0,1" hai="42,44,50,75,76,80,98,103,105,120,122,123,132,134" machi="122" ten="40,7700,0" yaku="21,2,2,1,53,0" doraHai="69" doraHaiUra="89" who="1" fromWho="2" sc="350,0,430,87,260,-77,0,0" /><INIT seed="1,1,0,2,4,134" ten="350,517,183,0" oya="1" hai0="43,105,129,90,122,87,41,34,99,74,53,51,86" hai1="88,95,101,56,127,39,48,50,107,72,38,126,103" hai2="3,36,92,79,58,121,110,62,120,124,54,45,115" hai3="" shuffle="mt19937ar,7565BEB4,57948A26,BC2B0C36,8BB54F4A,659BABD6,B1537929,1D781A37,DB52CD5A"/><U97/><E72/><V61/><N who="2" m="30752" /><V66/><N who="2" m="31008" /><V111/><F3/><T135/><D34/><U73/><E73/><V118/><F79/><T130/><D74/><U96/><E103/><V112/><F92/><T83/><N who="0" m="31264" /><T131/><D135/><U52/><REACH who="1" step="1"/><E50/><REACH who="1" step="2"/><V119/><F36/><AGARI ba="1,1" hai="36,38,39,48,52,56,88,95,96,97,101,107,126,127" machi="36" ten="40,18000,2" yaku="1,1,2,1,52,2,54,2,53,0" doraHai="134" doraHaiUra="67" who="1" fromWho="2" sc="350,0,507,192,183,-182,0,0" /><INIT seed="1,2,0,4,4,39" ten="350,699,1,0" oya="1" hai0="49,68,77,72,45,134,41,102,32,52,99,106,110" hai1="50,71,133,105,82,101,37,60,118,81,70,59,135" hai2="115,61,129,44,67,108,119,62,63,94,125,2,76" hai3="" shuffle="mt19937ar,4B757800,9519865D,0437A8BA,11FE90DA,784A98DA,4270936A,2471865B,AFE92AF7"/><U100/><E118/><V40/><F2/><T126/><D32/><U57/><E37/><V47/><F119/><T42/><D110/><U93/><E105/><V38/><F76/><T35/><D35/><U127/><E50/><V91/><F108/><T116/><D116/><U54/><E93/><V85/><F129/><T74/><D68/><U123/><N who="1" m="31520" /><U117/><E117/><V121/><N who="2" m="31008" /><V120/><N who="2" m="30752" /><V43/><F125/><T97/><D126/><U1/><E60/><V114/><F67/><T48/><D134/><U34/><E54/><V65/><F65/><T33/><D33/><U46/><E34/><V79/><F79/><T69/><D69/><U53/><E53/><V107/><F107/><T113/><D113/><N who="2" m="43018" /><F63/><T95/><D77/><U78/><E78/><V131/><F131/><T96/><D74/><U64/><E64/><V122/><N who="2" m="31264" /><V58/><F58/><T73/><D73/><U112/><E112/><V130/><F130/><T3/><D72/><U90/><E127/><V128/><F128/><T88/><D3/><U80/><E1/><V104/><F104/><T0/><D0/><U66/><E66/><V84/><F84/><T86/><D48/><AGARI ba="2,0" hai="38,40,43,44,47,48,61,62,85,91,94" m="31264,43018,30752,31008" machi="48" ten="30,12000,2" yaku="11,1,52,5" doraHai="39" who="2" fromWho="0" sc="350,-124,699,0,1,124,0,0" /><INIT seed="2,0,0,5,3,119" ten="226,699,125,0" oya="2" hai0="99,91,70,77,2,80,48,50,61,95,108,69,32" hai1="56,71,90,94,73,124,132,112,93,79,115,97,105" hai2="43,128,1,63,59,62,87,85,114,54,60,92,76" hai3="" shuffle="mt19937ar,00F66910,EE057681,E481CFE6,565E93DF,3D766FB7,887F176F,EFBA96DA,A290AEB2"/><V35/><F1/><T123/><D2/><U96/><E71/><V55/><F35/><T49/><N who="0" m="31520" /><T51/><D32/><U67/><E132/><V104/><F114/><T117/><D117/><U130/><E130/><V103/><F104/><T134/><D134/><U120/><N who="1" m="30752" /><U44/><E124/><V53/><F128/><T86/><D108/><U46/><E105/><V122/><N who="2" m="31264" /><V113/><F113/><T39/><D39/><U88/><E79/><V98/><F43/><T47/><REACH who="0" step="1"/><D61/><REACH who="0" step="2"/><U131/><E131/><V125/><F125/><T40/><AGARI ba="0,1" hai="40,47,48,49,50,51,69,70,77,80,86,91,95,99" m="31520" machi="40" ten="30,9000,2" yaku="1,1,2,1,0,1,52,2,53,1" doraHai="119" doraHaiUra="37" who="0" fromWho="0" sc="216,100,699,-30,125,-60,0,0" /><INIT seed="4,0,0,0,3,96" ten="316,669,65,0" oya="0" hai0="68,41,129,79,49,63,134,116,36,132,82,87,130" hai1="58,131,95,127,72,90,2,46,74,59,35,70,65" hai2="106,99,1,113,120,57,101,52,128,50,80,55,64" hai3="" shuffle="mt19937ar,F8E82296,37EF2F29,EB323F6C,CE388603,DE08D596,FA2647D5,6C751549,D1E8739B"/><T98/><D116/><U77/><E131/><N who="0" m="50185" /><D36/><U34/><E127/><V117/><N who="2" m="30752" /><V39/><F128/><T94/><D68/><U91/><E2/><V0/><F39/><T119/><D119/><U118/><E118/><V62/><F117/><T76/><D63/><U51/><E77/><V88/><F113/><T126/><D41/><U133/><E95/><V107/><F107/><T89/><D49/><U123/><N who="1" m="31520" /><U125/><E125/><V102/><F102/><T103/><D126/><U73/><E70/><V86/><REACH who="2" step="1"/><F55/><REACH who="2" step="2"/><T66/><D66/><U108/><E65/><V115/><F115/><T100/><D100/><U111/><E35/><V67/><F67/><T38/><D38/><U124/><E34/><V43/><F43/><T78/><AGARI ba="0,1" hai="76,78,79,82,87,89,94,98,103,132,134" m="50185" machi="78" ten="40,8000,1" yaku="19,1,34,2,52,1" doraHai="96" who="0" fromWho="0" sc="316,90,669,-40,55,-40,0,0" /><INIT seed="4,1,0,3,2,37" ten="406,629,15,0" oya="0" hai0="38,113,95,102,57,75,104,69,114,118,91,119,116" hai1="39,103,117,71,135,77,109,106,2,120,66,36,98" hai2="96,86,88,110,129,32,51,100,3,40,133,53,80" hai3="" shuffle="mt19937ar,BE056F13,38AF7C5E,6808B803,907BEC8A,1D4716EE,DDD467A1,553DE280,D3DE30E6"/><T97/><D38/><U101/><N who="1" m="30752" /><U44/><E2/><V67/><F3/><T134/><D69/><U58/><E117/><V56/><F32/><T111/><D57/><U122/><N who="1" m="31264" /><U85/><E109/><V83/><F110/><T94/><D111/><U60/><E103/><V108/><F108/><T47/><D47/><U132/><E71/><V127/><F127/><T50/><D50/><U105/><E105/><V63/><F133/><N who="1" m="51273" /><E44/><V52/><F129/><T70/><D70/><U112/><E112/><V79/><F40/><T49/><D49/><U123/><N who="1" m="31520" /><U68/><E68/><V0/><F0/><T99/><D134/><U126/><E126/><V107/><REACH who="2" step="1"/><F51/><REACH who="2" step="2"/><T92/><D113/><U74/><E74/><AGARI ba="1,1" hai="52,53,56,63,67,74,79,80,83,86,88,96,100,107" machi="74" ten="30,8000,1" yaku="1,1,2,1,7,1,54,2,53,0" doraHai="37" doraHaiUra="124" who="2" fromWho="1" sc="406,0,629,-82,5,92,0,0" /><INIT seed="5,0,0,0,1,48" ten="406,547,97,0" oya="1" hai0="105,125,65,56,97,121,59,110,34,1,132,41,73" hai1="72,81,51,134,67,104,112,111,123,60,53,71,128" hai2="61,90,49,86,58,118,92,109,117,88,89,80,120" hai3="" shuffle="mt19937ar,266F3E8B,95F866BA,4A86F056,10F13C44,39F3D26E,9D15EB2D,EE368672,9E3B5E9F"/><U78/><N who="1" m="31520" /><U54/><E111/><V107/><N who="2" m="30752" /><V129/><F107/><T62/><D1/><U46/><E128/><V126/><F129/><T63/><D34/><U36/><E134/><V124/><F109/><T101/><D110/><U116/><E116/><V115/><F115/><T69/><N who="0" m="31008" /><T113/><D113/><U50/><E104/><V130/><F130/><T57/><D132/><U131/><E36/><V35/><F35/><T42/><D125/><N who="2" m="48234" /><F49/><T75/><REACH who="0" step="1"/><D63/><REACH who="0" step="2"/><U0/><E131/><V127/><N who="2" m="48242" /><V108/><DORA hai="95" /><F108/><T52/><D52/><U102/><E112/><V55/><F92/><T135/><D135/><U33/><E0/><V82/><F82/><T91/><D91/><AGARI ba="0,1" hai="55,58,61,80,86,88,89,90,91,117,118" m="48242,30752" machi="91" ten="40,8000,1" yaku="18,1,52,2,54,1" doraHai="48,95" who="2" fromWho="0" sc="396,-80,547,0,97,90,0,0" /><INIT seed="6,0,0,2,3,60" ten="316,547,187,0" oya="2" hai0="111,61,100,73,106,109,47,33,76,39,107,124,63" hai1="36,120,34,75,51,103,62,98,110,114,74,122,40" hai2="118,37,32,86,56,65,59,134,46,55,52,92,54" hai3="" shuffle="mt19937ar,F4A15188,C3CB2708,A4A6DF1D,62314735,D3921A04,086DCA8F,1D3DE524,4620DA75"/><V104/><F32/><T64/><D33/><U105/><N who="1" m="30752" /><U77/><N who="1" m="31264" /><U94/><E34/><V117/><F104/><T82/><D124/><U127/><E127/><V95/><F134/><T45/><D61/><U84/><E36/><V81/><F37/><T72/><D72/><U67/><E110/><V123/><N who="2" m="31520" /><V58/><F46/><T66/><D47/><U50/><E114/><V128/><F128/><T44/><D44/><U132/><E132/><V3/><F3/><T88/><D88/><U116/><E116/><V101/><F65/><T85/><D85/><U53/><E40/><V99/><REACH who="2" step="1"/><F92/><REACH who="2" step="2"/><T93/><D64/><U129/><E129/><V41/><F41/><T70/><D93/><U113/><E105/><V91/><AGARI ba="0,1" hai="52,54,55,56,58,59,81,86,91,95,99,101,117,118" m="31520" machi="91" ten="30,8000,1" yaku="1,1,0,1,52,1,54,1,53,1" doraHai="60" doraHaiUra="119" who="2" fromWho="2" sc="316,-40,547,-40,177,90,0,0" /><INIT seed="6,1,0,1,0,41" ten="276,507,267,0" oya="2" hai0="38,54,80,60,61,52,76,129,87,88,57,130,47" hai1="70,55,45,62,74,71,49,51,124,108,82,122,89" hai2="81,65,93,117,32,131,99,67,53,42,110,33,114" hai3="" shuffle="mt19937ar,7E387658,BBBF3EE0,081DEE2D,15D2DA23,1F65E3CC,564573C4,F0616CC5,9148D2E0"/><V68/><F117/><T92/><D38/><U98/><N who="1" m="31264" /><U118/><E108/><V50/><F110/><T103/><D103/><U135/><E135/><V73/><F42/><T79/><D79/><U116/><E124/><V97/><F131/><N who="0" m="50186" /><D47/><U85/><E74/><V105/><F105/><T115/><D115/><U63/><E98/><V48/><F114/><T128/><D128/><U132/><E132/><V3/><F3/><T83/><D83/><U125/><E125/><V101/><F99/><T120/><N who="0" m="30752" /><T46/><D46/><U107/><E107/><V90/><F50/><T134/><D134/><U104/><E104/><V106/><F68/><N who="1" m="26153" /><E51/><V64/><F73/><T109/><D109/><U78/><E78/><V91/><F81/><T75/><D60/><U100/><E100/><V56/><REACH who="2" step="1"/><F106/><REACH who="2" step="2"/><T1/><D1/><U94/><E82/><V66/><N who="2" m="16384" /><DORA hai="133" /><V37/><F37/><T77/><D77/><U113/><E113/><V39/><F39/><T126/><D126/><U112/><E112/><V40/><F40/><T44/><D75/><U35/><E118/><V121/><N who="2" m="31008" /><V102/><F102/><T119/><D119/><U96/><E116/><V72/><F72/><T2/><D80/><U84/><E49/><RYUUKYOKU ba="1,1" sc="276,-10,507,-10,257,20,0,0" hai2="32,33,48,53,56,90,91,93,97,101" /><INIT seed="6,2,1,4,4,94" ten="266,497,277,0" oya="2" hai0="122,52,100,131,121,1,57,54,86,39,55,106,135" hai1="48,104,65,89,133,92,51,88,128,69,99,32,85" hai2="78,123,110,114,37,70,118,119,130,84,127,75,107" hai3="" shuffle="mt19937ar,171A9830,0164616C,679FE669,A636A13E,75ACFC25,7D8FEF42,96953D58,708CF4C4"/><V103/><F84/><T96/><N who="0" m="31008" /><T81/><N who="0" m="31264" /><T108/><D1/><U59/><E32/><V2/><F78/><T97/><D108/><U132/><E69/><V36/><F103/><T61/><D131/><U58/><E128/><V95/><F95/><T42/><D135/><N who="1" m="51787" /><E104/><V124/><F124/><T82/><D96/><U68/><E68/><V109/><F109/><T91/><REACH who="0" step="1"/><D81/><REACH who="0" step="2"/><U126/><E126/><V83/><F83/><T111/><D111/><U116/><E116/><V71/><F118/><T64/><D64/><U90/><E65/><V46/><F110/><T77/><D77/><U74/><E74/><V33/><F75/><T50/><D50/><N who="1" m="18987" /><E85/><V66/><F2/><T87/><D87/><U3/><E3/><V67/><F33/><T72/><D72/><U76/><E76/><V120/><F127/><T115/><D115/><U101/><AGARI ba="2,2" hai="58,59,88,89,90,92,99,101" m="18987,51787" machi="101" ten="40,3900,0" yaku="20,1,52,1,54,1" doraHai="94" who="1" fromWho="1" sc="256,-15,497,63,277,-28,0,0" owari="241,-36,560,51,249,-15,0,0" /></mjloggm>