<mjloggm ver="2.3"><GO type="225"/><UN n0="%E3%83%81%E3%83%A3%E3%82%AA%E3%83%AA" n1="%E4%BA%8C%E4%B8%89%E8%B5%A4%E4%BA%94%EF%BC%94%EF%BC%96%EF%BC%98" n2="%E3%83%9A%E3%83%AD%E3%81%A1%E3%82%83%E3%82%93" n3="%E9%9B%AA%E5%9B%BD%E8%82%B2%E3%81%A1" dan="17,16,16,17" rate="2113,2077,2054,2101" sx="M,M,M,M"/><TAIKYOKU oya="0"/><INIT seed="0,0,0,2,5,79" ten="250,250,250,250" oya="0" hai0="14,0,42,51,5,94,17,119,29,23,118,32,70" hai1="22,54,1,35,88,82,98,117,68,10,66,6,133" hai2="120,21,45,110,49,4,85,107,111,30,52,113,126" hai3="103,50,108,101,43,58,128,67,15,61,92,2,40" shuffle="mt19937ar,24601803,C98023C3,5D7393BC,FA685D0A,963F22CE,4F6E69D5,EBC009F5,2DDE374D"/><T38/><D38/><U46/><E117/><V9/><F120/><W24/><G2/><T27/><D70/><U12/><E35/><V69/><F69/><W99/><G128/><T74/><D74/><U28/><E133/><V84/><F107/><W16/><G108/><N who="2" m="41513" /><F113/><W72/><G72/><T114/><D114/><U90/><E68/><V41/><F126/><W127/><G127/><T96/><D42/><U86/><E66/><V91/><F41/><W81/><G101/><T53/><D5/><U105/><E105/><V76/><F76/><W71/><G24/><T95/><D0/><U73/><E73/><V104/><F104/><W13/><G13/><T62/><D62/><U64/><E64/><V36/><F36/><W78/><G71/><T134/><D134/><U25/><E1/><N who="2" m="143" /><F91/><W116/><G116/><T57/><REACH who="0" step="1"/><D95/><REACH who="0" step="2"/><U26/><E6/><V55/><F55/><W18/><G43/><T19/><D19/><U39/><E39/><V3/><F3/><W122/><G18/><T56/><D56/><U8/><E54/><V65/><F65/><W132/><G132/><T34/><D34/><U33/><E33/><V97/><F45/><W124/><G124/><T31/><D31/><U44/><E46/><V121/><F30/><W125/><G125/><T102/><AGARI ba="0,1" hai="14,17,23,27,29,32,51,53,57,94,96,102,118,119" machi="102" ten="20,3900,0" yaku="1,1,0,1,7,1,53,0" doraHai="79" doraHaiUra="75" who="0" fromWho="0" sc="240,49,250,-13,250,-13,250,-13" /><INIT seed="0,1,0,1,1,46" ten="289,237,237,237" oya="0" hai0="112,26,29,47,27,30,102,6,32,73,134,98,94" hai1="57,84,15,115,74,119,60,113,106,104,24,35,43" hai2="87,76,9,91,111,63,129,128,77,36,62,118,0" hai3="131,79,53,1,55,12,108,18,122,83,96,61,25" shuffle="mt19937ar,609698D6,AD2E0CDC,7F23E79E,127B87C1,29E421E6,BB2FC355,03B56BFB,FB801649"/><T72/><D112/><N who="1" m="43083" /><E74/><V132/><F118/><W34/><G122/><T17/><D134/><U78/><E119/><V69/><F132/><W133/><G133/><T20/><D6/><U23/><E35/><V107/><F107/><W65/><G108/><T127/><D127/><U5/><E43/><V99/><F36/><W126/><G1/><T59/><D47/><U45/><E45/><V14/><F0/><W67/><G126/><T109/><D109/><U40/><E40/><V80/><F111/><W97/><G131/><N who="2" m="50249" /><F99/><W120/><G96/><T50/><REACH who="0" step="1"/><D30/><REACH who="0" step="2"/><U41/><E5/><N who="2" m="3375" /><F69/><W68/><G68/><T125/><D125/><U123/><E123/><V11/><F11/><W3/><G120/><T117/><D117/><U16/><E41/><V110/><F110/><W48/><G3/><T58/><D58/><U130/><E130/><V88/><F77/><W31/><G79/><T89/><D89/><AGARI ba="1,1" hai="62,63,76,80,87,88,89,91" m="3375,50249" machi="89" ten="30,2000,0" yaku="19,1,54,1" doraHai="46" who="2" fromWho="0" sc="279,-23,237,0,237,33,237,0" /><INIT seed="1,0,0,1,3,33" ten="256,237,270,237" oya="1" hai0="87,78,102,77,51,100,7,26,39,117,72,99,52" hai1="61,95,93,44,94,57,2,133,10,103,121,50,119" hai2="46,14,25,106,85,29,59,122,22,110,27,97,23" hai3="116,124,90,73,81,47,112,35,63,70,83,28,88" shuffle="mt19937ar,1150BDC1,83C1751C,CED41F50,F0BE6263,5A4E505C,FBFAE9E9,E64B7DE9,A45E9AF4"/><U62/><E119/><V126/><F122/><W4/><G112/><T34/><D72/><U56/><E121/><V135/><F126/><W114/><G114/><T105/><D39/><U55/><E133/><V84/><F135/><W18/><G116/><T12/><D117/><U24/><E103/><V75/><F75/><W11/><G124/><T19/><D102/><U8/><E24/><V69/><F69/><W71/><G18/><T38/><D38/><U32/><E32/><V86/><F106/><W104/><G104/><T113/><D113/><U127/><E127/><V130/><F130/><W1/><G47/><T91/><D7/><U17/><E2/><V41/><F97/><W123/><G123/><T13/><D26/><U76/><E76/><V68/><F68/><W9/><G9/><T21/><D34/><U49/><E17/><V98/><F98/><W48/><G48/><N who="1" m="18538" /><E44/><V111/><F59/><N who="1" m="22601" /><E55/><V128/><F128/><W89/><G71/><T80/><REACH who="0" step="1"/><D12/><REACH who="0" step="2"/><U42/><E42/><V36/><REACH who="2" step="1"/><F14/><REACH who="2" step="2"/><W131/><G73/><T115/><D115/><U30/><E30/><AGARI ba="0,2" hai="22,23,25,27,29,30,36,41,46,84,85,86,110,111" machi="30" ten="40,5200,0" yaku="1,1,2,1,9,1,53,0" doraHai="33" doraHaiUra="118" who="2" fromWho="1" sc="246,0,237,-52,260,72,237,0" /><INIT seed="2,0,0,1,4,77" ten="246,185,332,237" oya="2" hai0="19,85,57,52,48,115,121,67,107,108,79,122,130" hai1="49,10,134,61,1,60,54,76,118,78,99,2,94" hai2="125,29,11,120,100,26,34,105,58,24,83,113,117" hai3="124,88,111,27,30,131,64,47,8,72,53,114,73" shuffle="mt19937ar,9F597009,216D3C43,0EB159B2,9986C00B,2F4FCE54,F483B19A,C8E2D99F,2B5A5A2B"/><V101/><F120/><W69/><G124/><T12/><D107/><U66/><E118/><V104/><F117/><W74/><G131/><T95/><D115/><U127/><E127/><V5/><F113/><W14/><G114/><T63/><D130/><U56/><E134/><V46/><F125/><W25/><G111/><T59/><D108/><U98/><E61/><V89/><F26/><W9/><G64/><T33/><D33/><U97/><E94/><V37/><F58/><W126/><G69/><T36/><D36/><U35/><E35/><V18/><F18/><W71/><G71/><T51/><D51/><U31/><E31/><V62/><F62/><W96/><G126/><T91/><REACH who="0" step="1"/><D79/><REACH who="0" step="2"/><U13/><E1/><V116/><F105/><W81/><G30/><T82/><D82/><U80/><E2/><V38/><F83/><W4/><G9/><AGARI ba="0,1" hai="9,12,19,48,52,57,59,63,67,85,91,95,121,122" machi="9" ten="30,3900,0" yaku="1,1,7,1,54,1,53,0" doraHai="77" doraHaiUra="129" who="0" fromWho="3" sc="236,49,185,0,332,0,237,-39" /><INIT seed="3,0,0,0,1,98" ten="285,185,332,198" oya="3" hai0="33,4,89,21,120,60,31,128,43,110,133,0,27" hai1="7,19,71,73,83,57,61,93,117,39,82,28,38" hai2="107,104,111,53,80,129,121,72,18,5,36,131,37" hai3="13,49,50,45,56,15,78,127,91,20,74,103,84" shuffle="mt19937ar,16552E29,94D32E9E,3C9A2B87,9145D263,FA377C4C,B4901D0B,9F58DE74,616ECF29"/><W77/><G127/><T102/><D120/><U1/><E71/><V41/><F121/><W26/><G74/><T52/><D43/><U92/><E117/><V65/><F65/><W16/><G103/><T9/><D110/><U125/><E125/><V14/><F5/><W116/><G116/><T25/><D133/><U2/><E28/><V32/><F32/><W75/><G75/><T81/><D128/><N who="2" m="49226" /><F111/><W67/><G77/><T12/><D102/><U108/><E108/><V55/><F80/><W106/><G78/><T51/><D60/><U118/><E118/><V90/><F90/><W24/><G106/><N who="2" m="40489" /><F72/><W46/><G15/><T109/><D109/><U68/><E68/><V123/><F123/><W29/><G67/><T88/><D81/><U112/><E112/><V10/><F41/><N who="3" m="24751" /><G56/><T23/><D23/><U97/><E73/><V115/><F115/><W3/><G3/><T54/><D54/><AGARI ba="0,0" hai="10,14,18,36,37,53,54,55" m="40489,49226" machi="54" ten="30,1000,0" yaku="19,1" doraHai="98" who="2" fromWho="0" sc="285,-10,185,0,332,10,198,0" owari="275,3,185,-21,342,33,198,-15" /></mjloggm>