<mjloggm ver="2.3"><GO type="225"/><UN n0="%E9%95%B7%E6%9D%91%E3%83%93%E3%83%83%E3%82%B0" n1="%E3%82%AF%E3%83%AB%E3%83%AB%E2%98%86" n2="%E3%82%88%E3%81%A3%E3%81%A1" n3="%E9%95%B7%E5%B2%A1%E5%A4%A7%E6%98%8E%E7%A5%9E" dan="16,16,16,16" rate="2068,2059,2066,2064" sx="M,F,M,F"/><TAIKYOKU oya="0"/><INIT seed="0,0,0,0,4,117" ten="250,250,250,250" oya="0" hai0="114,26,120,84,25,115,50,66,111,126,88,96,118" hai1="93,8,27,55,71,68,65,56,103,112,57,12,95" hai2="64,105,3,45,54,49,128,133,18,24,129,48,77" hai3="20,15,17,60,42,76,83,29,43,35,7,104,75" shuffle="mt19937ar,BD011534,6C2CF642,6BED0EE0,13DA8484,672A2F37,56EEB966,44A235DF,B0C97681"/><T74/><D118/><U53/><E112/><V59/><F105/><W73/><G104/><T98/><D74/><U11/><E65/><V51/><F3/><W34/><G75/><T5/><D5/><U44/><E44/><V63/><F77/><W67/><G7/><T135/><D66/><U113/><E113/><V62/><F24/><W23/><G23/><T0/><D0/><U31/><E71/><V97/><F97/><W40/><REACH who="3" step="1"/><G29/><REACH who="3" step="2"/><T21/><D21/><U30/><E31/><V41/><F18/><W102/><G102/><T87/><D115/><U10/><E103/><V86/><F133/><W28/><G28/><T116/><D135/><U37/><E30/><V101/><F101/><W82/><G82/><T14/><D114/><U134/><E134/><V52/><F86/><W79/><G79/><T108/><D84/><U70/><E11/><V9/><F9/><W2/><G2/><T122/><D87/><U36/><REACH who="1" step="1"/><E12/><REACH who="1" step="2"/><V125/><F125/><W123/><G123/><T81/><D14/><U106/><E106/><V58/><F64/><W1/><G1/><T99/><D126/><U132/><E132/><V6/><F6/><W47/><G47/><T119/><D119/><U92/><E92/><V100/><F100/><W130/><G130/><AGARI ba="0,2" hai="41,45,48,49,51,52,54,58,59,62,63,128,129,130" machi="130" ten="40,12000,2" yaku="9,1,19,1,34,3,54,1" doraHai="117" who="2" fromWho="3" sc="250,0,240,0,250,140,240,-120" /><INIT seed="1,0,0,1,1,75" ten="250,240,390,120" oya="1" hai0="40,133,37,24,10,63,15,96,2,51,27,84,22" hai1="0,9,74,29,80,43,113,11,129,58,95,67,76" hai2="52,111,47,21,104,101,68,13,107,3,30,83,120" hai3="93,86,25,48,66,12,34,88,102,108,122,99,125" shuffle="mt19937ar,05DDD661,BB3608DE,D54C1132,E654BA9D,AF44CF2B,54EF51B6,12E48F3A,0FE9D3A2"/><U14/><E113/><V19/><F3/><W45/><G122/><T71/><D37/><U105/><E105/><V114/><F68/><W54/><G108/><T90/><D133/><U18/><E129/><V8/><F120/><W7/><G125/><T1/><D96/><U56/><E29/><V100/><F104/><W57/><G34/><T60/><D2/><U118/><E118/><V61/><F107/><W23/><G7/><T28/><D1/><U32/><E32/><V72/><F72/><W127/><G127/><T98/><D98/><U69/><E43/><V36/><F36/><W117/><G117/><T78/><D27/><U135/><E135/><V103/><F114/><W87/><G12/><T130/><D71/><U134/><E134/><V50/><F111/><W91/><G86/><T124/><D130/><U20/><E95/><V119/><F119/><W55/><G87/><T65/><D65/><U106/><E106/><V39/><F39/><W121/><G121/><T115/><D115/><U85/><E74/><V128/><F128/><W132/><G132/><T70/><D70/><U92/><E92/><V46/><F83/><W97/><G97/><T5/><D90/><U112/><E112/><V94/><F94/><W33/><G33/><T109/><D109/><U123/><E123/><V41/><F41/><W110/><G110/><T6/><D124/><U53/><E0/><V26/><F61/><N who="3" m="38191" /><G55/><T59/><D6/><U116/><E116/><V82/><F82/><W89/><G89/><T16/><D5/><U126/><E126/><V73/><F73/><W4/><G4/><RYUUKYOKU ba="0,0" sc="250,-15,240,-15,390,15,120,15" hai2="8,13,19,21,26,30,46,47,50,52,100,101,103" hai3="23,25,45,48,54,88,91,93,99,102" /><INIT seed="2,1,0,3,4,12" ten="235,225,405,135" oya="2" hai0="75,48,99,82,42,129,92,41,109,104,111,9,47" hai1="68,2,71,125,62,84,19,90,10,128,126,3,55" hai2="28,80,6,127,0,98,107,117,23,63,50,45,4" hai3="94,78,100,36,8,121,44,49,25,89,87,18,106" shuffle="mt19937ar,39032925,B0C30D46,473F720F,345CBF1A,9E39C216,17A166B0,980630F9,F4DF3ECC"/><V16/><F28/><W79/><G121/><T51/><D104/><U96/><E128/><V27/><F117/><W132/><G36/><T105/><D105/><U110/><E110/><N who="0" m="41993" /><D129/><U134/><E134/><V1/><F127/><N who="1" m="48649" /><E96/><V118/><F118/><W34/><G132/><T76/><D9/><U46/><E46/><V32/><F63/><W54/><G34/><T38/><D42/><U24/><E55/><V83/><F32/><W65/><G65/><T131/><D131/><U20/><E10/><V57/><F57/><W30/><G30/><T64/><D64/><N who="1" m="40983" /><E71/><V85/><F1/><W72/><G72/><T40/><D40/><U14/><E24/><V93/><F0/><W67/><G67/><T123/><D123/><U11/><E11/><V133/><F133/><W39/><G39/><T122/><D122/><U88/><E90/><AGARI ba="1,0" hai="38,41,47,48,51,75,76,82,90,92,99" m="41993" machi="90" ten="30,1000,0" yaku="14,1" doraHai="12" who="0" fromWho="1" sc="235,13,225,-13,405,0,135,0" /><INIT seed="3,0,0,5,3,64" ten="248,212,405,135" oya="3" hai0="36,44,115,131,81,93,118,120,82,71,2,27,29" hai1="45,43,4,97,26,116,38,70,7,128,112,24,11" hai2="87,108,126,78,124,88,63,76,17,41,113,103,5" hai3="9,105,50,74,32,92,127,15,77,13,110,66,72" shuffle="mt19937ar,34598682,93ABFCE5,2F18BB57,500E6C9A,4A9A2BFD,FC4BA546,7ED760C4,0CB60FD3"/><W22/><G105/><T125/><D118/><U129/><E112/><V31/><F103/><W61/><G32/><T134/><D2/><U16/><E116/><V109/><F31/><W57/><G127/><N who="2" m="48681" /><F5/><W122/><G122/><T56/><D71/><U68/><E97/><V100/><F100/><W30/><G110/><N who="2" m="42601" /><F41/><W40/><G77/><T14/><D115/><U73/><E73/><V121/><F113/><W86/><G40/><T130/><D120/><U28/><E16/><V75/><F75/><W25/><G50/><T47/><D36/><U10/><E4/><V52/><F17/><W12/><REACH who="3" step="1"/><G9/><REACH who="3" step="2"/><T23/><D125/><U111/><E111/><V3/><F121/><W59/><G59/><T54/><D56/><U42/><E42/><V98/><F78/><W51/><G51/><T46/><D46/><U65/><E11/><V8/><F76/><W0/><G0/><T48/><D47/><U106/><E106/><V18/><F3/><W96/><G96/><T19/><D44/><U6/><E10/><V67/><F98/><W62/><G62/><T55/><D48/><U58/><E58/><V102/><F8/><W89/><AGARI ba="0,1" hai="12,13,15,22,25,30,57,61,66,72,74,86,89,92" machi="89" ten="30,3000,0" yaku="1,1,0,1,53,0" doraHai="64" doraHaiUra="117" who="3" fromWho="3" sc="248,-10,212,-10,405,-10,125,40" /><INIT seed="3,1,0,4,4,107" ten="238,202,395,165" oya="3" hai0="92,70,132,37,27,23,93,111,49,32,55,10,123" hai1="80,29,87,75,8,48,131,21,135,130,124,30,43" hai2="41,103,88,25,90,39,118,84,46,9,45,7,109" hai3="115,16,73,20,85,17,79,94,52,62,83,56,110" shuffle="mt19937ar,2847739C,5F0DDCC5,481C5EA7,F4C5DC3B,D517AD23,E5551B64,F1238468,DBFDE76B"/><W2/><G115/><T120/><D37/><U105/><E105/><V47/><F118/><W76/><G110/><T134/><D70/><U108/><E108/><V11/><F109/><W122/><G122/><N who="0" m="46635" /><D10/><U133/><E75/><V61/><F103/><W53/><G2/><T78/><D78/><U117/><E117/><V96/><F61/><W60/><G79/><T74/><D74/><U4/><E43/><V67/><F67/><W125/><G125/><T106/><D106/><U63/><E48/><V51/><F25/><W66/><G20/><T33/><D111/><U38/><E63/><V69/><F69/><W58/><G66/><T127/><D127/><U100/><E38/><V101/><F101/><W72/><G94/><N who="0" m="36459" /><D27/><N who="1" m="16623" /><E100/><V81/><F39/><W34/><G34/><T42/><D42/><U31/><E124/><V95/><F9/><W14/><REACH who="3" step="1"/><G17/><REACH who="3" step="2"/><T24/><D23/><U3/><E80/><V64/><F64/><W114/><G114/><T77/><D77/><U22/><E22/><V116/><F116/><W71/><G71/><T98/><D24/><U129/><E87/><V35/><F35/><W59/><G59/><N who="0" m="33263" /><D98/><U28/><AGARI ba="1,1" hai="3,4,8,28,30,31,129,130,131,133,135" m="16623" machi="28" ten="40,5200,0" yaku="19,1,34,2" doraHai="107" who="1" fromWho="1" sc="238,-14,202,65,395,-14,155,-27" owari="224,-13,267,2,381,38,128,-27" /></mjloggm>