<mjloggm ver="2.3"><GO type="225"/><UN n0="%E3%81%B6%E3%81%A3%E3%81%A8%E3%81%B3%E4%BE%8D" n1="%E6%9C%9D%E6%AF%94%E5%A5%88%E8%8B%B1%E7%90%86%E5%AD%90" n2="%EF%BC%88%EF%BC%8A%EF%BC%9E%EF%BC%9C%EF%BC%89" n3="%E9%95%B7%E5%B2%A1%E5%A4%A7%E6%98%8E%E7%A5%9E" dan="16,16,17,16" rate="2071,2088,2170,2043" sx="M,F,F,F"/><TAIKYOKU oya="0"/><INIT seed="0,0,0,4,0,83" ten="250,250,250,250" oya="0" hai0="56,111,107,53,21,130,100,5,115,15,1,63,90" hai1="13,67,98,134,17,131,112,74,47,36,122,85,26" hai2="96,32,7,41,123,43,55,46,51,93,45,97,33" hai3="16,119,84,132,99,82,58,10,6,64,25,113,73" shuffle="mt19937ar,5EBA3D96,ECBB35BC,D9DD9563,FF3C5D9D,18E407B2,05AE997E,C7DAFBCA,5E4586B2"/><T68/><D115/><U105/><E74/><V70/><F70/><W120/><G73/><T91/><D130/><U95/><E122/><V62/><F123/><W35/><G120/><T94/><D68/><U65/><E134/><V128/><F128/><W4/><G132/><T52/><D107/><U72/><E72/><V20/><F7/><W101/><G119/><T34/><D34/><U49/><E36/><V116/><F116/><W40/><G40/><T37/><D37/><U88/><E131/><V71/><F20/><N who="3" m="13447" /><G35/><T8/><D111/><U22/><E112/><V86/><F71/><W59/><G113/><T18/><REACH who="0" step="1"/><D53/><REACH who="0" step="2"/><N who="1" m="29887" /><E105/><V30/><F33/><W102/><G64/><N who="1" m="24650" /><E26/><V11/><F32/><W14/><G6/><T61/><D61/><U126/><E126/><V23/><F62/><W39/><G39/><T19/><D19/><U57/><E57/><V106/><F106/><W92/><G59/><T110/><D110/><U117/><E117/><V104/><F104/><W135/><G58/><T50/><D50/><U108/><E108/><V109/><F51/><W3/><G135/><T60/><D60/><U75/><E75/><V66/><F109/><W89/><G3/><T77/><D77/><AGARI ba="0,1" hai="4,10,14,77,82,84,89,92,99,101,102" m="13447" machi="77" ten="30,3900,0" yaku="8,1,52,1,54,1" doraHai="83" who="3" fromWho="0" sc="240,-39,250,0,250,0,250,49" /><INIT seed="1,0,0,1,4,128" ten="201,250,250,299" oya="1" hai0="70,113,45,85,75,23,120,52,89,53,79,127,7" hai1="81,67,40,27,63,0,66,30,116,111,72,99,33" hai2="68,74,19,103,107,15,87,125,42,36,130,69,101" hai3="46,49,105,95,58,73,112,21,123,126,108,60,88" shuffle="mt19937ar,71608141,4F0B8F3D,0D644364,C499D7BD,14C9038C,C5149BC9,B5542D29,597512DF"/><U51/><E116/><V94/><F74/><W10/><G123/><T106/><D70/><U104/><E0/><V32/><F107/><W38/><G112/><T37/><D113/><U121/><E121/><V114/><F114/><W129/><G105/><T97/><D120/><U4/><E4/><V17/><F32/><W11/><G38/><T24/><D7/><U39/><E51/><V134/><F42/><N who="3" m="24791" /><G73/><T28/><D127/><U77/><E111/><V9/><F36/><W22/><G129/><T55/><D75/><U90/><E90/><V118/><F118/><W93/><G126/><T41/><D79/><U25/><E25/><V117/><F117/><W98/><G108/><T57/><D97/><U86/><E86/><V50/><F125/><W96/><G22/><T64/><D64/><U1/><E1/><V44/><F130/><W43/><G21/><T14/><D14/><U29/><E29/><V110/><F110/><W132/><G43/><T84/><D84/><U59/><E67/><V76/><F68/><W78/><G78/><T133/><D106/><U119/><E119/><V18/><F69/><W122/><G122/><T8/><D8/><U3/><E3/><V6/><F76/><W56/><G10/><T83/><REACH who="0" step="1"/><D133/><REACH who="0" step="2"/><U13/><E13/><V47/><F134/><W115/><G132/><T31/><D31/><U35/><E99/><V100/><F87/><W48/><G11/><T5/><D5/><U12/><E12/><V82/><F15/><W124/><G115/><T80/><D80/><U62/><E104/><V109/><F9/><W54/><G124/><RYUUKYOKU ba="0,1" sc="191,30,250,-10,250,-10,299,-10" hai0="23,24,28,37,41,45,52,53,55,57,83,85,89" /><INIT seed="2,1,1,0,5,128" ten="221,240,240,289" oya="2" hai0="119,101,71,75,52,58,112,70,38,123,127,134,18" hai1="34,5,77,14,60,29,17,4,49,11,95,3,44" hai2="107,72,46,28,74,7,0,36,121,37,22,63,93" hai3="12,100,132,21,98,41,111,31,94,85,67,47,23" shuffle="mt19937ar,E99D35FF,5C033A54,7960EDEF,1B639618,60254C27,2767C2CD,644D0041,1E365A3D"/><V16/><F107/><W24/><G111/><T102/><D75/><U9/><E77/><V129/><F121/><W57/><G132/><T88/><D123/><U124/><E60/><V130/><F28/><W91/><G12/><T50/><D38/><U116/><E116/><V8/><F63/><N who="3" m="38383" /><G21/><T20/><D112/><U80/><E80/><V103/><F36/><W109/><G109/><T76/><D76/><U42/><E124/><V99/><F37/><N who="3" m="21935" /><G91/><T25/><D127/><U6/><E34/><V55/><F72/><W2/><G85/><T39/><D39/><U35/><E35/><V120/><F74/><W86/><G86/><T65/><D134/><U69/><E29/><V106/><F120/><W51/><G51/><T73/><D73/><U43/><E69/><V105/><F105/><W82/><G82/><T32/><D32/><U125/><E125/><V59/><F106/><W90/><G90/><T135/><D135/><U33/><E33/><V126/><F126/><W56/><G56/><T68/><D119/><U110/><E110/><V79/><F79/><W40/><G40/><T66/><REACH who="0" step="1"/><D88/><REACH who="0" step="2"/><U113/><E113/><V64/><F129/><W61/><G98/><T53/><D53/><U96/><E43/><V97/><F130/><W54/><G54/><T122/><D122/><U108/><E108/><V89/><F97/><W84/><G100/><AGARI ba="1,2" hai="18,20,25,50,52,58,65,66,68,70,71,100,101,102" machi="100" ten="40,2600,0" yaku="1,1,54,1,53,0" doraHai="128" doraHaiUra="27" who="0" fromWho="3" sc="211,49,240,0,240,0,289,-29" /><AGARI ba="1,0" hai="3,4,5,6,9,11,14,17,42,44,49,95,96,100" machi="100" ten="30,1000,0" yaku="7,1" doraHai="128" who="1" fromWho="3" sc="260,0,240,10,240,0,260,-10" /><INIT seed="3,0,0,5,1,59" ten="260,250,240,250" oya="3" hai0="70,15,90,40,113,119,98,61,74,102,132,64,19" hai1="88,110,38,56,22,46,92,2,130,10,108,128,122" hai2="83,94,63,37,120,105,58,77,26,100,134,112,91" hai3="117,12,73,111,60,34,85,44,52,103,24,129,33" shuffle="mt19937ar,81155FCF,1EE0D605,4FE0749E,B4A9FA0C,0F35C52E,C03F7B49,49ED398C,C04615CD"/><W23/><G73/><T79/><D119/><U5/><E122/><V80/><F37/><W17/><G117/><T104/><D132/><U35/><E35/><V121/><F112/><W53/><G129/><N who="1" m="49770" /><E22/><V65/><F134/><W28/><G111/><N who="1" m="42538" /><E56/><V87/><F26/><W101/><G34/><T97/><D40/><U67/><E67/><V96/><REACH who="2" step="1"/><F83/><REACH who="2" step="2"/><W47/><G85/><AGARI ba="0,1" hai="58,63,65,77,80,85,87,91,94,96,100,105,120,121" machi="85" ten="40,5200,0" yaku="1,1,2,1,52,1,53,0" doraHai="59" doraHaiUra="49" who="2" fromWho="3" sc="260,0,250,0,230,62,250,-52" /><INIT seed="4,0,0,1,1,131" ten="260,250,292,198" oya="0" hai0="85,94,60,100,6,73,0,9,45,42,108,81,65" hai1="13,102,61,121,8,59,38,129,62,70,10,135,55" hai2="130,56,40,86,79,118,29,104,46,28,52,92,54" hai3="64,75,11,69,58,90,93,14,123,84,112,115,95" shuffle="mt19937ar,765DE6CA,740F0D36,25CEDDF7,2663169B,B03C3331,4E1BEE32,3CF37EAF,01594A67"/><T31/><D31/><U32/><E121/><V22/><F104/><W20/><G123/><T66/><D108/><U48/><E32/><V128/><F118/><W133/><G75/><T3/><D3/><U111/><E38/><V12/><F54/><W26/><G69/><T107/><D107/><U21/><E111/><V25/><F12/><W117/><G117/><T97/><D60/><N who="1" m="23147" /><E70/><V126/><F126/><W71/><G71/><T63/><D63/><U53/><E129/><N who="2" m="49771" /><F56/><W41/><G41/><T67/><D67/><U101/><E55/><V36/><F52/><W109/><G109/><T7/><D7/><U96/><E135/><V105/><F105/><W19/><G58/><T34/><D34/><U119/><E119/><V15/><F15/><W49/><G64/><T27/><D27/><U30/><E96/><V16/><F79/><W51/><G133/><T99/><D99/><U80/><E80/><V106/><F106/><W114/><REACH who="3" step="1"/><G95/><REACH who="3" step="2"/><T125/><D125/><U39/><E59/><V35/><F35/><W116/><G116/><T43/><D43/><U24/><E53/><V23/><F92/><W5/><AGARI ba="0,1" hai="5,11,14,19,20,26,49,51,84,90,93,112,114,115" machi="5" ten="30,7900,0" yaku="1,1,0,1,15,1,53,1" doraHai="131" doraHaiUra="83" who="3" fromWho="3" sc="260,-39,250,-20,292,-20,188,89" /><INIT seed="5,0,0,1,3,124" ten="221,230,272,277" oya="1" hai0="111,97,77,22,78,33,106,53,127,103,7,94,130" hai1="64,14,2,58,88,74,19,128,83,42,0,117,87" hai2="69,56,96,120,86,11,44,5,102,122,28,79,135" hai3="126,76,112,73,32,24,46,116,50,118,133,93,63" shuffle="mt19937ar,AC43404F,289A7EDD,D6457247,A993EE89,F74A43B8,92EAD9CB,EFD8D7A7,6CD5A605"/><U72/><E117/><N who="3" m="45162" /><G126/><T54/><D111/><U48/><E128/><V123/><F69/><W81/><G112/><T62/><D33/><U51/><E72/><V39/><F28/><N who="3" m="19463" /><G93/><T59/><D127/><U99/><E74/><V52/><F135/><W12/><G63/><T6/><D106/><U40/><E99/><V13/><F39/><W16/><G133/><T68/><D68/><U82/><E82/><V17/><F44/><W10/><G50/><N who="1" m="18986" /><E0/><V132/><F132/><W1/><G46/><T75/><D130/><U60/><E2/><AGARI ba="0,0" hai="1,2,10,12,16,73,76,81" m="19463,45162" machi="2" ten="30,2000,0" yaku="12,1,54,1" doraHai="124" who="3" fromWho="1" sc="221,0,230,-20,272,0,277,20" /><INIT seed="6,0,0,2,5,70" ten="221,210,272,297" oya="2" hai0="113,4,135,121,11,20,58,35,28,8,114,43,23" hai1="47,97,25,52,39,126,90,94,79,10,102,56,26" hai2="60,24,51,18,29,30,45,83,12,46,34,57,101" hai3="14,0,104,99,7,50,21,13,110,82,68,87,106" shuffle="mt19937ar,8EE08BA1,B706E697,BDB49C69,C550F9B4,67B6B705,3DEC7959,E407DC20,8958282E"/><V66/><F30/><W74/><G74/><T53/><D121/><U100/><E126/><V129/><F129/><W59/><G68/><T63/><D135/><U96/><E79/><V48/><F101/><W71/><G71/><T109/><D109/><U119/><E119/><V65/><F65/><W1/><G110/><T133/><D133/><U134/><E134/><V72/><F72/><W73/><G73/><T92/><D92/><U69/><E69/><V108/><F108/><W49/><G99/><T37/><D35/><U85/><E10/><N who="0" m="3625" /><D4/><U78/><E78/><V54/><F83/><W118/><G118/><T31/><D23/><U42/><E85/><V130/><F130/><W38/><G7/><T95/><D20/><U36/><E36/><V132/><F132/><W27/><G38/><T116/><D95/><U9/><E9/><V98/><F98/><W80/><G21/><T111/><D111/><U84/><E96/><V16/><F12/><W115/><G27/><T89/><D89/><U93/><REACH who="1" step="1"/><E100/><REACH who="1" step="2"/><V117/><F117/><W17/><G87/><T5/><D5/><U2/><E2/><V124/><F124/><W40/><G0/><T128/><D116/><U112/><E112/><N who="0" m="43113" /><D128/><U32/><E32/><V22/><F34/><W103/><G1/><T61/><D61/><AGARI ba="0,1" hai="25,26,39,42,47,52,56,61,84,90,93,94,97,102" machi="61" ten="30,7700,0" yaku="1,1,7,1,52,1,54,1,53,0" doraHai="70" doraHaiUra="19" who="1" fromWho="0" sc="221,-77,200,87,272,0,297,0" /><INIT seed="7,0,0,4,4,108" ten="144,287,272,297" oya="3" hai0="33,73,98,14,110,28,94,129,35,22,57,49,71" hai1="41,12,53,62,26,60,59,91,78,16,2,87,43" hai2="11,69,76,61,90,8,89,55,113,38,134,85,122" hai3="67,120,17,51,111,119,20,31,4,96,77,70,29" shuffle="mt19937ar,5BB08257,6F376769,B2CC9E97,FAD01899,BC3BF848,9EFCAC80,55CD832F,A28C6E39"/><W104/><G111/><T118/><D110/><U83/><E2/><V123/><F38/><W97/><G120/><T34/><D71/><U102/><E102/><V116/><F116/><W24/><G119/><T88/><D118/><U27/><E60/><V133/><F76/><W48/><G104/><T47/><D73/><U10/><E78/><V30/><F30/><N who="3" m="11275" /><G70/><T46/><D129/><U9/><E9/><N who="2" m="3659" /><F113/><W0/><G0/><T37/><D37/><U126/><E126/><V105/><F105/><W121/><G121/><N who="2" m="46089" /><F55/><W103/><G77/><T36/><D36/><U44/><E43/><V68/><F68/><W106/><G106/><T52/><REACH who="0" step="1"/><D14/><REACH who="0" step="2"/><U32/><E32/><V21/><F69/><W101/><G67/><T132/><D132/><U92/><E83/><V19/><F134/><W131/><G131/><T128/><D128/><U115/><E115/><V23/><F133/><W124/><G124/><T58/><D58/><U3/><E3/><V1/><F1/><W18/><G4/><T112/><D112/><U86/><E86/><V117/><F117/><W65/><G65/><T84/><D84/><U72/><E72/><V63/><F85/><W135/><G135/><T81/><D81/><U127/><E127/><V42/><F19/><N who="3" m="12319" /><G97/><T7/><D7/><U54/><E87/><V6/><F6/><W45/><G96/><T82/><D82/><U39/><E12/><V95/><F95/><W15/><G45/><T13/><D13/><U130/><E44/><V109/><F109/><W74/><G15/><T125/><D125/><U25/><E130/><V107/><F107/><RYUUKYOKU ba="0,1" sc="134,30,287,-10,272,-10,297,-10" hai0="22,28,33,34,35,46,47,49,52,57,88,94,98" /><INIT seed="8,1,1,3,4,11" ten="164,277,262,287" oya="0" hai0="41,126,124,132,31,72,40,90,133,131,37,5,87" hai1="59,85,83,97,123,112,13,32,55,128,74,33,16" hai2="111,95,64,19,114,102,81,109,47,23,34,42,129" hai3="39,115,91,49,43,65,116,100,56,46,68,15,77" shuffle="mt19937ar,323F6659,9E974CE4,6FF5D253,C5002778,0A6B9997,288E37D6,00FA4489,E8F440D9"/><T1/><D72/><U110/><E110/><V14/><F34/><W135/><G115/><T36/><D31/><U30/><E123/><V12/><F114/><W60/><G116/><T58/><D5/><U99/><E112/><V125/><F64/><W92/><G135/><N who="0" m="51787" /><D1/><U6/><E74/><V84/><F129/><W108/><G108/><T120/><D120/><U117/><E117/><V66/><F66/><W62/><G77/><T69/><D69/><U107/><E6/><V22/><F125/><N who="0" m="48234" /><D131/><U63/><E128/><V54/><F54/><N who="3" m="31823" /><G62/><T119/><D119/><U35/><E30/><V10/><F109/><W44/><G44/><T18/><D58/><U53/><E107/><V82/><F111/><W21/><G100/><T4/><D4/><U52/><E59/><V24/><F102/><W0/><G0/><T7/><D7/><U73/><E73/><V71/><F71/><W20/><G15/><T48/><D18/><U127/><E127/><V28/><F47/><W96/><AGARI ba="1,1" hai="20,21,39,43,46,60,65,68,91,92,96" m="31823" machi="96" ten="30,1100,0" yaku="24,1" doraHai="11" who="3" fromWho="3" sc="164,-6,277,-4,262,-4,287,24" owari="158,-24,273,2,258,-9,311,31" /></mjloggm>