<mjloggm ver="2.3"><GO type="185"/><UN n0="%E3%81%A8%E3%81%84%E3%81%A4%E3%81%BE%E3%81%99%E3%81%9F%E3%81%81%E2%99%AA" n1="%E3%81%B5%E3%81%8F%EF%BC%A3%EF%BD%88%EF%BD%81%EF%BD%8E%E2%99%AA" n2="%41%55%54%4F%4E%4F%4D%59" n3="" dan="16,16,16,0" rate="2100,2194,2117,1500" sx="M,F,M,C"/><TAIKYOKU oya="0"/><INIT seed="0,0,0,5,5,107" ten="350,350,350,0" oya="0" hai0="40,56,67,120,77,102,84,99,64,111,106,49,32" hai1="133,43,1,129,103,100,68,53,78,85,45,93,113" hai2="41,92,91,0,115,63,96,36,87,50,97,118,34" hai3="" shuffle="mt19937ar,07068875,22FD0D9A,18B3694C,C73DDAC1,E81871BA,ADA35051,7C53C4EE,62DE5540"/><T58/><N who="0" m="30752" /><T82/><D32/><U52/><E1/><V59/><F34/><T38/><D111/><U112/><E68/><V80/><F0/><T89/><D38/><U65/><E65/><V57/><F118/><T39/><D39/><U117/><E117/><V60/><F36/><T48/><D40/><U90/><E78/><V72/><F72/><T88/><D67/><U3/><E3/><V2/><F2/><T109/><D109/><U130/><E133/><V121/><N who="2" m="31008" /><V108/><F108/><T66/><D66/><U98/><E103/><V51/><F97/><T124/><D124/><U33/><E33/><V125/><F125/><T81/><D89/><U47/><E47/><V44/><F44/><T135/><D135/><U83/><E43/><V131/><F41/><T46/><D46/><U35/><E35/><V116/><F116/><T76/><D76/><U114/><REACH who="1" step="1"/><E45/><REACH who="1" step="2"/><V37/><F37/><T62/><REACH who="0" step="1"/><D58/><REACH who="0" step="2"/><U122/><N who="1" m="31264" /><U79/><E79/><V95/><F59/><T101/><D101/><U75/><E75/><AGARI ba="0,2" hai="48,49,56,62,64,75,77,81,82,84,88,99,102,106" m="30752" machi="75" ten="30,12000,1" yaku="1,1,7,1,52,2,54,1,53,0" doraHai="107" doraHaiUra="126" who="0" fromWho="1" sc="340,140,340,-120,350,0,0,0" /><INIT seed="0,1,0,4,1,102" ten="480,220,350,0" oya="0" hai0="86,73,109,50,55,96,32,128,119,37,74,36,83" hai1="105,48,113,135,49,94,100,120,91,93,42,117,61" hai2="71,56,77,80,40,132,84,103,41,47,76,99,58" hai3="" shuffle="mt19937ar,ED9D635D,02325CBD,D7DE5B48,7DCDABA2,E7FDC0CD,9F90E91D,13CB04C0,EF5E94CE"/><T35/><D119/><U79/><N who="1" m="30752" /><U131/><E117/><V72/><F71/><T51/><D128/><U104/><E131/><V64/><F41/><T123/><N who="0" m="31520" /><T89/><D109/><U46/><E113/><V101/><F101/><T2/><D2/><U116/><E116/><V127/><F127/><T68/><D68/><U115/><E115/><V45/><F45/><T0/><D0/><U108/><E79/><V33/><F33/><T118/><D118/><U82/><E82/><V60/><F58/><T53/><D96/><U125/><E125/><V107/><F77/><T114/><D114/><U75/><E75/><V66/><F66/><T90/><D86/><U134/><E61/><V54/><F64/><T1/><D1/><U92/><E48/><V59/><F59/><T111/><D111/><U85/><E108/><V88/><F88/><T70/><D70/><U129/><E129/><V57/><F57/><T112/><D112/><U44/><E44/><V106/><F72/><T87/><D87/><U39/><E49/><V133/><REACH who="2" step="1"/><F107/><REACH who="2" step="2"/><T110/><D110/><U38/><E105/><V121/><N who="2" m="31008" /><V124/><F124/><T69/><D69/><U98/><E104/><V97/><F97/><T34/><D34/><RYUUKYOKU ba="1,1" sc="480,10,220,-20,340,10,0,0" hai0="32,35,36,37,50,51,53,55,73,74,83,89,90" hai2="40,47,54,56,60,76,80,84,99,103,106,132,133" /><INIT seed="0,2,1,5,2,128" ten="490,200,350,0" oya="0" hai0="55,99,84,130,33,35,0,131,116,47,115,49,124" hai1="117,77,102,79,72,94,119,113,34,118,41,39,48" hai2="100,56,71,83,91,43,87,62,44,82,132,63,65" hai3="" shuffle="mt19937ar,32B08953,8FE76C36,7E3BF60E,EC4C84B2,5BFD5328,5DCABEB2,CD76D1C6,6776CFF9"/><T135/><D0/><U1/><E34/><V59/><F100/><T32/><D116/><U50/><E1/><V123/><N who="2" m="31520" /><V45/><F45/><T78/><D115/><U93/><E113/><V129/><F129/><N who="0" m="49162" /><D124/><U103/><E39/><V57/><F83/><T86/><D78/><U92/><E41/><V68/><F68/><T74/><D74/><U97/><E48/><V64/><REACH who="2" step="1"/><F132/><REACH who="2" step="2"/><T36/><D135/><U46/><E46/><V111/><F111/><T52/><D36/><AGARI ba="2,2" hai="36,43,44,56,57,59,62,63,64,65,71,82,87,91" m="31520" machi="36" ten="30,3900,0" yaku="1,1,7,1,52,1,53,0" doraHai="128" doraHaiUra="108" who="2" fromWho="0" sc="490,-43,200,0,340,63,0,0" /><INIT seed="1,0,0,3,5,102" ten="447,200,403,0" oya="1" hai0="87,118,58,117,37,65,85,130,70,33,125,74,88" hai1="124,97,98,120,107,48,47,39,79,104,94,96,106" hai2="93,36,80,135,105,55,1,134,89,69,41,44,42" hai3="" shuffle="mt19937ar,6D085627,08526A8E,671B081B,656192D9,FC551494,EDB78CE3,00277673,74DB810C"/><U129/><N who="1" m="30752" /><U76/><E39/><V99/><F1/><T3/><D3/><U128/><E124/><V50/><F69/><T0/><D125/><U54/><REACH who="1" step="1"/><E94/><REACH who="1" step="2"/><V122/><N who="2" m="31264" /><V109/><F36/><T2/><D2/><U60/><E60/><V116/><F93/><T64/><D0/><U92/><E92/><V101/><F135/><T66/><D37/><U75/><E75/><V83/><F134/><T35/><D74/><U46/><E46/><V63/><F63/><T108/><D33/><U127/><E127/><V38/><F44/><T126/><D35/><U115/><E115/><V73/><F73/><T57/><D126/><U95/><E95/><V84/><F38/><T133/><D133/><U40/><E40/><V112/><F42/><T62/><D118/><U45/><E45/><V119/><F41/><T121/><D117/><U49/><E49/><V111/><F112/><T91/><D121/><U131/><AGARI ba="0,1" hai="47,48,54,76,79,96,97,98,104,106,107,128,129,131" m="30752" machi="131" ten="50,16000,3" yaku="1,1,0,1,29,2,19,1,52,4,53,0" doraHai="102" doraHaiUra="81" who="1" fromWho="1" sc="447,-80,190,170,403,-80,0,0" /><INIT seed="1,1,0,2,4,40" ten="367,360,323,0" oya="1" hai0="133,87,59,111,113,98,93,44,96,109,65,48,99" hai1="117,56,84,110,106,75,54,102,33,63,50,108,89" hai2="71,125,103,131,105,39,121,80,122,70,124,51,60" hai3="" shuffle="mt19937ar,2386FD2B,F12859BA,B4331F04,14C6B172,9495A84B,030DDD99,AAC9BF0D,4F5F82C1"/><U47/><E75/><V115/><N who="2" m="31008" /><V88/><N who="2" m="31264" /><V120/><N who="2" m="30752" /><V79/><F39/><T83/><D113/><U3/><E117/><V34/><F115/><T91/><D133/><U76/><E76/><V72/><F34/><T69/><D69/><U0/><E33/><V114/><F114/><T94/><D65/><U73/><E73/><V132/><F132/><T126/><D59/><U74/><E74/><V55/><F131/><T107/><D107/><U53/><E102/><V36/><F36/><T66/><D66/><U43/><E106/><V64/><F71/><T104/><D104/><U101/><E101/><V119/><F119/><T58/><D58/><U135/><E43/><V35/><F35/><T112/><D112/><U52/><E54/><V46/><F103/><T129/><D129/><U37/><E37/><V62/><F105/><T61/><D126/><U86/><E86/><V38/><F38/><T85/><D61/><U123/><N who="1" m="31520" /><U128/><E128/><V45/><F60/><T41/><REACH who="0" step="1"/><D94/><REACH who="0" step="2"/><U68/><E68/><V100/><F124/><T92/><D92/><U127/><E127/><V116/><F125/><T97/><N who="0" m="24576" /><DORA hai="82" /><T32/><D32/><U134/><E134/><V81/><F70/><RYUUKYOKU ba="1,1" sc="357,20,360,-10,323,-10,0,0" hai0="41,44,48,83,85,87,91,93,109,111" /><INIT seed="2,2,1,2,2,46" ten="377,350,313,0" oya="2" hai0="61,99,103,71,0,90,79,56,125,3,72,133,92" hai1="81,52,95,112,69,124,134,73,109,97,75,68,107" hai2="32,84,47,121,44,42,93,120,43,80,111,33,40" hai3="" shuffle="mt19937ar,3A544C56,DB0B5A73,66419142,700A100F,AC86A9FE,9D7D11E8,96660C76,C97781AF"/><V66/><N who="2" m="30752" /><V96/><N who="2" m="31008" /><V60/><F111/><T130/><D71/><U74/><E52/><V83/><F33/><T98/><D133/><U100/><E68/><V62/><F32/><T126/><D130/><U135/><E69/><V117/><F117/><T51/><D79/><U115/><E109/><V64/><F47/><T108/><D72/><U34/><E34/><V67/><F44/><T118/><D118/><U41/><E41/><V49/><F49/><T102/><D108/><U53/><E115/><V70/><F70/><T122/><N who="0" m="31264" /><T59/><D61/><N who="2" m="23658" /><F84/><T55/><D59/><U113/><E73/><V86/><F86/><T54/><D54/><U77/><E74/><V131/><F131/><T38/><D38/><U57/><E113/><V58/><F58/><T78/><D0/><U39/><E112/><V87/><F87/><T119/><D3/><U114/><E114/><V2/><F2/><T37/><D37/><U63/><E39/><V104/><F104/><T105/><D119/><U116/><E107/><V101/><AGARI ba="2,1" hai="40,42,43,64,66,67,80,83,93,96,101" m="23658,31008,30752" machi="101" ten="40,5200,0" yaku="8,1,52,2" doraHai="46" who="2" fromWho="2" sc="377,-28,350,-28,313,66,0,0" /><INIT seed="2,3,0,2,1,43" ten="349,322,379,0" oya="2" hai0="120,60,39,35,56,128,80,3,127,42,101,97,86" hai1="116,129,98,83,115,102,126,103,36,70,81,117,132" hai2="78,135,69,45,122,77,68,76,41,67,58,110,106" hai3="" shuffle="mt19937ar,68232363,6A9EFE94,C91013D8,5BE651DD,90CA8822,0D758BDF,9365145C,D0CED03E"/><V100/><N who="2" m="31264" /><V65/><F110/><T33/><N who="0" m="30752" /><T133/><D3/><U34/><E70/><V64/><F135/><T50/><D133/><U63/><E36/><V82/><F82/><T1/><D39/><U52/><E34/><V134/><F134/><T123/><N who="0" m="31520" /><T62/><D1/><U95/><E126/><V119/><F119/><T48/><D127/><U114/><E129/><V53/><F100/><T107/><D128/><U32/><E32/><V124/><F106/><T37/><D37/><U90/><E52/><V104/><F104/><T59/><D35/><U38/><E63/><V125/><F125/><T75/><D75/><U111/><E38/><V84/><F84/><T2/><D2/><U130/><E130/><V91/><F91/><T85/><D33/><U79/><E83/><V121/><N who="2" m="31008" /><V47/><F124/><T54/><D42/><U73/><E111/><V88/><F88/><T93/><D107/><U51/><E132/><V0/><F0/><T131/><D131/><U108/><E108/><V94/><F94/><T44/><D80/><U74/><E74/><V99/><F41/><T72/><D72/><U113/><E117/><V46/><F69/><T105/><D105/><U49/><E116/><RYUUKYOKU ba="3,0" sc="349,-10,322,20,379,-10,0,0" hai1="49,51,73,79,81,90,95,98,102,103,113,114,115" /><INIT seed="4,4,0,2,3,132" ten="339,342,369,0" oya="0" hai0="106,0,135,119,91,95,126,87,90,63,115,96,97" hai1="69,92,83,125,43,93,107,101,33,57,75,50,62" hai2="110,113,127,54,48,1,55,89,94,130,128,114,53" hai3="" shuffle="mt19937ar,E3D871EA,D6817154,6CD28D7B,9A2E13F9,F2806E78,63F8469B,BDCAD039,1B4EEE08"/><T71/><D0/><U56/><E33/><V100/><F1/><T73/><D119/><U78/><E125/><V37/><F127/><T46/><D126/><U67/><E107/><V61/><F37/><T3/><D3/><U77/><E78/><V104/><F100/><T42/><D73/><U79/><E79/><V58/><F104/><T49/><D115/><N who="2" m="44042" /><F110/><T99/><D135/><U51/><E101/><V123/><N who="2" m="31520" /><V36/><F36/><T84/><D106/><U76/><E76/><V66/><F48/><T111/><D111/><U81/><E81/><V117/><F117/><T131/><D131/><U38/><E56/><V41/><F41/><T39/><D39/><U74/><E51/><V59/><F59/><T2/><D2/><U112/><E74/><V64/><F64/><T109/><D109/><U44/><REACH who="1" step="1"/><E112/><REACH who="1" step="2"/><V32/><F32/><T118/><D118/><U116/><E116/><V108/><F108/><T85/><REACH who="0" step="1"/><D91/><REACH who="0" step="2"/><U35/><E35/><V129/><F129/><T120/><N who="0" m="30752" /><T105/><D105/><U82/><E82/><V34/><F34/><T121/><N who="0" m="31008" /><T47/><D47/><U52/><AGARI ba="4,2" hai="38,43,44,50,52,57,62,67,69,75,77,83,92,93" machi="52" ten="30,9000,2" yaku="1,1,0,1,24,2,54,1,53,1" doraHai="132" doraHaiUra="68" who="1" fromWho="1" sc="329,-64,332,118,369,-34,0,0" /><INIT seed="5,0,0,2,0,95" ten="265,450,335,0" oya="1" hai0="33,72,116,108,130,105,106,43,57,118,93,0,89" hai1="111,50,39,49,67,78,61,37,127,75,51,119,135" hai2="77,81,83,99,128,64,120,54,82,46,97,48,125" hai3="" shuffle="mt19937ar,3ADFA760,3E1954BB,B1D8435F,5125EC72,5B22B5C3,2C1D0A63,DBC64948,E1EE3DCB"/><U53/><E78/><V91/><N who="2" m="30752" /><V85/><F125/><T36/><D0/><U65/><E75/><V126/><F126/><T122/><N who="0" m="31264" /><T1/><D33/><U60/><E127/><V123/><N who="2" m="31520" /><V58/><F128/><T62/><D1/><U32/><E32/><V121/><N who="2" m="31008" /><V112/><F112/><T66/><D72/><U103/><E103/><V76/><F76/><T38/><D108/><U47/><E111/><V133/><F133/><T40/><D130/><U101/><E101/><V73/><F83/><T59/><D66/><U34/><E34/><V117/><F117/><T44/><D62/><U63/><E119/><V35/><F35/><T52/><D44/><U74/><E74/><V129/><F129/><T71/><D93/><U94/><E94/><V56/><F56/><T41/><D41/><U79/><E79/><V124/><F124/><T55/><REACH who="0" step="1"/><D89/><REACH who="0" step="2"/><U70/><E135/><V45/><F64/><N who="1" m="24649" /><E70/><AGARI ba="0,1" hai="36,38,40,43,52,55,57,59,70,71,105,106,116,118" m="31264" machi="70" ten="25,12000,2" yaku="1,1,22,2,52,1,54,1,53,2" doraHai="95" doraHaiUra="102" who="0" fromWho="1" sc="255,130,450,-120,335,0,0,0" /><INIT seed="6,0,0,1,1,81" ten="385,330,335,0" oya="2" hai0="74,104,32,90,37,124,129,108,120,62,33,131,66" hai1="117,59,2,38,128,76,73,42,35,132,45,34,86" hai2="55,58,97,67,48,105,133,40,36,87,72,125,71" hai3="" shuffle="mt19937ar,A913BD90,DCBD5FE7,BC3B2B43,B8229B42,DDEF5583,48B53D21,D7557F3A,5251D113"/><V53/><F72/><T1/><RYUUKYOKU type="yao9" ba="0,0" sc="385,0,330,0,335,0,0,0" hai0="1,32,33,37,62,66,74,90,104,108,120,124,129,131" /><INIT seed="6,1,0,0,3,67" ten="385,330,335,0" oya="2" hai0="83,63,93,92,132,114,37,49,42,124,70,38,109" hai1="113,66,99,1,54,41,106,34,104,91,105,108,79" hai2="74,76,110,130,55,35,120,98,97,53,107,60,62" hai3="" shuffle="mt19937ar,CF80BC20,3FB70B82,50022B83,42BD7CC7,74197CC1,DF4DE481,26F1DC63,4423C30E"/><V71/><N who="2" m="30752" /><V111/><F35/><T116/><D116/><U32/><E1/><V127/><F127/><T112/><D109/><U119/><E108/><V115/><F76/><T121/><N who="0" m="31008" /><T134/><D124/><U57/><E113/><N who="0" m="43625" /><D83/><U52/><E119/><V95/><F115/><T87/><D49/><U80/><E41/><V2/><F95/><N who="0" m="36426" /><D87/><U131/><E91/><V40/><F2/><T44/><D37/><U56/><E99/><V72/><F40/><T61/><D70/><U86/><E131/><V123/><N who="2" m="31520" /><V46/><F71/><T36/><D36/><U133/><E32/><V128/><F46/><T58/><D63/><U68/><E34/><V101/><F101/><T82/><D82/><U122/><N who="1" m="31264" /><U96/><E96/><V126/><F126/><T85/><D85/><U45/><E106/><AGARI ba="1,0" hai="53,55,60,62,72,74,97,98,106,107,110,111,128,130" m="31520,30752" machi="106" ten="25,9600,0" yaku="22,2,52,2" doraHai="67" who="2" fromWho="1" sc="385,0,330,-98,335,98,0,0" owari="385,-1,232,-37,433,38,0,0" /></mjloggm>