<mjloggm ver="2.3"><GO type="225"/><UN n0="%E3%83%9B%E3%83%AA%E3%83%B1%E3%83%95%E3%83%9F%E3%82%AA" n1="%E3%81%BE%E3%81%AB%E3%82%83%E3%82%80%E3%82%93" n2="%E3%82%88%E3%81%A3%E3%81%A1" n3="%E9%9B%81%E7%BA%8F" dan="16,16,16,16" rate="2077,2014,2054,2058" sx="M,M,M,M"/><TAIKYOKU oya="0"/><INIT seed="0,0,0,3,3,90" ten="250,250,250,250" oya="0" hai0="133,106,27,73,108,57,130,70,93,47,41,58,63" hai1="46,121,52,26,116,5,7,104,22,2,28,24,128" hai2="132,134,98,82,66,29,79,78,37,49,45,59,83" hai3="18,54,6,10,17,102,14,30,105,75,39,110,74" shuffle="mt19937ar,AEA8E603,6A86BC74,4FCF54D5,E6C42404,8ACA7A00,7BB5704D,E8C02469,8469ADB5"/><T13/><D106/><U38/><E116/><V19/><F37/><W117/><G39/><T114/><D73/><U16/><E121/><V3/><F3/><W32/><G117/><T62/><D114/><U107/><E107/><V11/><F29/><W48/><G110/><T60/><D70/><U9/><E104/><V0/><F0/><W34/><G105/><T81/><D108/><U95/><E128/><V42/><F98/><W43/><G43/><T44/><D81/><U50/><E38/><V135/><F66/><W122/><G122/><T51/><D47/><U94/><E7/><V99/><F59/><W71/><G71/><T123/><D123/><U92/><E94/><V76/><F99/><W91/><G102/><T40/><D40/><U103/><E103/><V20/><REACH who="2" step="1"/><F11/><REACH who="2" step="2"/><W31/><G31/><T126/><D58/><U84/><E84/><V55/><F55/><W61/><G30/><T23/><D57/><U8/><E8/><V89/><F89/><W115/><G91/><T131/><D131/><U56/><E56/><V113/><F113/><W4/><G115/><T129/><D129/><U111/><E111/><V67/><F67/><W100/><G100/><T96/><D130/><U53/><E53/><V118/><F118/><W72/><G54/><T127/><D44/><U86/><E86/><V124/><F124/><W12/><G61/><T33/><D127/><U97/><E97/><V25/><AGARI ba="0,1" hai="19,20,25,42,45,49,76,78,79,82,83,132,134,135" machi="25" ten="40,5200,0" yaku="1,1,0,1,20,1,53,0" doraHai="90" doraHaiUra="35" who="2" fromWho="2" sc="250,-26,250,-13,240,62,250,-13" /><INIT seed="1,0,0,2,5,98" ten="224,237,302,237" oya="1" hai0="4,31,100,117,102,113,24,14,9,95,50,112,22" hai1="70,123,13,73,91,30,96,63,129,122,110,34,126" hai2="131,1,42,97,60,7,0,90,109,46,20,11,58" hai3="72,43,77,45,35,5,83,74,10,23,41,94,101" shuffle="mt19937ar,8EE93F6B,D3BCF744,89C0E2E3,543708F3,65FC5D70,FB75C0F2,88D0265A,641C42C1"/><U6/><E73/><V33/><F33/><W12/><G35/><T15/><D117/><U128/><E70/><V124/><F124/><W21/><G74/><T88/><D50/><U71/><E71/><V53/><F131/><N who="1" m="50249" /><E63/><V108/><F20/><W93/><G43/><T19/><D113/><U118/><E118/><V54/><F54/><W48/><G94/><T16/><D112/><U2/><E126/><V79/><F79/><W69/><G69/><T26/><D26/><N who="1" m="18775" /><E110/><N who="2" m="42603" /><F90/><W38/><G38/><T29/><D31/><U115/><E115/><V125/><F97/><W28/><G28/><T111/><D111/><U61/><E61/><V66/><F125/><W47/><G47/><T132/><D132/><U78/><E78/><V114/><F114/><W36/><G36/><T86/><REACH who="0" step="1"/><D4/><REACH who="0" step="2"/><U87/><E123/><V18/><F7/><W135/><G135/><T127/><D127/><U25/><E122/><V62/><F62/><W82/><G5/><T8/><AGARI ba="0,1" hai="8,9,14,15,16,19,22,24,29,86,88,95,100,102" machi="8" ten="20,16000,3" yaku="1,1,0,1,7,1,9,1,8,1,52,2,54,2,53,0" doraHai="98" doraHaiUra="57" who="0" fromWho="0" sc="214,170,237,-80,302,-40,237,-40" /><INIT seed="2,0,0,3,1,124" ten="384,157,262,197" oya="2" hai0="100,25,99,7,77,2,5,31,134,91,132,66,85" hai1="101,123,103,106,120,17,39,125,89,34,75,47,104" hai2="72,78,98,121,16,114,74,62,76,61,113,110,131" hai3="12,127,10,27,80,65,8,56,40,22,57,111,107" shuffle="mt19937ar,C6BE17AA,5814B6D3,02FE088C,730C0206,43ED291F,744894D6,71646D96,60143670"/><V129/><F98/><W83/><G107/><N who="1" m="41002" /><E47/><V92/><F92/><W32/><G127/><T118/><D77/><U128/><E17/><V116/><F16/><N who="3" m="12743" /><G111/><T1/><D66/><U13/><E13/><V90/><F121/><N who="1" m="46665" /><E39/><V45/><F90/><W14/><G32/><T58/><D58/><N who="3" m="22633" /><G65/><T102/><D118/><U21/><E21/><V117/><F45/><W35/><G35/><T0/><D0/><U105/><E34/><V48/><F48/><W51/><G51/><T69/><D69/><U97/><E125/><V55/><F55/><W4/><G40/><T44/><D44/><U71/><E71/><V24/><F24/><W46/><G46/><T18/><D25/><U26/><E26/><V109/><AGARI ba="0,0" hai="61,62,72,74,76,78,109,110,113,114,116,117,129,131" machi="109" ten="25,12000,1" yaku="0,1,22,2,52,2" doraHai="124" who="2" fromWho="2" sc="384,-40,157,-40,262,120,197,-40" /><INIT seed="2,1,0,0,2,35" ten="344,117,382,157" oya="2" hai0="68,82,4,122,135,117,107,79,58,31,59,123,17" hai1="92,63,47,10,78,67,8,87,15,94,119,21,46" hai2="49,65,81,13,37,115,51,36,14,48,2,38,99" hai3="56,73,50,129,98,27,88,118,3,54,114,44,30" shuffle="mt19937ar,E2CEB408,E3E3CA68,8C404F68,D3280BFA,8940398A,0F79C657,F0EF7B3E,56247E26"/><V116/><F65/><W28/><G73/><T32/><D68/><U33/><E119/><V86/><F116/><W61/><G118/><T9/><D107/><U100/><E33/><V80/><F115/><W103/><G114/><T11/><D117/><U132/><E132/><V104/><F86/><W53/><G129/><T112/><D112/><U70/><E21/><V69/><F69/><W7/><G7/><T41/><D41/><U57/><E70/><V66/><F66/><W19/><G3/><T96/><D96/><U40/><E8/><V102/><REACH who="2" step="1"/><F2/><REACH who="2" step="2"/><W106/><G19/><T62/><D17/><U1/><E1/><V18/><F18/><W95/><REACH who="3" step="1"/><G27/><REACH who="3" step="2"/><T26/><D26/><U77/><E15/><AGARI ba="1,2" hai="13,14,15,36,37,38,48,49,51,80,81,99,102,104" machi="15" ten="50,2400,0" yaku="1,1,53,0" doraHai="35" doraHaiUra="6" who="2" fromWho="1" sc="344,0,117,-27,372,47,147,0" /><INIT seed="2,2,0,3,0,47" ten="344,90,419,147" oya="2" hai0="44,7,131,32,83,85,14,53,107,65,26,59,52" hai1="132,96,6,41,49,89,0,29,72,109,108,130,58" hai2="116,5,88,103,62,111,21,17,66,37,9,125,113" hai3="129,25,120,69,73,16,10,99,114,128,135,115,106" shuffle="mt19937ar,05D4AEE6,B4391EBC,41EF9E61,FC7CD687,C3339DE7,BF9807D3,43A6A41E,A2C30D79"/><V133/><F37/><W64/><G73/><T18/><D107/><U94/><E72/><V20/><F113/><N who="3" m="43019" /><G69/><T110/><D110/><U124/><E29/><V90/><F116/><W118/><G64/><T54/><D131/><N who="3" m="50249" /><G120/><T4/><D44/><N who="1" m="25743" /><E130/><V105/><F111/><N who="1" m="42569" /><E132/><V76/><F133/><W28/><G135/><T104/><D104/><U77/><E124/><V98/><F76/><W123/><G123/><T51/><D26/><U1/><E77/><V36/><F36/><W70/><G70/><T67/><D32/><U86/><E6/><N who="0" m="2089" /><D65/><U100/><E58/><V61/><F21/><N who="3" m="15407" /><G118/><T15/><D67/><U112/><E112/><V134/><F134/><W12/><G99/><T91/><D14/><U57/><E57/><V126/><F126/><W2/><G106/><AGARI ba="2,0" hai="0,1,86,89,94,96,100,106" m="42569,25743" machi="106" ten="30,2000,0" yaku="14,1,52,1" doraHai="47" who="1" fromWho="3" sc="344,0,90,26,419,0,147,-26" /><INIT seed="3,0,0,4,2,20" ten="344,116,419,121" oya="3" hai0="117,4,128,75,37,94,23,102,50,13,92,18,55" hai1="87,89,104,40,120,19,123,110,122,62,132,26,99" hai2="130,43,129,113,118,21,96,30,112,98,60,65,90" hai3="106,0,125,101,44,105,84,109,83,16,133,56,36" shuffle="mt19937ar,0E185389,DB9A73F3,A388B491,2F194821,73E02AF0,73361D59,F838E1DD,F6E2A30D"/><W47/><G0/><T79/><D37/><U31/><E40/><V103/><F43/><W86/><G36/><T5/><D117/><U28/><E110/><V29/><F90/><W59/><G109/><T72/><D72/><U27/><E132/><V35/><F98/><W82/><G101/><T91/><D128/><N who="2" m="49258" /><F118/><W108/><G108/><T73/><D73/><U15/><E62/><V71/><F35/><W126/><REACH who="3" step="1"/><G16/><REACH who="3" step="2"/><T81/><D102/><U131/><E131/><V64/><F113/><W127/><G127/><T61/><D61/><U41/><E41/><V116/><F112/><W54/><G54/><T53/><D53/><U24/><E31/><V38/><F38/><W97/><G97/><T95/><D4/><U67/><E28/><V76/><F116/><W134/><AGARI ba="0,1" hai="44,47,56,59,82,83,84,86,105,106,125,126,133,134" machi="134" ten="25,9600,0" yaku="1,1,0,1,22,2,53,0" doraHai="20" doraHaiUra="2" who="3" fromWho="3" sc="344,-32,116,-32,419,-32,111,106" /><INIT seed="3,1,0,4,2,86" ten="312,84,387,217" oya="3" hai0="83,55,18,113,33,131,74,15,115,96,91,26,128" hai1="126,64,110,35,121,8,39,27,127,99,94,41,59" hai2="129,93,87,48,7,40,69,36,38,119,109,57,49" hai3="61,81,65,104,84,21,51,132,28,98,1,133,13" shuffle="mt19937ar,A4B93134,676A5B9C,D0F02EA1,E8E2A6A5,1476EDF9,707303FD,5475539F,9C92A020"/><W130/><G1/><T14/><D74/><U16/><E121/><V2/><F69/><W120/><G120/><T122/><D122/><U75/><E75/><V62/><F119/><W105/><G51/><T32/><D55/><U78/><E78/><V44/><F129/><N who="0" m="49738" /><D83/><U100/><E110/><V25/><F109/><W58/><G130/><T116/><D91/><U30/><E39/><V134/><F134/><N who="3" m="51819" /><G98/><T135/><D96/><U118/><E118/><V106/><F106/><W53/><G53/><T111/><D116/><U71/><E41/><V47/><F25/><N who="3" m="16431" /><G13/><N who="0" m="4619" /><D111/><U43/><E43/><V102/><F102/><W89/><AGARI ba="1,0" hai="58,61,65,81,84,89,104,105" m="16431,51819" machi="89" ten="30,3000,0" yaku="20,1,52,1" doraHai="86" who="3" fromWho="3" sc="312,-11,84,-11,387,-11,217,33" /><INIT seed="3,2,0,0,5,62" ten="301,73,376,250" oya="3" hai0="115,21,112,30,67,88,53,86,40,120,54,41,38" hai1="31,121,50,89,131,71,35,133,8,59,109,46,58" hai2="17,123,9,81,4,73,116,28,104,6,77,126,7" hai3="10,60,57,11,72,79,15,76,100,91,82,55,12" shuffle="mt19937ar,0018B52D,222E4D72,9C011202,57312F56,58BBDCD3,C20DE98C,98C1B8D9,0EAE55ED"/><W61/><G100/><T105/><D105/><U37/><E89/><V48/><F104/><W25/><G79/><T127/><D120/><U51/><E31/><V87/><F116/><W18/><G25/><T74/><D74/><U39/><E8/><V47/><F123/><W99/><G99/><T95/><D127/><U124/><E35/><V65/><F126/><W27/><G27/><T69/><D30/><U117/><E124/><V34/><F28/><W90/><REACH who="3" step="1"/><G61/><REACH who="3" step="2"/><T68/><D115/><U93/><E121/><V14/><F34/><W5/><AGARI ba="2,1" hai="5,10,11,12,15,18,55,57,60,72,76,82,90,91" machi="5" ten="20,12000,1" yaku="1,1,2,1,0,1,7,1,53,1" doraHai="62" doraHaiUra="106" who="3" fromWho="3" sc="301,-42,73,-42,376,-42,240,136" owari="259,-9,31,-37,334,8,376,38" /></mjloggm>