<mjloggm ver="2.3"><GO type="225"/><UN n0="%E6%9C%80%E9%80%9F%E3%82%AF%E3%83%B3%E2%99%AA" n1="%73%69%64%65" n2="%EF%BC%A6%EF%BC%B8%E9%9B%80%E5%A3%AB" n3="%E9%9B%81%E7%BA%8F" dan="16,17,16,16" rate="2071,2101,2054,2048" sx="M,M,M,M"/><TAIKYOKU oya="0"/><INIT seed="0,0,0,5,2,97" ten="250,250,250,250" oya="0" hai0="83,32,48,78,51,91,94,18,90,113,107,100,60" hai1="80,26,42,114,125,16,31,132,0,56,14,36,92" hai2="115,111,3,67,102,76,29,59,10,121,46,119,98" hai3="54,130,123,103,84,41,25,7,8,13,30,71,9" shuffle="mt19937ar,97CF4811,01377904,BF67AFC4,883A6C71,52E8D104,8EBD2E7D,F6527A3A,1477CDF1"/><T28/><D113/><U49/><E0/><V50/><F115/><W35/><G123/><T72/><D32/><U93/><E114/><V68/><F121/><W79/><G71/><T124/><D28/><U15/><E36/><V62/><F119/><W45/><G103/><T22/><D124/><U2/><E2/><V61/><F111/><W89/><G130/><T120/><D60/><U101/><E125/><V65/><F76/><W1/><G54/><T131/><D131/><U122/><E122/><V110/><F110/><W34/><G34/><T6/><D6/><U70/><E70/><V133/><F133/><W40/><G79/><T52/><D120/><U38/><E38/><V55/><F29/><W75/><G75/><T127/><D127/><U81/><E132/><V82/><F82/><N who="1" m="31849" /><E101/><V63/><F63/><W95/><REACH who="3" step="1"/><G45/><REACH who="3" step="2"/><T24/><D52/><N who="1" m="31759" /><E42/><V73/><F73/><W77/><G77/><T105/><D91/><U106/><E106/><V87/><F68/><W134/><G134/><T53/><D107/><U109/><E109/><V128/><F128/><W86/><G86/><N who="0" m="52567" /><D53/><U44/><E44/><V37/><F46/><W99/><G99/><AGARI ba="0,1" hai="18,22,24,48,51,72,78,83,99,100,105" m="52567" machi="99" ten="30,2900,0" yaku="24,1,52,1" doraHai="97" who="0" fromWho="3" sc="250,39,250,0,250,0,240,-29" /><INIT seed="0,1,0,3,3,10" ten="289,250,250,211" oya="0" hai0="109,3,69,55,86,18,105,5,74,133,96,1,34" hai1="44,127,112,2,130,113,29,104,103,13,92,48,22" hai2="33,19,7,110,108,129,27,61,35,28,57,115,124" hai3="50,47,8,14,73,15,78,120,45,134,106,77,85" shuffle="mt19937ar,8D29CABC,3B128AE4,4FD5DB62,0BD4E80A,FC677BF5,CD1A4D46,CD19F196,FF8A1C21"/><T11/><D74/><U102/><E2/><V94/><F115/><N who="1" m="44105" /><E104/><V43/><F35/><W60/><G106/><T54/><D1/><U131/><E127/><V123/><F123/><W12/><G120/><T121/><D121/><U17/><E29/><V80/><F124/><W91/><G73/><T40/><D69/><U84/><E84/><V97/><F43/><N who="3" m="24895" /><G134/><T116/><D116/><U49/><E49/><V20/><F129/><N who="1" m="49161" /><E92/><V42/><F94/><N who="3" m="54639" /><G8/><T114/><D3/><U107/><E107/><V62/><F108/><W9/><G9/><T38/><D11/><U67/><E67/><V89/><F110/><W26/><G26/><T119/><D105/><U83/><E83/><V76/><F80/><W71/><G71/><T4/><D109/><U126/><E126/><V117/><F27/><W99/><G99/><T87/><D96/><U98/><E98/><V58/><F97/><W93/><G93/><T100/><D87/><U32/><E32/><V46/><F33/><W122/><G122/><T90/><D86/><U88/><E88/><V101/><F89/><W68/><G68/><T0/><D90/><U65/><E65/><V51/><F101/><W70/><G70/><T37/><D100/><U66/><E66/><V128/><F128/><W16/><G16/><T39/><D34/><U21/><E21/><V56/><F20/><W81/><G60/><T79/><D18/><U132/><E132/><V59/><F19/><W111/><G111/><T72/><D133/><U53/><AGARI ba="1,0" hai="13,17,22,44,48,53,102,103" m="49161,44105" machi="53" ten="30,4000,0" yaku="11,1,19,1,52,1" doraHai="10" who="1" fromWho="1" sc="289,-21,250,43,250,-11,211,-11" /><INIT seed="1,0,0,1,5,129" ten="268,293,239,200" oya="1" hai0="79,127,101,111,26,92,34,77,81,31,11,113,62" hai1="98,108,116,13,73,106,119,0,36,114,16,46,25" hai2="8,122,135,94,103,75,64,55,14,121,72,131,99" hai3="57,66,115,96,107,42,74,4,86,32,87,40,126" shuffle="mt19937ar,4AF281B8,4091751F,1208DC33,53340AB9,BB053738,93A9B72D,FD793C28,C10C9F25"/><U104/><E0/><V2/><F131/><W10/><G32/><T65/><D113/><U49/><E36/><V105/><F2/><W100/><G74/><T23/><D111/><U112/><E73/><V44/><F64/><W82/><G115/><T48/><D127/><U117/><E25/><V80/><F75/><W1/><G126/><T70/><D11/><U39/><E39/><V84/><F105/><W52/><G66/><T93/><D48/><U124/><E124/><V6/><F72/><W133/><G133/><T27/><D101/><U68/><E68/><V29/><F135/><W3/><G3/><T19/><D79/><U56/><E56/><V109/><F109/><W41/><REACH who="3" step="1"/><G82/><REACH who="3" step="2"/><T83/><D81/><U22/><E108/><V43/><F121/><W47/><G47/><T123/><D123/><U7/><E114/><V95/><F80/><W118/><G118/><T76/><D77/><U67/><E112/><V89/><F122/><W88/><G88/><T90/><D90/><U63/><E116/><V60/><F44/><W53/><G53/><T59/><D70/><U45/><E45/><V51/><F43/><W24/><G24/><T71/><D71/><U28/><E46/><V18/><F55/><W97/><G97/><T33/><D34/><U134/><E67/><V21/><F99/><W102/><G102/><T110/><D110/><U61/><E98/><V5/><F103/><W91/><G91/><T78/><D76/><U120/><E119/><V37/><F89/><W9/><G9/><T69/><D69/><U38/><E117/><V85/><F8/><RYUUKYOKU ba="0,1" sc="268,15,293,-15,239,-15,190,15" hai0="19,23,26,27,31,33,59,62,65,78,83,92,93" hai3="1,4,10,40,41,42,52,57,86,87,96,100,107" /><INIT seed="2,1,1,1,4,14" ten="283,278,224,205" oya="2" hai0="4,112,18,24,21,43,111,131,35,9,91,62,82" hai1="56,37,40,116,63,64,17,101,31,33,133,94,99" hai2="16,46,27,103,39,93,78,20,57,19,118,132,6" hai3="85,30,22,36,80,3,123,96,47,67,45,92,119" shuffle="mt19937ar,5E6B873F,6D53D5B9,D5514F58,494FCE71,523073D3,FAF928B0,0423418F,31C592B4"/><V7/><F118/><W52/><G119/><T100/><D112/><U128/><E116/><V74/><F132/><W121/><G3/><T75/><D111/><U113/><E113/><V81/><F57/><W129/><G129/><T0/><D131/><U49/><E128/><V71/><F71/><W126/><G126/><T107/><D43/><U127/><E127/><V125/><F125/><W12/><G67/><T54/><D107/><U8/><E37/><V50/><F39/><W114/><G114/><T55/><D100/><U76/><E133/><V11/><F11/><W122/><G36/><T83/><D62/><U108/><E108/><V102/><F102/><W58/><G30/><N who="0" m="19911" /><D91/><U68/><E76/><V109/><F109/><W51/><G22/><T89/><D89/><U134/><E134/><V117/><F117/><W48/><G12/><N who="0" m="9415" /><D82/><U124/><E124/><V97/><F19/><W25/><G25/><T70/><D70/><U38/><E38/><V41/><AGARI ba="1,1" hai="6,7,16,20,27,41,46,50,74,78,81,93,97,103" machi="41" ten="20,7800,0" yaku="0,1,7,1,52,1,54,1" doraHai="14" who="2" fromWho="2" sc="283,-27,278,-27,224,91,205,-27" /><INIT seed="2,2,0,4,0,79" ten="256,251,315,178" oya="2" hai0="76,117,123,41,19,129,127,21,57,80,46,125,114" hai1="29,85,122,9,101,90,61,10,4,51,37,86,22" hai2="60,134,59,31,12,113,65,49,63,43,44,2,6" hai3="1,112,25,109,28,0,8,55,47,66,78,7,116" shuffle="mt19937ar,1F265DED,5D2880E1,D6765A89,942D46C4,E4DBF96B,4E0A442E,BB4D77EC,34A4CD67"/><V30/><F2/><W58/><G116/><T104/><D123/><U69/><E37/><V135/><F113/><W106/><G106/><T115/><D104/><U14/><E122/><V121/><F121/><W70/><G112/><T108/><D117/><U103/><E69/><V95/><F95/><W27/><G109/><T73/><D108/><U33/><E33/><V94/><F94/><W74/><G47/><T102/><D102/><U71/><E71/><V130/><F60/><W5/><G66/><T133/><D129/><U18/><E61/><V68/><F130/><W11/><G70/><T118/><D118/><U81/><E29/><V64/><F64/><W15/><G15/><N who="0" m="9471" /><D57/><U84/><E10/><N who="2" m="4183" /><F59/><W62/><REACH who="3" step="1"/><G28/><REACH who="3" step="2"/><T3/><D115/><U16/><E14/><V23/><F31/><W56/><G56/><T82/><D114/><U32/><E18/><V89/><F30/><W24/><G24/><T132/><D46/><U126/><E16/><V48/><F44/><W131/><G131/><T26/><D3/><U35/><E35/><V128/><F128/><W36/><G36/><T40/><D26/><U87/><E32/><V99/><F65/><W105/><G105/><T50/><D127/><U119/><E126/><V83/><F68/><W45/><G45/><T42/><D125/><U17/><E119/><V38/><F38/><W91/><G91/><T93/><D40/><U67/><E90/><V120/><F89/><W75/><G75/><T20/><D41/><U100/><E17/><V77/><F43/><W107/><G107/><T52/><D42/><U13/><E67/><RYUUKYOKU ba="2,1" sc="256,-10,251,-10,315,-10,168,30" hai3="0,1,5,7,8,11,25,27,55,58,62,74,78" /><INIT seed="3,3,1,1,3,97" ten="246,241,305,198" oya="3" hai0="111,100,117,122,30,77,95,110,29,37,64,73,129" hai1="69,61,68,133,134,1,2,41,90,130,38,108,106" hai2="131,51,87,54,96,63,98,127,65,112,24,76,16" hai3="103,75,66,26,48,132,60,84,94,118,14,85,126" shuffle="mt19937ar,E51782FF,2B9E61DE,6F3498D4,86ED9C03,3E45FAD9,09CE7E6B,F57BE8C8,D1D1865B"/><W7/><G75/><T23/><D117/><U56/><E106/><V39/><F39/><W55/><G118/><T79/><D122/><U19/><E108/><N who="0" m="41513" /><D37/><U72/><E72/><V33/><F112/><W32/><G132/><N who="1" m="50794" /><E130/><V89/><F131/><W57/><G126/><T17/><D129/><U9/><E90/><V34/><F76/><N who="0" m="29258" /><D73/><U116/><E116/><V123/><F34/><W67/><G32/><T59/><D100/><U4/><E2/><V93/><F123/><W10/><G26/><N who="0" m="14703" /><D95/><U50/><E38/><V74/><F74/><W52/><G66/><T71/><D71/><U78/><E78/><V46/><F127/><W3/><G3/><T105/><D105/><U107/><E107/><V113/><F113/><W18/><G7/><T62/><AGARI ba="3,1" hai="29,30,59,62,64" m="14703,29258,41513" machi="62" ten="30,1100,0" yaku="14,1" doraHai="97" who="0" fromWho="0" sc="246,30,241,-6,305,-6,198,-8" /><INIT seed="4,0,0,1,4,33" ten="276,235,299,190" oya="0" hai0="108,2,60,62,54,11,26,133,6,25,70,32,129" hai1="71,119,134,82,88,110,53,67,115,118,28,59,18" hai2="14,72,99,5,126,34,19,38,104,24,17,81,105" hai3="87,103,44,58,120,37,64,35,106,51,43,55,116" shuffle="mt19937ar,DFA726B2,12B2BBEE,5804D208,B2DC7529,6F7C3F49,28164968,F3D242D0,8431C82E"/><T40/><D133/><U93/><E134/><V76/><F5/><W125/><G116/><T123/><D123/><U10/><E71/><V56/><F38/><W31/><G125/><T52/><D40/><U12/><E67/><V113/><F113/><W50/><G120/><T77/><D77/><U114/><E28/><V30/><F126/><W95/><G106/><T132/><D132/><U8/><E110/><V96/><F96/><W15/><G64/><T92/><D70/><U29/><E29/><V100/><F56/><W27/><G15/><T41/><D41/><U1/><E82/><V111/><F111/><W97/><REACH who="3" step="1"/><G87/><REACH who="3" step="2"/><T117/><D117/><U91/><E119/><V89/><F104/><W22/><G22/><T20/><D108/><U78/><E118/><V36/><F14/><W98/><G98/><T49/><D32/><U46/><E12/><V80/><F36/><AGARI ba="0,1" hai="27,31,35,36,37,43,44,50,51,55,58,95,97,103" machi="36" ten="40,2600,0" yaku="1,1,53,1" doraHai="33" doraHaiUra="48" who="3" fromWho="2" sc="276,0,235,0,299,-26,180,36" /><INIT seed="5,0,0,2,0,49" ten="276,235,273,216" oya="1" hai0="65,13,48,76,107,93,85,104,16,50,6,12,11" hai1="86,92,112,61,124,101,29,22,128,40,41,45,89" hai2="127,102,116,66,27,123,97,122,78,3,51,4,1" hai3="64,24,82,59,9,131,62,111,114,119,56,74,106" shuffle="mt19937ar,43D1F549,E7A4B47D,CBC7AE0A,5C9AD053,6C4B984E,5A6C5CAE,65B49BD0,29D71692"/><U26/><E112/><V23/><F116/><W19/><G111/><T109/><D109/><U20/><E128/><V0/><F78/><W134/><G114/><T7/><D104/><U35/><E124/><V94/><F127/><W95/><G106/><T5/><D107/><U126/><E126/><V10/><F66/><W30/><G131/><T98/><D65/><U71/><E101/><V79/><F79/><W54/><G134/><T31/><D31/><U67/><REACH who="1" step="1"/><E41/><REACH who="1" step="2"/><V44/><F122/><W73/><G119/><T118/><D118/><U135/><E135/><V88/><F102/><W46/><G74/><T18/><D76/><U37/><AGARI ba="0,1" hai="20,22,26,29,35,37,40,45,61,67,71,86,89,92" machi="37" ten="20,7800,0" yaku="1,1,0,1,7,1,53,1" doraHai="49" doraHaiUra="84" who="1" fromWho="1" sc="276,-26,225,88,273,-26,216,-26" owari="250,0,313,31,247,-10,190,-21" /></mjloggm>