<mjloggm ver="2.3"><GO type="225"/><UN n0="%E2%98%85%E3%83%A6%E3%83%94%E3%83%86%E3%83%AB%E2%98%85" n1="%E6%A1%9C%E8%8A%B1%E9%96%83%E3%80%85" n2="%E3%83%81%E3%83%A3%E3%82%AA%E3%83%AA" n3="%E5%BE%85%E3%81%A1%E3%81%A8%E3%82%89%E3%81%9A" dan="16,16,17,16" rate="2056,2056,2079,2045" sx="M,M,M,M"/><TAIKYOKU oya="0"/><INIT seed="0,0,0,0,4,97" ten="250,250,250,250" oya="0" hai0="4,118,7,12,107,93,30,33,26,51,59,104,117" hai1="69,13,94,86,6,41,119,110,127,90,44,37,87" hai2="81,124,77,61,19,64,113,126,25,76,38,29,132" hai3="55,101,103,92,128,106,9,35,53,73,133,22,36" shuffle="mt19937ar,43C16229,6D7FD5DE,991D2D00,B81E4BEE,C93ABF2D,11EAF44E,CC18BD84,A718C584"/><T83/><D83/><U14/><E119/><V63/><F38/><W91/><G36/><T46/><D59/><U40/><E69/><V8/><F113/><W102/><G106/><T42/><D93/><U15/><E110/><V112/><F112/><W100/><G73/><T129/><D129/><U11/><E127/><N who="2" m="48683" /><F132/><W21/><G35/><T62/><D62/><N who="2" m="23562" /><F64/><W122/><G133/><T98/><D104/><U74/><E74/><V105/><F105/><W50/><G128/><T48/><D48/><U57/><E41/><V10/><F19/><W0/><G122/><T131/><D131/><U120/><E120/><V109/><F109/><W60/><G9/><N who="2" m="3689" /><F81/><W121/><G121/><T80/><D80/><U125/><E125/><V20/><AGARI ba="0,0" hai="20,25,29,76,77" m="3689,23562,48683" machi="20" ten="30,1100,0" yaku="18,1" doraHai="97" who="2" fromWho="2" sc="250,-5,250,-3,250,11,250,-3" /><INIT seed="1,0,0,1,4,1" ten="245,247,261,247" oya="1" hai0="58,71,123,54,31,42,106,114,126,104,16,3,107" hai1="19,134,53,77,96,35,29,40,25,68,41,55,6" hai2="13,92,10,46,23,85,43,4,57,119,22,52,84" hai3="110,47,79,36,130,33,9,48,87,122,26,24,129" shuffle="mt19937ar,2B6CCBAB,EA2B0762,608E5059,2B32F6E2,4AD13CF0,C083E20E,46848552,82D135CB"/><U100/><E134/><V97/><F119/><W81/><G122/><T45/><D71/><U59/><E68/><V135/><F135/><W74/><G36/><T62/><D3/><U115/><E115/><V70/><F70/><W131/><G110/><T82/><D114/><U21/><E77/><V80/><F43/><W63/><G63/><T120/><D31/><U127/><E127/><V75/><F75/><W5/><G74/><T88/><D126/><U94/><E6/><V15/><F46/><W2/><REACH who="3" step="1"/><G33/><REACH who="3" step="2"/><T103/><D123/><U34/><E34/><V60/><F15/><W113/><G113/><T108/><D120/><U11/><E35/><V124/><F124/><W67/><G67/><T65/><D108/><U105/><E25/><V116/><F116/><W18/><G18/><T50/><D16/><U98/><E19/><V89/><REACH who="2" step="1"/><F80/><REACH who="2" step="2"/><W76/><G76/><T30/><D82/><U132/><E132/><V91/><F91/><W73/><G73/><T112/><D88/><U20/><E100/><V99/><F99/><W83/><G83/><T133/><D103/><U37/><E98/><V125/><F125/><W51/><G51/><T93/><D133/><U0/><E96/><V28/><F28/><W78/><G78/><T38/><D30/><U7/><E29/><V86/><AGARI ba="0,2" hai="4,10,13,22,23,52,57,60,84,85,86,89,92,97" machi="86" ten="30,8000,1" yaku="1,1,0,1,8,1,52,1,54,1,53,0" doraHai="1" doraHaiUra="101" who="2" fromWho="2" sc="245,-20,247,-40,251,100,237,-20" /><INIT seed="2,0,0,4,3,95" ten="225,207,351,217" oya="2" hai0="42,85,10,132,59,128,111,55,63,88,3,72,62" hai1="93,76,27,0,41,20,38,64,107,122,24,71,120" hai2="100,87,28,118,8,13,66,106,60,68,89,14,73" hai3="1,70,37,104,6,34,22,7,109,86,61,121,53" shuffle="mt19937ar,402637A2,906B3016,FA71967D,11205400,FA188AF0,1382A64A,F5FA4596,28CB860B"/><V114/><F73/><W126/><G121/><N who="1" m="46698" /><E107/><V84/><F114/><W75/><G126/><T12/><D72/><U78/><E0/><V4/><F118/><W52/><G37/><T17/><D3/><U117/><E117/><V15/><F28/><W65/><G34/><T58/><D111/><U92/><E71/><V80/><REACH who="2" step="1"/><F87/><REACH who="2" step="2"/><W130/><G75/><T26/><D132/><U21/><E27/><V96/><AGARI ba="0,1" hai="4,8,13,14,15,60,66,68,80,84,89,96,100,106" machi="96" ten="30,12000,1" yaku="1,1,2,1,0,1,52,1,53,1" doraHai="95" doraHaiUra="97" who="2" fromWho="2" sc="225,-40,207,-40,341,130,217,-40" /><INIT seed="2,1,0,1,2,82" ten="185,167,471,177" oya="2" hai0="57,94,19,89,45,13,62,73,66,123,102,74,22" hai1="20,65,47,90,120,112,6,55,68,95,1,63,4" hai2="85,5,114,3,2,72,7,21,51,18,46,77,59" hai3="29,92,33,117,93,23,30,134,107,10,127,8,75" shuffle="mt19937ar,DB25D1FC,DA049EB6,05DD9071,E8274962,DAE772CA,F7839603,0F5F80C0,030284FA"/><V52/><F72/><W128/><G117/><T126/><D126/><U81/><E112/><V60/><F114/><W115/><G107/><T87/><D123/><U100/><E120/><V111/><F111/><W53/><G75/><T54/><D102/><U86/><E1/><V135/><F135/><W104/><G33/><T118/><D118/><U25/><E47/><V79/><F3/><W50/><G104/><T80/><D45/><U64/><E65/><V84/><F77/><W108/><G128/><T122/><D122/><U43/><E43/><V15/><F79/><W14/><G127/><T101/><D101/><U71/><E71/><V109/><F109/><W27/><G30/><T38/><D38/><U49/><E55/><N who="2" m="33919" /><F2/><W124/><G124/><T36/><D36/><U61/><E49/><V11/><F21/><W40/><G134/><T16/><D19/><N who="1" m="12447" /><E68/><V26/><F26/><W34/><G34/><T42/><D42/><U103/><E64/><V78/><F78/><W91/><G40/><T131/><D131/><U76/><E76/><V44/><F44/><W28/><G115/><T125/><D125/><U32/><E32/><V31/><F31/><W132/><G29/><T129/><D129/><U67/><E67/><V24/><F24/><W48/><G132/><T37/><D37/><U35/><E35/><V130/><F130/><W88/><G108/><T12/><D66/><U39/><E39/><V110/><F110/><W96/><G53/><T106/><D106/><U56/><E56/><V58/><F58/><W133/><G133/><T116/><D74/><U98/><E100/><RYUUKYOKU ba="1,0" sc="185,-15,167,15,471,15,177,-15" hai1="4,6,61,63,81,86,90,95,98,103" hai2="5,7,11,15,18,46,51,52,84,85" /><INIT seed="2,2,0,0,0,85" ten="170,182,486,162" oya="2" hai0="95,43,131,12,70,94,72,50,104,34,56,92,4" hai1="33,135,7,48,51,134,10,16,60,71,109,107,82" hai2="97,102,2,11,117,132,126,110,130,20,118,1,89" hai3="19,54,30,67,127,35,21,91,37,77,0,90,6" shuffle="mt19937ar,144B0F16,B739BA8B,DA53E34F,A5ED9FCD,A0251469,C001DCA9,A7C534AC,F488C560"/><V100/><F126/><W106/><G106/><T59/><D70/><U123/><E33/><V32/><F32/><W75/><G127/><T111/><D104/><U5/><E107/><V73/><F73/><W65/><G37/><T74/><D34/><U87/><E109/><V40/><F40/><W41/><G41/><T98/><D111/><U47/><E123/><V27/><F110/><W55/><G77/><T128/><D98/><U17/><E71/><V86/><F132/><N who="1" m="50729" /><E60/><V120/><F120/><W69/><G75/><N who="0" m="28715" /><D4/><N who="1" m="1611" /><E10/><V63/><F11/><N who="3" m="2503" /><G55/><T24/><D24/><U83/><E82/><V8/><F8/><W57/><G67/><T13/><D43/><N who="1" m="24703" /><E51/><V36/><F36/><W78/><G65/><T114/><D114/><U115/><E115/><V99/><F63/><N who="3" m="36279" /><G78/><AGARI ba="2,0" hai="16,17,78,83,87" m="24703,1611,50729" machi="78" ten="30,2000,0" yaku="20,1,54,1" doraHai="85" who="1" fromWho="3" sc="170,0,182,26,486,0,162,-26" /><INIT seed="3,0,0,4,5,77" ten="170,208,486,136" oya="3" hai0="80,118,29,25,90,50,66,65,11,23,110,7,14" hai1="134,61,41,123,52,46,74,39,102,6,43,10,62" hai2="120,53,135,21,91,57,85,9,127,37,92,17,86" hai3="16,47,60,67,3,93,94,33,107,124,119,71,1" shuffle="mt19937ar,3BF764C2,9A553860,2516E1F3,C608AF62,B0DBFC2B,9BA116A5,99405C66,0D459326"/><W79/><G119/><T109/><D118/><U28/><E123/><V116/><F116/><W95/><G107/><T98/><D50/><U45/><E134/><V15/><F37/><W34/><G124/><T44/><D44/><U22/><E74/><V113/><F113/><W5/><G47/><T38/><D38/><U55/><E102/><V12/><F120/><W19/><G79/><T114/><D114/><U82/><E82/><V26/><F135/><W108/><G108/><N who="0" m="41579" /><D98/><U121/><E121/><V75/><F75/><W58/><G71/><T112/><D112/><U49/><E62/><N who="2" m="36143" /><F127/><W54/><G67/><T13/><D13/><N who="2" m="5194" /><F9/><W36/><G36/><T122/><D122/><U4/><E61/><V89/><F89/><W27/><G5/><T63/><D63/><U106/><E106/><V133/><F133/><W84/><G84/><AGARI ba="0,0" hai="7,11,14,23,25,29,65,66,80,84,90" m="41579" machi="84" ten="30,2000,0" yaku="14,1,52,1" doraHai="77" who="0" fromWho="3" sc="170,20,208,0,486,0,136,-20" /><AGARI ba="0,0" hai="17,21,26,84,85,86,91,92" m="5194,36143" machi="84" ten="30,1000,0" yaku="8,1" doraHai="77" who="2" fromWho="3" sc="190,0,208,0,486,10,116,-10" owari="190,-16,208,-4,496,49,106,-29" /></mjloggm>