<mjloggm ver="2.3"><GO type="225"/><UN n0="%E3%82%88%E3%81%A3%E3%81%A1" n1="%E9%81%8A%E6%AD%A9" n2="%E3%83%95%E3%83%9E%E3%82%AD%E3%83%A9%E3%83%BC" n3="%E5%BE%85%E3%81%A1%E3%81%A8%E3%82%89%E3%81%9A" dan="16,16,16,16" rate="2075,2019,2019,2054" sx="M,F,M,M"/><TAIKYOKU oya="0"/><INIT seed="0,0,0,4,0,110" ten="250,250,250,250" oya="0" hai0="63,12,92,29,60,17,129,2,28,122,58,113,135" hai1="32,48,7,56,55,127,68,102,117,22,101,64,10" hai2="41,123,116,14,46,66,3,65,90,72,107,9,109" hai3="51,31,15,36,132,11,62,52,59,37,34,108,45" shuffle="mt19937ar,59486D82,124656FD,FE420705,4E1DE97C,1DDDEECE,6BA99E09,7511E0F1,8DDE1E88"/><T97/><D122/><U4/><E32/><V95/><F123/><W71/><G108/><T61/><D129/><U50/><E117/><V114/><F107/><W100/><G100/><T54/><D135/><U81/><E127/><V99/><F109/><W77/><G132/><T1/><D113/><U88/><E68/><V78/><F116/><W104/><G104/><T125/><D125/><U80/><E64/><V26/><F114/><W44/><G77/><T53/><D2/><U42/><E22/><V86/><F26/><W19/><G31/><T87/><D1/><U35/><E35/><V38/><F99/><W13/><G34/><T96/><D87/><N who="1" m="50279" /><E81/><N who="2" m="45255" /><F14/><W57/><G71/><T33/><D33/><U5/><E10/><V91/><F91/><W47/><REACH who="3" step="1"/><G13/><REACH who="3" step="2"/><T94/><D29/><U16/><E102/><V76/><F76/><W24/><G24/><T119/><D28/><U126/><E101/><V30/><F30/><W70/><G70/><T93/><D119/><U39/><E126/><V18/><F3/><W83/><G83/><T23/><D58/><U128/><E128/><V85/><F90/><W25/><G25/><T20/><D20/><U40/><E39/><V21/><F21/><W69/><G69/><T75/><D75/><U105/><E105/><V67/><F38/><W6/><G6/><T73/><D73/><U74/><E74/><V89/><F89/><W118/><G118/><T43/><D43/><U82/><E82/><V120/><F120/><W124/><G124/><T0/><D0/><U106/><E106/><V121/><F121/><W134/><G134/><RYUUKYOKU ba="0,1" sc="250,15,250,-15,250,-15,240,15" hai0="12,17,23,53,54,60,61,63,92,93,94,96,97" hai3="11,15,19,36,37,44,45,47,51,52,57,59,62" /><INIT seed="0,1,1,5,3,33" ten="265,235,235,255" oya="0" hai0="79,27,102,56,96,110,85,103,86,93,42,8,43" hai1="126,70,20,29,61,106,68,97,28,18,30,130,104" hai2="60,53,41,99,109,36,71,57,5,65,4,17,9" hai3="45,59,51,24,6,111,91,40,82,134,13,113,101" shuffle="mt19937ar,A43FAA3C,D94BBCF4,22AB9D5A,A44DBE8A,FE7EE13B,869F6412,FA529882,739BE248"/><T19/><D110/><U1/><E130/><V11/><F109/><W81/><G113/><T124/><D103/><U47/><E126/><V34/><F34/><W16/><G134/><T48/><D124/><U84/><E47/><V125/><F125/><W131/><G101/><T55/><D79/><U66/><E70/><V37/><F17/><W50/><G131/><T129/><D129/><U128/><E128/><V31/><F31/><W67/><G111/><T54/><D54/><U62/><E62/><V14/><F99/><W118/><G118/><T46/><D43/><U3/><E84/><V32/><F32/><W80/><G6/><T75/><D75/><U23/><E23/><V95/><F95/><W87/><G24/><T64/><D64/><U120/><E120/><V2/><REACH who="2" step="1"/><F41/><REACH who="2" step="2"/><W90/><G91/><T52/><D42/><U7/><E7/><V0/><F0/><W122/><G122/><T26/><D26/><U77/><E106/><V114/><F114/><W105/><G105/><T100/><D100/><U89/><E104/><V135/><F135/><W116/><G116/><T44/><D27/><U72/><E97/><V10/><F10/><W88/><G90/><T132/><D132/><U12/><REACH who="1" step="1"/><E89/><REACH who="1" step="2"/><V74/><F74/><W49/><G88/><T76/><D46/><U25/><E25/><V78/><F78/><W133/><G133/><T127/><D76/><U119/><E119/><V94/><F94/><W15/><G82/><AGARI ba="1,3" hai="1,3,12,18,20,28,29,30,61,66,68,72,77,82" machi="82" ten="40,5200,0" yaku="1,1,52,2,53,0" doraHai="33" doraHaiUra="22" who="1" fromWho="3" sc="265,0,225,85,225,0,255,-55" /><INIT seed="1,0,0,3,2,63" ten="265,310,225,200" oya="1" hai0="130,107,69,58,53,74,60,128,78,94,13,4,24" hai1="115,103,55,18,124,80,6,19,39,26,65,106,81" hai2="20,83,51,120,90,30,45,134,61,125,16,100,93" hai3="85,117,50,36,48,113,95,72,22,25,110,15,0" shuffle="mt19937ar,AEE2F528,5E671E85,6819ABA9,DB8EFA56,871A99E3,835C7C47,FA6612B7,13F6C960"/><U105/><E115/><V71/><F120/><W64/><G72/><T77/><D107/><U47/><E6/><V116/><F116/><W31/><G36/><T23/><D69/><U56/><E124/><V97/><F125/><W96/><G0/><T67/><D53/><U17/><E26/><V92/><F30/><W114/><G110/><T8/><D94/><U57/><E65/><V135/><F83/><W37/><G37/><T76/><REACH who="0" step="1"/><D74/><REACH who="0" step="2"/><U108/><E55/><V3/><F71/><W133/><G114/><T98/><D98/><U118/><E118/><V62/><F92/><W89/><G113/><T5/><D5/><U42/><E108/><V43/><F93/><W33/><G117/><T131/><D131/><U12/><E106/><V119/><F97/><W88/><G133/><T66/><D66/><U112/><E112/><V126/><F119/><W44/><G64/><T29/><AGARI ba="0,1" hai="4,8,13,23,24,29,58,60,67,76,77,78,128,130" machi="29" ten="30,4000,0" yaku="1,1,0,1,52,1,53,0" doraHai="63" doraHaiUra="14" who="0" fromWho="0" sc="255,50,310,-20,225,-10,200,-10" /><INIT seed="2,0,0,4,2,46" ten="305,290,215,190" oya="2" hai0="12,45,44,99,29,50,13,10,63,120,135,130,36" hai1="89,126,133,96,98,88,103,70,31,76,115,100,85" hai2="21,47,55,48,24,122,59,72,35,101,105,68,15" hai3="22,30,94,102,27,60,16,86,82,3,87,108,95" shuffle="mt19937ar,EE9436AF,C07D6DBA,D9CEADDB,83A214E4,C7AE3AE7,B9AAADA7,44535056,6CD7B96A"/><V56/><F72/><W69/><G108/><T109/><D120/><U117/><E70/><V75/><F75/><W49/><G3/><T134/><D109/><U1/><E1/><V53/><F68/><W91/><G69/><T40/><D99/><N who="1" m="37931" /><E115/><V119/><F122/><W64/><G102/><N who="1" m="38954" /><E117/><V132/><F119/><W19/><G64/><T124/><D63/><U74/><E31/><V84/><F101/><W33/><G60/><T8/><D130/><U38/><E38/><V121/><F121/><W23/><G33/><T37/><D124/><U110/><E126/><V41/><F35/><W52/><G86/><T39/><D29/><U54/><E54/><V62/><F84/><W28/><G28/><T80/><D80/><N who="1" m="45079" /><E110/><V83/><F15/><N who="3" m="9503" /><G30/><T90/><D44/><AGARI ba="0,0" hai="19,23,27,44,49,52,82,87,91,94,95" m="9503" machi="44" ten="30,7700,0" yaku="8,1,52,1,54,2" doraHai="46" who="3" fromWho="0" sc="305,-77,290,0,215,0,190,77" /><INIT seed="3,0,0,2,0,109" ten="228,290,215,267" oya="3" hai0="122,13,119,56,98,87,82,103,120,131,52,39,34" hai1="22,23,10,89,114,43,83,28,91,94,51,48,127" hai2="90,84,121,74,24,3,115,40,70,69,62,86,66" hai3="104,128,106,112,0,100,67,125,25,105,47,2,135" shuffle="mt19937ar,0C8FEBAB,2D6A114B,FD85BF9D,6DC821B6,DD51DFA0,6569590D,869207CC,B4CAFAE0"/><W130/><G112/><T15/><D34/><U111/><E114/><V76/><F115/><W92/><G135/><T116/><D39/><U50/><E111/><V81/><F3/><W16/><G67/><T118/><D131/><N who="3" m="50217" /><G47/><T59/><D59/><U53/><E127/><V17/><F121/><W123/><G123/><T134/><D134/><U1/><E1/><N who="3" m="618" /><G125/><T102/><D122/><U101/><E10/><V99/><F40/><W77/><G77/><T21/><D120/><U73/><E73/><V60/><F24/><W57/><G57/><T129/><D129/><U97/><E43/><V20/><F60/><W132/><G132/><T64/><D64/><U124/><E124/><V4/><F70/><W5/><G5/><T108/><D108/><U38/><E38/><V31/><F4/><W33/><G33/><T85/><D118/><U65/><E65/><V72/><F62/><W71/><G71/><T11/><D56/><N who="1" m="32807" /><E28/><V61/><F31/><W26/><G16/><T44/><D44/><U133/><E133/><V14/><F76/><W96/><AGARI ba="0,0" hai="25,26,92,96,100,104,105,106" m="618,50217" machi="96" ten="40,2100,0" yaku="19,1" doraHai="109" who="3" fromWho="3" sc="228,-7,290,-7,215,-7,267,21" /><INIT seed="3,1,0,1,0,93" ten="221,283,208,288" oya="3" hai0="32,103,41,100,106,16,33,78,98,62,30,63,119" hai1="84,90,101,64,56,108,7,67,34,105,131,125,83" hai2="29,92,75,37,46,87,111,97,53,65,120,26,50" hai3="31,94,55,127,61,0,40,123,42,44,132,77,58" shuffle="mt19937ar,2D53CBEE,255CC7DE,0CF30A1F,A01544BE,DB5CBF8F,7A09A549,1EC64014,140A1093"/><W36/><G123/><T130/><D130/><U96/><E131/><V80/><F75/><W115/><G115/><T21/><D119/><U10/><E108/><V22/><F111/><W72/><G42/><T18/><D78/><U118/><E118/><V109/><F109/><W85/><G31/><T128/><D128/><U14/><E125/><V47/><F120/><W28/><G28/><T43/><D30/><U82/><E34/><V45/><F65/><W54/><G85/><T59/><D18/><U91/><E56/><V13/><F13/><W133/><G94/><T89/><D63/><U70/><E70/><V11/><F11/><W124/><G0/><T69/><D69/><U24/><E24/><V20/><F20/><W71/><G55/><T110/><D110/><U52/><E52/><V88/><REACH who="2" step="1"/><F37/><REACH who="2" step="2"/><W74/><G72/><T25/><D33/><U68/><E68/><V126/><F126/><N who="3" m="48171" /><G71/><T8/><D32/><U104/><E67/><V107/><F107/><W35/><G35/><T39/><D39/><U2/><E64/><V122/><F122/><W1/><G1/><T48/><D106/><U129/><E129/><V12/><F12/><W5/><G5/><T15/><D15/><U51/><E14/><V76/><AGARI ba="1,1" hai="22,26,29,45,46,47,50,53,76,80,87,88,92,97" machi="76" ten="20,12000,2" yaku="1,1,0,1,7,1,8,1,52,1,54,1,53,0" doraHai="93" doraHaiUra="60" who="2" fromWho="2" sc="221,-31,283,-31,198,133,288,-61" owari="190,-21,252,0,331,33,227,-12" /></mjloggm>