<mjloggm ver="2.3"><GO type="225"/><UN n0="%E9%9B%B2%E9%9B%80%E6%81%AD%E5%BC%A5" n1="%E7%8C%AA%E6%9C%A8%E5%A4%A7%E5%AB%8C%E3%81%84%EF%BC%81" n2="%E3%83%81%E3%83%A3%E3%82%AA%E3%83%AA" n3="%E2%98%85%E3%83%A6%E3%83%94%E3%83%86%E3%83%AB%E2%98%85" dan="17,17,17,17" rate="2202,2113,2098,2089" sx="M,F,M,M"/><TAIKYOKU oya="0"/><INIT seed="0,0,0,3,0,115" ten="250,250,250,250" oya="0" hai0="105,15,4,39,78,106,56,54,21,90,30,110,71" hai1="63,60,96,126,7,2,93,55,113,36,107,83,18" hai2="120,53,16,73,91,58,86,79,5,13,38,43,9" hai3="31,108,94,76,87,20,135,45,33,132,109,81,1" shuffle="mt19937ar,6BB93D0C,B7FAC65B,BC654486,F7C25CD7,67BF1DF0,E56B71C2,3B702093,76D51300"/><T121/><D121/><U102/><E113/><V37/><F120/><W80/><G1/><T116/><D39/><U48/><E36/><V59/><F59/><W46/><G33/><T12/><D71/><U88/><E126/><V75/><F79/><W74/><G94/><T52/><D116/><U112/><E112/><V133/><F133/><N who="3" m="51275" /><G31/><T104/><D78/><U25/><E83/><V114/><F114/><W34/><G34/><T89/><D110/><N who="3" m="42601" /><G20/><T51/><D54/><U11/><E25/><V101/><F101/><W98/><G98/><T95/><D4/><U69/><E18/><V131/><F75/><W23/><G23/><T123/><D123/><U57/><REACH who="1" step="1"/><E69/><REACH who="1" step="2"/><V29/><F16/><W68/><G68/><T119/><D30/><U117/><E117/><V77/><F29/><W67/><G67/><T14/><D119/><U65/><E65/><V103/><F38/><W10/><G10/><T64/><D64/><U130/><E130/><V61/><F131/><W8/><G8/><T62/><D21/><U92/><E92/><V66/><F66/><W6/><G6/><T47/><D95/><U35/><E35/><V85/><F37/><W19/><G19/><T27/><D27/><U28/><E28/><V122/><F5/><W84/><G74/><T72/><D72/><U44/><E44/><V41/><F73/><W32/><G32/><T99/><D47/><U129/><E129/><V24/><F122/><W124/><G124/><T97/><D62/><U127/><E127/><V42/><F61/><W134/><G134/><T17/><D17/><U82/><E82/><RYUUKYOKU ba="0,1" sc="250,10,240,10,250,-30,250,10" hai0="12,14,15,51,52,56,89,90,97,99,104,105,106" hai1="2,7,11,48,55,57,60,63,88,93,96,102,107" hai3="45,46,76,80,81,84,87" /><INIT seed="0,1,1,3,2,98" ten="260,250,220,260" oya="0" hai0="102,118,50,18,75,20,9,10,38,33,93,53,47" hai1="3,110,103,34,16,79,130,70,60,41,69,15,54" hai2="44,125,65,82,58,89,6,7,78,124,123,134,114" hai3="45,96,131,113,119,99,62,13,67,61,27,71,107" shuffle="mt19937ar,51D07C03,D830D403,3BEDFB1C,C1621D65,BC343273,ECE2D97D,692376B5,6BE211A6"/><T83/><D118/><U36/><E3/><V68/><F68/><W59/><G119/><T17/><D33/><U73/><E34/><V100/><F114/><W2/><G113/><T25/><D38/><U51/><E130/><V37/><F123/><W46/><G131/><T115/><D115/><U94/><E110/><V26/><F89/><W49/><G2/><T86/><D75/><U31/><E31/><V40/><F134/><W1/><G1/><T24/><D24/><U30/><E30/><V128/><F26/><W52/><G13/><T135/><D135/><U97/><E60/><N who="2" m="38039" /><F128/><W57/><G27/><T126/><D126/><N who="2" m="48746" /><F100/><W35/><G35/><T116/><D116/><U92/><E70/><V14/><F14/><W76/><G76/><T21/><D21/><U120/><E69/><V8/><F8/><W88/><G99/><N who="0" m="59759" /><D18/><U64/><E16/><V87/><AGARI ba="1,1" hai="6,7,37,40,44,78,82,87" m="48746,38039" machi="87" ten="30,1100,0" yaku="18,1" doraHai="98" who="2" fromWho="2" sc="260,-6,250,-4,220,24,260,-4" /><INIT seed="1,0,0,2,4,36" ten="254,246,244,256" oya="1" hai0="66,46,77,69,94,11,84,74,135,9,124,72,65" hai1="6,28,22,99,92,20,90,19,121,93,15,7,83" hai2="76,103,38,105,109,34,30,98,86,130,45,78,0" hai3="101,120,91,111,51,87,102,96,108,31,106,127,49" shuffle="mt19937ar,F858663D,7600E2B0,A220DE05,4C562224,A9E607D7,7247203A,1A87E80A,BE0E8221"/><U3/><E121/><V110/><F0/><W57/><G120/><T128/><D128/><U43/><E3/><V60/><F130/><W85/><G127/><T131/><D131/><U27/><E83/><V118/><F118/><W88/><G31/><T1/><D124/><U67/><E67/><V33/><F60/><W95/><G57/><T62/><D135/><U63/><E63/><V123/><F123/><W12/><G12/><T52/><D66/><U16/><E43/><N who="2" m="22775" /><F86/><N who="3" m="32779" /><G49/><T116/><D116/><U112/><E112/><V114/><F114/><W126/><G51/><T82/><D1/><U73/><E73/><V119/><F119/><W89/><G126/><T32/><D32/><N who="2" m="12394" /><F30/><W42/><G42/><T48/><REACH who="0" step="1"/><D94/><REACH who="0" step="2"/><U68/><E93/><V54/><F54/><W132/><G132/><T80/><D80/><U35/><REACH who="1" step="1"/><E68/><REACH who="1" step="2"/><V75/><F76/><W17/><G95/><T13/><D13/><AGARI ba="0,2" hai="6,7,13,15,16,19,20,22,27,28,35,90,92,99" machi="13" ten="30,12000,1" yaku="1,1,2,1,7,1,9,1,54,1,53,0" doraHai="36" doraHaiUra="53" who="1" fromWho="0" sc="244,-120,236,140,244,0,256,0" /><INIT seed="1,1,0,3,4,102" ten="124,376,244,256" oya="1" hai0="59,86,113,48,123,121,47,67,69,31,83,55,88" hai1="93,90,94,53,61,17,10,122,2,30,133,20,40" hai2="96,77,71,16,39,6,1,56,112,21,37,57,36" hai3="62,33,118,115,50,25,42,12,125,52,110,126,51" shuffle="mt19937ar,D847AAC4,A8AD293E,1F0611B7,A6C6F243,1D8FE962,30958935,83804E2B,1C9B7DB4"/><U104/><E122/><V101/><F71/><W114/><G118/><T49/><D113/><N who="3" m="43017" /><G12/><T43/><D31/><U63/><E40/><V111/><F112/><W95/><G33/><T18/><D18/><U73/><E73/><V27/><F77/><W15/><G95/><T7/><D7/><U117/><E117/><V0/><F111/><W23/><G15/><T103/><D103/><U97/><E133/><V129/><F129/><W58/><G110/><T80/><D80/><U127/><E127/><N who="3" m="48650" /><G42/><T5/><D5/><U76/><E76/><V32/><F32/><W22/><G22/><T89/><D89/><U85/><E30/><AGARI ba="1,0" hai="23,25,30,50,51,52,58,62" m="48650,43017" machi="30" ten="30,2000,0" yaku="18,1,54,1" doraHai="102" who="3" fromWho="1" sc="124,0,376,-23,244,0,256,23" /><INIT seed="2,0,0,1,5,110" ten="124,353,244,279" oya="2" hai0="123,81,11,65,35,50,55,26,3,125,124,43,76" hai1="100,82,126,78,122,57,135,68,88,17,1,39,33" hai2="85,79,24,72,8,66,113,51,63,23,96,112,121" hai3="119,5,38,95,77,69,67,14,15,64,32,130,116" shuffle="mt19937ar,230127CE,9858AA0F,983890DA,483FE58C,ABD78A25,9816F883,628B3072,AD225571"/><V131/><F72/><W114/><G32/><T75/><D123/><U30/><E68/><V115/><F121/><W103/><G38/><T87/><D65/><U25/><E122/><V105/><F8/><W129/><G77/><T73/><D43/><U45/><E100/><V98/><F51/><W20/><G5/><T90/><D3/><U117/><E117/><V19/><F131/><W84/><G20/><T94/><D11/><U62/><E126/><V6/><F6/><W54/><G103/><T61/><D61/><U89/><E135/><V16/><F19/><W111/><G95/><T56/><D35/><U91/><E1/><V18/><F18/><W128/><G84/><T47/><D47/><U108/><E108/><V102/><F96/><W133/><G133/><T9/><D9/><U21/><E45/><V118/><F118/><N who="3" m="45099" /><G114/><T49/><D49/><U42/><E42/><V29/><F29/><W7/><G7/><T31/><D31/><U44/><E39/><V132/><F132/><W2/><G2/><T13/><D26/><U104/><E104/><V134/><F134/><W40/><G40/><T70/><D70/><U48/><E33/><V53/><F53/><W58/><G69/><T60/><D60/><U27/><E30/><V93/><F93/><W74/><G74/><T10/><REACH who="0" step="1"/><D75/><REACH who="0" step="2"/><U52/><E25/><V80/><F115/><W0/><G0/><T107/><D107/><U92/><E27/><V120/><F120/><W46/><G111/><T37/><D37/><U97/><E44/><V86/><F113/><W28/><G46/><T36/><D36/><RYUUKYOKU ba="0,1" sc="114,30,353,-10,244,-10,279,-10" hai0="10,13,50,55,56,73,76,81,87,90,94,124,125" /><INIT seed="3,1,1,1,4,132" ten="144,343,234,269" oya="3" hai0="116,61,43,126,113,15,69,7,3,99,94,30,71" hai1="60,97,13,118,101,63,36,125,32,117,2,21,11" hai2="64,79,70,33,31,54,39,53,133,40,49,128,59" hai3="41,93,8,122,27,81,57,35,108,92,56,123,105" shuffle="mt19937ar,523EA372,7219C894,01894221,311D0964,008494A5,FC120462,FEC150AA,95B5E775"/><W62/><G105/><T10/><D116/><N who="1" m="44651" /><E32/><V104/><F104/><W103/><G41/><T131/><D113/><U48/><E36/><V82/><F133/><W110/><G81/><T4/><D131/><U135/><E135/><V25/><F128/><W5/><G35/><T68/><D43/><U17/><E48/><V73/><F54/><W52/><G27/><T72/><D72/><U74/><E74/><V90/><F90/><W85/><G57/><T78/><D78/><U44/><E44/><V95/><F95/><N who="3" m="36427" /><G85/><T26/><D61/><U65/><E63/><V67/><REACH who="2" step="1"/><F70/><REACH who="2" step="2"/><W55/><G55/><T14/><D3/><U129/><E129/><V127/><F127/><W50/><G62/><T83/><D83/><U84/><E125/><V120/><F120/><W76/><G103/><T88/><D126/><U66/><E60/><V47/><AGARI ba="1,2" hai="25,31,33,39,40,47,49,53,59,64,67,73,79,82" machi="47" ten="30,4000,0" yaku="1,1,0,1,53,1" doraHai="132" doraHaiUra="24" who="2" fromWho="2" sc="144,-11,343,-11,224,63,269,-21" owari="133,-27,332,33,287,4,248,-10" /></mjloggm>