<mjloggm ver="2.3"><GO type="225"/><UN n0="%E3%81%9A%E3%81%86" n1="%E6%9C%A7%E5%A4%8F%E6%9C%88" n2="%E3%83%9B%E3%83%AA%E3%83%B1%E3%83%95%E3%83%9F%E3%82%AA" n3="%E8%A3%8F%44%44%54" dan="16,17,16,16" rate="2003,2134,2093,2045" sx="M,M,M,M"/><TAIKYOKU oya="0"/><INIT seed="0,0,0,2,5,103" ten="250,250,250,250" oya="0" hai0="21,134,18,120,88,29,98,105,7,122,84,48,113" hai1="72,131,52,96,43,42,36,38,93,49,128,109,87" hai2="11,46,106,8,13,19,101,110,60,32,0,40,69" hai3="85,31,99,45,26,97,91,37,56,1,59,124,53" shuffle="mt19937ar,2820ADA4,1A4C2D03,988B17F6,23F35B0E,4030C54B,FBB8B26B,F1F4133C,1033E55A"/><T116/><D116/><U63/><E72/><V4/><F32/><W83/><G1/><T12/><D113/><U74/><E74/><V10/><F110/><W47/><G124/><T67/><D134/><U81/><E109/><V75/><F75/><W125/><G125/><T23/><D67/><U114/><E114/><V119/><F119/><W68/><G68/><T61/><D61/><U92/><E63/><V107/><F101/><W58/><G37/><N who="1" m="14442" /><E87/><V50/><REACH who="2" step="1"/><F10/><REACH who="2" step="2"/><W82/><G82/><T70/><D122/><U17/><E81/><V71/><F71/><W14/><G83/><T57/><D70/><U25/><E131/><V112/><F112/><W2/><G2/><T15/><D120/><U34/><E34/><V102/><F102/><W86/><G14/><T95/><D15/><U28/><E128/><V118/><F118/><W66/><G26/><T73/><D73/><U20/><E25/><V3/><F3/><W115/><G115/><T76/><D12/><U51/><E20/><V44/><F44/><W89/><G47/><T104/><D23/><U16/><E93/><V24/><F24/><W65/><G45/><T121/><D95/><U123/><E92/><V130/><F130/><W111/><G111/><T80/><D21/><U41/><E123/><V127/><F127/><W54/><G59/><T35/><D121/><U132/><E132/><V78/><F78/><W55/><REACH who="3" step="1"/><G54/><REACH who="3" step="2"/><T90/><D57/><U129/><E52/><V100/><F100/><W77/><G77/><T108/><D76/><U5/><E129/><V79/><F79/><W117/><G117/><RYUUKYOKU ba="0,2" sc="250,-15,250,-15,240,15,240,15" hai2="0,4,8,11,13,19,40,46,50,60,69,106,107" hai3="31,53,55,56,58,65,66,85,86,89,91,97,99" /><INIT seed="1,1,2,4,0,118" ten="235,235,255,255" oya="1" hai0="54,7,72,18,107,69,60,100,87,46,56,110,66" hai1="113,33,133,127,61,27,89,13,28,43,30,74,115" hai2="75,85,47,51,78,76,97,68,90,10,119,26,79" hai3="82,121,17,57,59,81,14,114,48,16,23,117,6" shuffle="mt19937ar,D7422C53,41D984F2,537D455C,B193B58F,50936557,CD7BFB42,237A235B,89F9AD55"/><U70/><E74/><V92/><F68/><W4/><G114/><T95/><D72/><U101/><E43/><V3/><F75/><W39/><G39/><T131/><D110/><U55/><E30/><V58/><F58/><N who="3" m="22027" /><G121/><T2/><D131/><U34/><E34/><V93/><F119/><W32/><G32/><T120/><D120/><U36/><E36/><V25/><F10/><N who="3" m="6231" /><G48/><T21/><D46/><U109/><E109/><V103/><REACH who="2" step="1"/><F3/><REACH who="2" step="2"/><W124/><G117/><T41/><D69/><U35/><E70/><V11/><F11/><W104/><G124/><T132/><D56/><U20/><E127/><V67/><F67/><W80/><G104/><T84/><D66/><U126/><E126/><V64/><F64/><W45/><G45/><T0/><D107/><U31/><E115/><V122/><F122/><W53/><G53/><AGARI ba="1,3" hai="25,26,47,51,53,76,78,79,85,90,92,93,97,103" machi="53" ten="40,2600,0" yaku="1,1,8,1,53,0" doraHai="118" doraHaiUra="129" who="2" fromWho="3" sc="235,0,235,0,245,59,255,-29" /><INIT seed="2,0,0,5,3,24" ten="235,235,304,226" oya="2" hai0="10,2,126,82,23,88,125,124,27,106,55,28,94" hai1="18,96,59,19,6,119,71,101,121,60,105,67,109" hai2="116,112,89,115,80,22,21,51,43,118,61,4,57" hai3="9,44,64,133,33,72,79,117,100,14,129,16,58" shuffle="mt19937ar,53334035,7EAAE4A3,E97C4998,352939DF,03525D29,CFA12BE5,121BF7F7,796E25FF"/><V15/><F4/><W47/><G117/><T122/><D106/><U37/><E119/><V20/><F15/><W99/><G133/><T78/><D122/><U108/><E37/><V95/><F118/><W26/><G129/><T65/><D65/><U75/><E121/><V120/><F120/><W49/><G72/><N who="0" m="43335" /><D55/><U11/><E75/><V31/><F116/><W77/><G33/><T98/><D10/><U3/><REACH who="1" step="1"/><E71/><REACH who="1" step="2"/><V39/><F39/><W102/><G79/><T8/><D8/><U104/><E104/><V5/><F115/><W45/><G77/><T111/><D2/><U29/><E29/><V42/><F31/><W83/><G9/><T13/><D13/><U93/><E93/><V36/><F95/><W34/><G14/><T66/><D66/><U103/><E103/><V1/><F36/><W0/><G0/><T92/><D92/><U76/><E76/><V50/><F1/><W7/><G102/><T128/><D128/><U52/><E52/><V38/><F38/><W123/><G123/><T131/><D131/><U69/><E69/><V130/><F112/><W107/><G64/><T25/><D25/><U113/><E113/><V135/><F130/><W85/><G83/><T53/><D53/><U56/><E56/><V30/><F57/><W84/><G58/><T73/><D73/><U97/><E97/><V90/><F80/><W63/><G99/><T134/><D134/><U110/><AGARI ba="0,1" hai="3,6,11,18,19,59,60,67,96,101,105,108,109,110" machi="110" ten="30,4000,0" yaku="1,1,0,1,14,1,53,0" doraHai="24" doraHaiUra="70" who="1" fromWho="1" sc="235,-10,225,50,304,-20,226,-10" /><INIT seed="3,0,0,0,4,31" ten="225,275,284,216" oya="3" hai0="84,28,78,35,72,22,97,89,11,12,106,124,91" hai1="10,79,101,0,122,39,27,105,131,48,29,123,117" hai2="71,14,46,17,128,25,94,59,24,18,20,68,34" hai3="52,57,26,42,107,88,49,130,53,96,56,104,73" shuffle="mt19937ar,E9488182,13D3883E,B647318A,FBCB8AE0,F6C2B242,41F11BCF,7C57B7F0,8036FD1D"/><W116/><G116/><T63/><D124/><U92/><E117/><V1/><F1/><W100/><G73/><T43/><D72/><U69/><E92/><V111/><F128/><W54/><G130/><T125/><D125/><U82/><E131/><V119/><F119/><W5/><G107/><T62/><D43/><U76/><E48/><V13/><F46/><W67/><G5/><T93/><D35/><N who="1" m="20927" /><E76/><V113/><F113/><W108/><G108/><T38/><D38/><U2/><E39/><V60/><F111/><W90/><G67/><T135/><D135/><U50/><E50/><V126/><F126/><W127/><G127/><T120/><D120/><N who="1" m="46123" /><E10/><V3/><F94/><W65/><G65/><T16/><D78/><U102/><E102/><V8/><F3/><W86/><G26/><N who="0" m="16471" /><D106/><U85/><E85/><V55/><REACH who="2" step="1"/><F34/><REACH who="2" step="2"/><W132/><G132/><T77/><D77/><U30/><E2/><V7/><F7/><W134/><G134/><T66/><D66/><U47/><E0/><V81/><F81/><AGARI ba="0,1" hai="11,12,16,62,63,81,84,89,91,93,97" m="16471" machi="81" ten="30,2000,0" yaku="8,1,54,1" doraHai="31" who="0" fromWho="2" sc="225,30,275,0,274,-20,216,0" /><INIT seed="4,0,0,2,4,38" ten="255,275,254,216" oya="0" hai0="16,36,71,56,133,115,0,1,55,66,67,78,130" hai1="127,52,132,33,105,21,20,32,82,84,58,97,43" hai2="94,40,123,95,101,44,65,13,93,12,6,8,103" hai3="23,61,111,4,110,19,86,98,60,30,116,5,49" shuffle="mt19937ar,2FCF903F,AAB077F8,5DC02D83,3042772F,2A340433,EBA0FDDC,031A4886,ACB1C99B"/><T112/><D36/><U17/><E132/><V9/><F65/><N who="0" m="24586" /><D71/><U102/><E43/><V54/><F54/><W134/><G116/><T25/><D133/><U11/><E11/><V76/><F76/><W7/><G134/><T72/><D78/><U14/><E21/><V35/><F35/><W92/><G30/><T48/><D72/><U3/><E3/><V28/><F28/><W96/><G111/><T37/><D37/><U80/><E127/><V34/><F34/><W27/><G110/><T31/><D16/><U29/><E29/><V46/><F123/><W87/><G49/><T75/><D75/><U39/><E39/><V128/><F128/><W57/><G98/><T100/><D100/><N who="2" m="38474" /><F40/><W81/><G81/><T85/><D85/><N who="3" m="32265" /><G57/><T99/><D99/><U119/><E119/><V26/><F26/><W107/><G107/><T53/><D130/><U125/><E125/><V91/><F91/><AGARI ba="0,0" hai="4,5,7,19,23,27,60,61,91,92,96" m="32265" machi="91" ten="30,1000,0" yaku="8,1" doraHai="38" who="3" fromWho="2" sc="255,0,275,0,254,-10,216,10" /><INIT seed="5,0,0,4,0,35" ten="255,275,244,226" oya="1" hai0="58,0,13,127,92,73,51,124,90,62,134,104,59" hai1="5,78,32,72,118,89,3,6,7,18,110,48,39" hai2="87,65,37,23,100,1,2,9,133,70,131,50,21" hai3="106,34,98,60,68,123,19,69,26,10,12,71,86" shuffle="mt19937ar,CEF1C1D5,87549EC6,0DDDCF0F,EAD67D0B,BBEAEB16,C236A741,A91FFD36,5F3175AB"/><U83/><E118/><V49/><F37/><W67/><G123/><T119/><D119/><U88/><E39/><V85/><F9/><W61/><G86/><T41/><D73/><U36/><E36/><V52/><F100/><W107/><G61/><T94/><D104/><U102/><E32/><V40/><F40/><W130/><G130/><T126/><D134/><U105/><E3/><V81/><F133/><W111/><G111/><T93/><D13/><U103/><E110/><V77/><F131/><W16/><G19/><T31/><D31/><U128/><E128/><V121/><F121/><W109/><G109/><T28/><D28/><U25/><E48/><V97/><F97/><W115/><G115/><T4/><D90/><U112/><E112/><V91/><F49/><W11/><G11/><N who="0" m="2439" /><D62/><U84/><E105/><V63/><F21/><W22/><G107/><T38/><D38/><U43/><E43/><V122/><F23/><W108/><G108/><T29/><D29/><U27/><E18/><V66/><F122/><W54/><G54/><T53/><D41/><U24/><REACH who="1" step="1"/><E89/><REACH who="1" step="2"/><V80/><F66/><W114/><G114/><T55/><D51/><U120/><E120/><V33/><F33/><W75/><G34/><T76/><D124/><U99/><E99/><V132/><F132/><W79/><G98/><T74/><D126/><U64/><E64/><V46/><AGARI ba="0,1" hai="1,2,46,50,52,63,65,70,77,80,81,85,87,91" machi="46" ten="20,8000,1" yaku="0,1,7,1,52,2,54,1" doraHai="35" who="2" fromWho="2" sc="255,-20,265,-40,244,90,226,-20" owari="235,-1,225,-12,334,32,206,-19" /></mjloggm>