<mjloggm ver="2.3"><GO type="225"/><UN n0="%E5%9B%BD%E7%AB%8B%E5%90%9B" n1="%E3%83%AA%E3%83%AA%E3%82%A2%E3%83%BC%E3%83%8C" n2="%6E%6F%72%69%73%69%6F" n3="%73%69%67%65%6E%6F%72%69" dan="17,17,16,17" rate="2057,2112,2026,2134" sx="M,F,M,M"/><TAIKYOKU oya="0"/><INIT seed="0,0,0,4,3,38" ten="250,250,250,250" oya="0" hai0="108,63,100,112,79,54,26,68,16,17,98,131,117" hai1="71,44,135,125,93,72,13,2,101,29,9,30,132" hai2="23,105,123,21,18,5,53,88,133,62,73,4,22" hai3="48,104,3,47,129,75,19,51,10,59,14,20,46" shuffle="mt19937ar,6192E155,1C84C517,06B294B7,9418D700,A6ADB60B,85AA4427,C02E9639,D2DFE36C"/><T95/><D117/><U58/><E71/><V102/><F123/><W77/><G104/><T92/><D112/><U31/><E72/><V111/><F73/><W12/><G129/><T128/><D79/><U15/><E58/><V27/><F133/><N who="1" m="51273" /><E44/><V103/><F111/><W8/><G3/><T65/><D108/><U99/><E125/><V126/><F126/><W33/><G33/><T120/><D120/><U24/><E24/><V60/><F105/><W80/><G59/><T56/><D95/><U85/><E85/><V91/><F27/><W55/><REACH who="3" step="1"/><G14/><REACH who="3" step="2"/><T116/><D116/><U39/><E2/><V41/><F18/><W1/><G1/><T114/><D114/><U34/><E34/><V6/><F41/><AGARI ba="0,1" hai="8,10,12,19,20,41,46,47,48,51,55,75,77,80" machi="41" ten="30,3900,0" yaku="1,1,7,1,52,1,53,0" doraHai="38" doraHaiUra="67" who="3" fromWho="2" sc="250,0,250,0,250,-39,240,49" /><INIT seed="1,0,0,1,5,132" ten="250,250,211,289" oya="1" hai0="33,99,28,126,70,6,89,44,57,37,21,114,121" hai1="26,52,11,53,39,130,46,67,4,91,68,50,34" hai2="87,20,79,118,123,64,38,135,5,92,74,100,110" hai3="58,2,73,109,84,107,31,80,93,30,9,69,3" shuffle="mt19937ar,6E3AC00B,4644240D,9E715086,A0829D9C,1AE7890E,DD6BEEBD,2876CD7E,6FFC1DCE"/><U86/><E130/><V98/><F135/><W117/><G69/><T127/><D70/><U128/><E128/><V103/><F123/><W15/><G107/><T88/><D114/><U8/><E39/><V75/><F118/><W104/><G104/><T83/><D121/><U55/><E68/><V35/><F35/><W71/><G71/><T16/><D6/><U54/><E67/><V112/><F38/><W24/><G117/><T122/><D122/><U45/><E45/><V60/><F112/><W18/><G73/><T27/><D57/><U62/><E62/><V65/><F5/><W22/><G109/><T17/><D17/><U97/><E97/><V10/><F10/><W59/><G93/><T72/><D99/><U32/><E26/><V131/><F131/><W113/><G113/><T41/><D72/><U51/><E51/><V94/><F110/><W133/><G133/><T19/><D19/><U48/><E48/><V119/><F119/><W82/><G2/><T85/><REACH who="0" step="1"/><D89/><REACH who="0" step="2"/><U36/><E4/><V13/><F74/><W76/><G3/><T102/><D102/><U0/><E0/><V134/><F75/><W106/><G18/><T108/><D108/><U29/><E29/><V61/><F134/><W111/><G31/><T96/><D96/><U7/><E7/><V66/><F98/><W81/><G111/><T115/><D115/><U90/><E90/><V23/><F103/><W14/><G106/><T25/><AGARI ba="0,1" hai="16,21,25,27,28,33,37,41,44,83,85,88,126,127" machi="25" ten="30,12000,2" yaku="1,1,0,1,52,2,54,2,53,1" doraHai="132" doraHaiUra="77" who="0" fromWho="0" sc="240,130,250,-60,211,-30,289,-30" /><INIT seed="2,0,0,1,5,79" ten="370,190,181,259" oya="2" hai0="125,83,28,48,93,29,24,117,53,115,89,104,40" hai1="96,75,76,123,112,82,2,135,14,106,133,110,78" hai2="20,101,44,1,34,41,35,51,69,77,46,64,134" hai3="86,131,92,65,33,18,12,27,47,109,39,100,3" shuffle="mt19937ar,511A1D88,AFBEC408,403709FA,815A8EA4,BE97E119,3DC0484D,7DD81954,99B9F9CB"/><V85/><F1/><W74/><G3/><T84/><D115/><U6/><E2/><V7/><F7/><W72/><G109/><T32/><D125/><U99/><E112/><V113/><F113/><W5/><G5/><T60/><D104/><U4/><E110/><V26/><F101/><W95/><G65/><T31/><D117/><U127/><E127/><V49/><F134/><N who="1" m="51209" /><E123/><V55/><F64/><W126/><G131/><T128/><D128/><U42/><E42/><V121/><F69/><W43/><G126/><T17/><D17/><U70/><E70/><V25/><F121/><W132/><G132/><T122/><D122/><U103/><E78/><V107/><F107/><W111/><G111/><T67/><D40/><U116/><E116/><V13/><F13/><W16/><G100/><T94/><D94/><U62/><E62/><V61/><F61/><W98/><G95/><T58/><REACH who="0" step="1"/><D93/><REACH who="0" step="2"/><U118/><E118/><V97/><F97/><W63/><G92/><T129/><D129/><U73/><E99/><V81/><REACH who="2" step="1"/><F26/><REACH who="2" step="2"/><W59/><G27/><T66/><D66/><U10/><E6/><V38/><F38/><W90/><G98/><T8/><D8/><U19/><E4/><V57/><F57/><AGARI ba="0,2" hai="24,28,29,31,32,48,53,57,58,60,67,83,84,89" machi="57" ten="30,7700,0" yaku="1,1,7,1,52,1,53,1" doraHai="79" doraHaiUra="21" who="0" fromWho="2" sc="360,97,190,0,171,-77,259,0" /><INIT seed="3,0,0,2,4,90" ten="457,190,94,259" oya="3" hai0="88,22,71,103,44,10,40,6,101,52,33,59,45" hai1="115,81,29,114,16,113,26,92,120,75,64,100,36" hai2="87,11,128,9,25,14,76,98,7,34,19,28,82" hai3="78,5,63,110,58,67,60,53,3,94,79,122,111" shuffle="mt19937ar,DC5ADB78,BA063E15,5656C125,1217A686,92B9FAE6,F4A5E777,DCA58665,0E72333E"/><W65/><G122/><T54/><D33/><U41/><E120/><V66/><F66/><W121/><G121/><T93/><D71/><U50/><E36/><V133/><F133/><W21/><G21/><T116/><D116/><U117/><E117/><V51/><F128/><W30/><G30/><T0/><D22/><U83/><E64/><V80/><F80/><W31/><G31/><T102/><D59/><U95/><E16/><V61/><F61/><W73/><G73/><T77/><D77/><U91/><E100/><V127/><F127/><W104/><G104/><T108/><D108/><N who="3" m="41513" /><G65/><T69/><D69/><U42/><E75/><V135/><F135/><W124/><G124/><T24/><D24/><U130/><E130/><V12/><F51/><W99/><G3/><T125/><D125/><U89/><E115/><V86/><F98/><W55/><G5/><T2/><D2/><U27/><E29/><V74/><F74/><W97/><G97/><T43/><D43/><U23/><E23/><V96/><F96/><W84/><G84/><N who="0" m="52359" /><D40/><U18/><E18/><V109/><F109/><W131/><G131/><T35/><D35/><U15/><E50/><V13/><F13/><AGARI ba="0,0" hai="13,15,26,27,41,42,81,83,89,91,92,95,113,114" machi="13" ten="25,6400,0" yaku="22,2,52,2" doraHai="90" who="1" fromWho="2" sc="457,0,190,64,94,-64,259,0" owari="457,46,254,-10,30,-37,259,1" /></mjloggm>