<mjloggm ver="2.3"><GO type="225"/><UN n0="%EF%BC%88%EF%BC%8A%EF%BC%9E%EF%BC%9C%EF%BC%89" n1="%41%6D%41" n2="%E3%83%80%E3%83%A0%E3%83%9E%E3%83%8B%E3%82%A2" n3="%4E%6F%2E%32" dan="17,16,16,16" rate="2199,2038,2144,2104" sx="F,M,M,M"/><TAIKYOKU oya="0"/><INIT seed="0,0,0,4,5,87" ten="250,250,250,250" oya="0" hai0="132,99,24,111,75,116,91,17,15,106,133,112,3" hai1="129,67,73,4,94,23,79,59,85,22,74,31,64" hai2="58,108,2,101,41,32,77,93,25,43,8,50,44" hai3="12,49,102,63,120,29,128,56,122,113,61,28,86" shuffle="mt19937ar,9875E1FB,9877E4AB,B35166B3,F8AE1444,191B1217,6AA4D7B7,012F543A,A928399F"/><T80/><D3/><U18/><E129/><V16/><F108/><W123/><G128/><T118/><D24/><N who="1" m="16799" /><E73/><V103/><F77/><W57/><G113/><T125/><D112/><U37/><E37/><V117/><F117/><W46/><G102/><N who="0" m="62815" /><D111/><U48/><E74/><V38/><F38/><W82/><G12/><T72/><D15/><N who="1" m="9567" /><E4/><V88/><F41/><N who="3" m="24783" /><G57/><T114/><D17/><U90/><E79/><V27/><F32/><W71/><G71/><T107/><D114/><U14/><E14/><V42/><F42/><W127/><G127/><T98/><D125/><U83/><E83/><V21/><F2/><W34/><G56/><T39/><D39/><U115/><E115/><V95/><F8/><W78/><G34/><T62/><D62/><AGARI ba="0,0" hai="28,29,61,62,63,78,82,86,120,122,123" m="24783" machi="62" ten="30,1000,0" yaku="13,1" doraHai="87" who="3" fromWho="0" sc="250,-10,250,0,250,0,250,10" /><INIT seed="1,0,0,0,0,119" ten="240,250,250,260" oya="1" hai0="60,14,52,34,106,28,91,98,25,8,45,89,72" hai1="29,9,67,88,135,12,70,2,104,38,73,19,5" hai2="103,13,43,90,93,3,35,92,124,36,41,53,7" hai3="27,102,94,31,21,126,18,4,24,133,84,59,46" shuffle="mt19937ar,4271C513,7C325027,3C103D13,D2D55959,B0A03229,08B8C63D,4663F0F8,275D6FA7"/><U96/><E38/><V17/><F35/><W128/><G133/><T30/><D72/><U107/><E73/><V132/><F3/><W66/><G128/><T95/><D28/><U110/><E135/><V130/><F7/><W80/><G4/><T109/><D109/><U120/><E110/><V75/><F75/><W122/><G126/><T99/><D106/><U79/><E79/><V108/><F132/><W20/><G46/><T11/><D14/><U105/><E29/><V40/><F108/><W78/><G122/><T117/><D117/><U69/><E67/><V39/><F124/><W85/><G102/><T15/><D15/><U86/><E96/><V32/><F32/><W49/><G49/><T87/><D98/><U74/><E74/><V71/><F71/><W123/><G123/><T81/><REACH who="0" step="1"/><D45/><REACH who="0" step="2"/><U48/><E120/><V26/><F130/><W111/><G111/><T68/><D68/><U116/><E116/><V76/><F13/><W82/><G31/><T62/><D62/><U47/><E12/><V115/><F115/><W51/><G27/><T118/><D118/><U0/><E0/><V121/><F26/><W134/><G24/><T22/><D22/><U57/><E70/><V33/><F121/><W44/><G21/><T64/><D64/><U97/><E69/><V127/><F33/><W1/><G20/><T61/><D61/><U55/><E19/><V54/><F17/><W131/><G18/><T10/><D10/><U58/><REACH who="1" step="1"/><E97/><REACH who="1" step="2"/><V23/><F23/><W125/><G1/><T129/><D129/><U113/><E113/><V101/><F103/><RYUUKYOKU ba="0,2" sc="230,15,240,15,250,-15,260,-15" hai0="8,11,25,30,34,52,60,81,87,89,91,95,99" hai1="2,5,9,47,48,55,57,58,86,88,104,105,107" /><INIT seed="1,1,2,4,4,69" ten="245,255,235,245" oya="1" hai0="6,38,84,11,49,119,32,45,79,51,0,97,33" hai1="134,112,3,15,19,42,40,94,37,35,107,13,63" hai2="122,103,1,127,18,47,62,83,52,24,61,126,106" hai3="102,131,110,86,12,115,71,59,80,104,82,90,29" shuffle="mt19937ar,55E17CF1,EE9C58A4,903DEA0C,4CB3B5DE,9AD632F4,0FD9BE35,E39278D0,850CB02C"/><U27/><E112/><V85/><F1/><W87/><G115/><T95/><D119/><U135/><E107/><V55/><F106/><W74/><G71/><T65/><D65/><U70/><E3/><V4/><F103/><W66/><G29/><T68/><D68/><U118/><E118/><V117/><F4/><W72/><G110/><T50/><D84/><U98/><E70/><V124/><F122/><W20/><G131/><T16/><D79/><U81/><E63/><N who="2" m="24075" /><F47/><W113/><G66/><T7/><D7/><U25/><E81/><V54/><F18/><W111/><G59/><T67/><D67/><U116/><E116/><V120/><F117/><W75/><G113/><T58/><D58/><U114/><E114/><V129/><F120/><W43/><G111/><T36/><D16/><U128/><E128/><V91/><F24/><N who="1" m="9289" /><E37/><V93/><F129/><W44/><G102/><T30/><D30/><U28/><E28/><V92/><AGARI ba="1,2" hai="52,54,55,83,85,91,92,93,124,126,127" m="24075" machi="92" ten="40,2700,0" yaku="18,1,54,1" doraHai="69" who="2" fromWho="2" sc="245,-8,255,-14,235,50,245,-8" /><INIT seed="2,0,0,3,1,69" ten="237,241,285,237" oya="2" hai0="28,105,126,18,57,110,19,39,46,72,91,103,37" hai1="112,29,117,120,77,67,48,81,90,95,43,20,87" hai2="132,44,89,4,2,80,60,66,45,38,14,124,61" hai3="6,52,62,125,65,114,118,111,86,40,8,122,51" shuffle="mt19937ar,E4338BF5,270FBA7E,CCFC420C,29A473C3,4CF8E137,2968D245,523B48BA,7D5E8C27"/><V106/><F106/><W53/><G118/><T64/><D72/><U131/><E117/><V128/><F132/><W12/><G122/><T27/><D126/><U23/><E112/><V127/><F128/><W97/><G111/><T24/><D110/><U135/><E131/><V115/><F2/><W11/><G125/><N who="2" m="48201" /><F115/><W34/><G34/><T88/><D103/><U15/><E135/><V123/><F123/><W100/><G114/><T75/><D75/><U113/><E113/><V47/><F14/><W1/><G86/><T17/><D46/><N who="1" m="25695" /><E120/><V130/><F4/><W109/><G109/><T33/><D105/><U0/><E0/><V74/><F130/><W73/><G73/><T54/><D64/><U35/><E35/><V82/><F74/><W49/><G40/><T104/><D104/><U3/><E3/><V76/><F76/><W119/><G119/><T83/><D24/><N who="1" m="16519" /><E67/><V63/><F66/><W21/><G1/><T16/><N who="0" m="4608" /><DORA hai="22" /><T56/><D56/><U99/><E23/><V41/><F89/><W50/><G21/><T98/><D91/><U59/><E59/><V25/><F25/><W71/><REACH who="3" step="1"/><G11/><REACH who="3" step="2"/><T96/><D96/><U116/><E116/><V42/><F42/><W101/><G101/><T108/><D108/><U78/><E78/><V85/><F85/><W68/><G68/><T93/><REACH who="0" step="1"/><D83/><AGARI ba="0,1" hai="38,41,44,45,47,60,61,63,80,82,83" m="48201" machi="83" ten="30,2900,0" yaku="18,1,52,1" doraHai="69,22" who="2" fromWho="0" sc="237,-29,241,0,285,39,227,0" /><INIT seed="2,1,0,1,1,100" ten="208,241,324,227" oya="2" hai0="51,24,129,0,85,130,6,23,52,107,8,111,17" hai1="2,43,122,31,70,127,87,91,11,108,83,80,96" hai2="13,78,109,116,29,56,134,92,66,54,37,35,62" hai3="84,77,4,16,26,40,113,48,135,128,47,55,22" shuffle="mt19937ar,857DDC85,2065BD76,5C150CF8,20CB736E,D8526A36,2BA60E52,00E562AC,BDD02AE6"/><V18/><F37/><W99/><G135/><T53/><D111/><U38/><E108/><V93/><F109/><W20/><G128/><N who="0" m="49259" /><D85/><U36/><E70/><V90/><F134/><W89/><G113/><T27/><D107/><U73/><E127/><V82/><F116/><W81/><G4/><T14/><D53/><U126/><E126/><V1/><F1/><W117/><G117/><T42/><D42/><U114/><E114/><V86/><F35/><W101/><G77/><T41/><D41/><U39/><E122/><V123/><F29/><W34/><G34/><T105/><D105/><U44/><E31/><V133/><F133/><W50/><G22/><T30/><D30/><U79/><REACH who="1" step="1"/><E96/><REACH who="1" step="2"/><V112/><F123/><W124/><G124/><T25/><D0/><U120/><E120/><V67/><F112/><W95/><REACH who="3" step="1"/><G55/><REACH who="3" step="2"/><T132/><D132/><U131/><E131/><V76/><F54/><W49/><AGARI ba="1,2" hai="16,20,26,40,47,48,49,50,81,84,89,95,99,101" machi="49" ten="20,12000,2" yaku="1,1,2,1,0,1,7,1,8,1,54,1,53,1" doraHai="100" doraHaiUra="88" who="3" fromWho="3" sc="208,-31,231,-31,324,-61,217,143" /><INIT seed="3,0,0,2,3,52" ten="177,200,263,360" oya="3" hai0="33,10,83,129,118,22,57,102,89,45,14,23,44" hai1="28,92,50,30,2,27,19,126,53,39,1,104,79" hai2="17,131,4,108,80,82,12,32,72,132,21,116,115" hai3="64,6,47,60,119,99,75,25,98,76,106,117,90" shuffle="mt19937ar,3E21FBB6,4566E171,F06004CC,455238C4,738879CC,09CBBF90,05FA1279,BDB21953"/><W113/><G113/><T105/><D33/><U11/><E104/><V15/><F32/><W74/><G6/><T114/><D118/><U130/><E39/><V95/><F115/><W87/><G47/><T121/><D114/><U20/><E130/><V78/><F131/><W3/><G3/><T8/><D129/><U40/><E126/><V13/><F116/><W133/><G133/><T124/><D121/><U65/><E40/><V59/><F132/><W71/><G76/><T135/><D124/><U35/><E65/><V88/><F80/><W77/><G77/><T48/><D135/><U34/><E79/><V9/><F108/><W73/><G25/><T93/><D83/><U56/><E92/><V103/><F103/><W67/><G67/><T31/><D102/><U26/><REACH who="1" step="1"/><E11/><REACH who="1" step="2"/><N who="0" m="4137" /><D105/><U120/><E120/><V54/><F9/><W81/><G106/><T85/><D23/><U43/><E43/><V109/><F109/><W51/><G119/><T86/><D86/><U122/><E122/><V16/><F4/><W94/><G117/><T91/><D91/><U107/><E107/><V63/><F17/><W49/><G94/><T101/><D101/><U36/><E36/><V37/><F37/><W18/><G74/><T134/><D134/><U68/><E68/><V58/><F58/><W97/><G73/><T42/><D42/><U110/><E110/><V24/><F95/><W100/><G75/><T128/><D128/><U69/><E69/><V96/><F96/><W55/><G71/><T112/><D112/><U61/><E61/><V127/><F127/><W29/><G100/><RYUUKYOKU ba="0,1" sc="177,-15,190,15,263,15,360,-15" hai1="1,2,19,20,26,27,28,30,34,35,50,53,56" hai2="12,13,15,16,21,24,54,59,63,72,78,82,88" owari="162,-24,205,-14,278,3,355,35" /></mjloggm>