<mjloggm ver="2.3"><GO type="225"/><UN n0="%E8%B6%85%E3%83%92%E3%83%A2%E3%83%AA%E3%83%AD" n1="%E3%83%81%E3%83%A3%E3%82%AA%E3%83%AA" n2="%74%EF%BC%9C%6E" n3="%EF%BC%88%EF%BC%8A%EF%BC%9E%EF%BC%9C%EF%BC%89" dan="17,17,16,17" rate="2096,2162,2068,2173" sx="F,M,F,F"/><TAIKYOKU oya="0"/><INIT seed="0,0,0,1,4,76" ten="250,250,250,250" oya="0" hai0="19,112,18,59,73,23,129,50,4,86,71,85,43" hai1="79,44,104,127,28,94,49,32,116,100,68,30,24" hai2="5,16,130,92,99,91,132,97,40,105,3,108,96" hai3="83,122,80,51,102,123,70,125,69,103,45,60,9" shuffle="mt19937ar,9F649E75,F013CE88,427E171E,AC3EE752,67F2CFAF,F964C223,C23176FA,6F97BB73"/><T1/><D71/><U93/><E116/><V109/><F3/><W7/><G125/><T37/><D37/><U58/><E127/><V134/><F5/><W8/><G60/><T77/><D112/><U33/><E58/><V64/><F40/><W95/><G95/><T78/><D129/><U62/><E79/><V113/><F64/><W118/><G118/><T135/><D135/><N who="2" m="51754" /><F113/><W133/><G133/><T54/><D43/><U82/><E82/><N who="3" m="31274" /><G69/><T90/><D73/><U42/><E30/><V25/><F130/><W65/><G65/><T56/><D4/><U29/><E29/><V72/><F72/><W57/><G57/><T53/><D1/><U63/><E33/><V66/><F66/><W55/><G70/><T131/><D131/><U46/><E63/><V111/><F105/><W34/><G34/><T67/><D67/><N who="1" m="41079" /><E46/><V6/><F6/><W35/><G35/><T81/><D86/><U31/><E31/><V126/><F126/><W41/><G41/><T119/><D19/><U10/><E32/><V84/><F84/><W120/><G8/><T14/><D119/><U114/><E10/><V17/><F17/><W36/><G36/><T11/><D11/><U13/><E114/><V121/><F16/><W38/><G38/><T21/><D21/><U87/><E42/><V128/><F128/><W74/><G74/><T89/><D77/><U22/><E22/><V20/><F20/><W2/><AGARI ba="0,0" hai="2,7,9,45,51,55,102,103,120,122,123" m="31274" machi="2" ten="40,8000,1" yaku="13,1,52,3" doraHai="76" who="3" fromWho="3" sc="250,-40,250,-20,250,-20,250,80" /><INIT seed="1,0,0,4,1,36" ten="210,230,230,330" oya="1" hai0="26,106,62,3,27,128,97,59,11,4,134,94,132" hai1="68,42,76,121,38,28,40,56,21,25,54,49,80" hai2="73,57,90,75,116,45,8,23,77,105,122,99,51" hai3="107,83,18,93,17,9,61,114,22,35,133,88,44" shuffle="mt19937ar,C1EAA778,31E2B764,C5D52E77,830C6FDA,EEA8AD44,35EF2516,2A777A61,FD59AB74"/><U6/><E121/><V16/><F122/><W112/><G107/><T86/><D106/><U111/><E68/><V48/><F116/><W103/><G35/><T110/><D110/><U78/><E38/><V41/><F8/><W63/><G103/><T113/><D113/><U130/><E111/><V20/><F20/><W108/><G83/><T29/><D86/><U2/><E130/><V98/><F77/><W118/><G108/><T7/><D7/><U91/><E2/><V19/><F98/><W65/><G118/><T15/><D3/><U58/><E6/><V43/><F19/><W125/><G125/><T127/><D128/><U84/><E58/><V131/><F131/><W30/><G133/><T46/><D46/><U79/><AGARI ba="0,0" hai="21,25,28,40,42,49,54,56,76,78,79,80,84,91" machi="79" ten="30,11700,0" yaku="0,1,8,1,52,2" doraHai="36" who="1" fromWho="1" sc="210,-39,230,117,230,-39,330,-39" /><INIT seed="1,1,0,5,2,49" ten="171,347,191,291" oya="1" hai0="73,59,128,90,8,3,77,107,44,72,54,19,16" hai1="37,94,115,42,117,66,95,84,125,93,52,99,63" hai2="126,32,92,75,109,123,71,120,58,130,87,2,7" hai3="79,46,60,53,39,101,20,122,62,10,48,102,55" shuffle="mt19937ar,6268D462,6B4D451F,6096E272,CCE66E0C,35398CCF,92915DB6,27454DB5,80BF2007"/><U0/><E0/><V4/><F71/><W13/><G122/><T65/><D107/><U133/><E115/><V22/><F75/><W50/><G39/><T43/><D65/><U124/><E117/><V68/><F68/><W17/><G79/><T6/><D90/><U82/><E133/><V83/><F92/><W51/><G51/><T121/><D121/><U85/><E66/><V129/><F32/><W104/><G104/><T80/><D72/><U21/><E21/><V100/><F100/><N who="3" m="38507" /><G20/><T131/><D131/><N who="2" m="50186" /><F109/><W40/><G40/><T47/><D128/><U74/><E74/><V5/><F2/><W38/><G38/><N who="0" m="21623" /><D47/><AGARI ba="1,0" hai="10,13,17,46,47,48,50,53,55,60,62" m="38507" machi="47" ten="30,3900,0" yaku="8,1,52,2" doraHai="49" who="3" fromWho="0" sc="171,-42,347,0,191,0,291,42" /><INIT seed="2,0,0,1,1,33" ten="129,347,191,333" oya="2" hai0="70,86,37,13,19,61,101,38,93,111,11,23,50" hai1="6,132,119,5,81,97,68,109,100,116,74,53,46" hai2="133,60,10,22,2,78,79,52,135,105,92,99,63" hai3="95,48,26,49,59,17,89,118,134,32,7,43,84" shuffle="mt19937ar,741C0369,CD748AFC,D710F6F4,640962B0,A277771A,9D3B2583,B4F932CB,AD40404F"/><V65/><F105/><W91/><G118/><T34/><D34/><U114/><E68/><V76/><F22/><N who="3" m="13647" /><G32/><T55/><D111/><U29/><E114/><V117/><F117/><W126/><G7/><T58/><D101/><U72/><E109/><V35/><F35/><W115/><G115/><T18/><D70/><U96/><E29/><V130/><F130/><W39/><G39/><T54/><D38/><U129/><E129/><V45/><F65/><W125/><G134/><N who="2" m="51209" /><F10/><W94/><G43/><T110/><D37/><U120/><E132/><V106/><F106/><W123/><G123/><T4/><D110/><U73/><E120/><V56/><F45/><W12/><G12/><T98/><D98/><U9/><E9/><V25/><F25/><W40/><G40/><T88/><REACH who="0" step="1"/><D23/><REACH who="0" step="2"/><U31/><E119/><V121/><F121/><W69/><G69/><T83/><D83/><U108/><E116/><V66/><F66/><W16/><G126/><T112/><D112/><U1/><E108/><V24/><F24/><W122/><G125/><T30/><D30/><U14/><E31/><V42/><F42/><W8/><G122/><T28/><D28/><U57/><E81/><V80/><F80/><W90/><G84/><T20/><D20/><U51/><E97/><V87/><F87/><W44/><G95/><T102/><D102/><U131/><E131/><V67/><F92/><W128/><G94/><T0/><D0/><U104/><E1/><V77/><F2/><W82/><G82/><T27/><D27/><U36/><E14/><V71/><N who="2" m="19456" /><DORA hai="103" /><V62/><F99/><RYUUKYOKU ba="0,1" sc="119,10,347,10,191,10,333,-30" hai0="4,11,13,18,19,50,54,55,58,61,86,88,93" hai1="5,6,36,46,51,53,57,72,73,74,96,100,104" hai2="52,56,60,62,63,67,71" /><INIT seed="2,1,1,4,5,65" ten="129,357,201,303" oya="2" hai0="40,64,39,11,87,24,63,33,74,118,7,128,101" hai1="37,96,16,114,28,2,132,73,123,56,27,53,117" hai2="5,108,9,50,21,14,76,88,72,31,99,38,85" hai3="124,35,113,34,45,0,19,1,6,25,83,116,18" shuffle="mt19937ar,AA838B8D,6EED8D86,DCBE7423,5E77A69E,ECD885B0,2B8836C5,40ECC76B,505FA83A"/><V59/><F38/><W80/><G116/><T122/><D122/><U92/><E73/><V23/><F72/><W98/><G98/><T43/><D118/><U119/><E2/><V79/><F108/><W129/><G45/><T82/><D128/><U75/><E75/><V57/><F99/><W62/><G62/><T106/><D101/><U44/><E114/><V12/><F31/><W10/><G129/><T13/><D106/><U91/><E123/><V17/><F23/><W131/><G131/><T105/><D105/><U111/><E111/><V55/><REACH who="2" step="1"/><F59/><REACH who="2" step="2"/><W77/><G35/><T109/><D74/><U8/><E37/><V52/><F52/><W36/><G34/><T67/><D109/><U15/><E56/><V42/><F42/><W41/><G41/><T32/><D67/><U4/><E28/><V130/><F130/><W78/><G36/><T69/><D39/><U48/><E119/><V104/><F104/><W112/><G112/><T100/><D100/><U89/><E117/><V47/><F47/><W22/><G22/><T126/><D126/><U135/><E96/><V81/><AGARI ba="1,2" hai="5,9,12,14,17,21,50,55,57,76,79,81,85,88" machi="81" ten="20,12000,1" yaku="1,1,0,1,7,1,8,1,54,1,53,0" doraHai="65" doraHaiUra="127" who="2" fromWho="2" sc="129,-41,357,-41,191,143,303,-41" /><INIT seed="2,2,0,5,2,85" ten="88,316,334,262" oya="2" hai0="0,109,39,52,114,115,30,78,64,70,43,31,107" hai1="16,73,10,49,44,4,82,26,106,40,62,68,35" hai2="116,104,22,66,131,2,132,61,8,89,37,5,67" hai3="15,34,57,21,46,29,101,50,121,27,93,42,96" shuffle="mt19937ar,050ACF92,3D216BBA,2A6DE7A6,22EB17E9,9790B7AE,8580DF48,34651039,D4C2713F"/><V72/><F116/><W117/><G121/><T54/><D107/><U23/><E106/><V79/><F104/><W122/><G122/><T111/><D0/><U38/><E35/><V74/><F37/><W119/><G34/><T103/><D103/><U105/><E105/><V120/><F120/><W33/><G33/><T98/><D98/><U87/><E73/><V59/><F131/><W17/><G15/><T63/><D78/><U133/><E133/><V25/><F132/><W12/><G12/><T113/><D31/><U58/><E68/><V36/><F36/><W81/><G17/><T76/><D30/><U134/><E134/><V135/><F67/><W94/><G81/><T108/><D76/><U129/><E129/><V130/><F130/><W126/><G126/><T7/><D7/><U24/><E38/><V128/><F135/><W9/><G9/><T19/><D19/><U92/><E92/><V80/><F128/><W1/><G1/><T123/><D123/><U110/><E110/><V83/><F83/><W18/><G18/><T124/><D124/><U118/><E118/><V102/><F102/><W28/><G28/><T99/><D99/><U3/><E26/><V91/><F74/><W69/><G69/><T86/><D86/><U112/><E112/><V100/><F100/><W127/><G127/><T53/><D39/><U45/><E87/><V97/><F97/><W13/><G94/><T90/><D90/><U41/><E82/><V71/><F71/><W47/><G13/><T125/><D125/><U55/><E3/><V60/><F61/><W51/><G96/><RYUUKYOKU ba="2,0" sc="88,15,316,-15,334,15,262,-15" hai0="43,52,53,54,63,64,70,108,109,111,113,114,115" hai2="2,5,8,22,25,59,60,66,72,79,80,89,91" /><INIT seed="2,3,0,5,4,24" ten="103,301,349,247" oya="2" hai0="102,125,63,107,43,124,65,135,25,6,134,105,115" hai1="85,37,117,15,89,86,81,91,104,16,50,11,88" hai2="68,0,48,5,92,23,21,30,126,95,97,114,87" hai3="71,54,60,58,7,27,96,22,19,99,106,77,56" shuffle="mt19937ar,A11B6ACD,D8D15F65,F7A48037,4396016D,5CE76911,5538E706,8A5825F6,E92F1B45"/><V20/><F68/><W36/><G71/><T90/><D115/><U64/><E37/><V82/><F114/><W120/><G120/><T12/><D43/><U131/><E117/><V94/><F126/><N who="0" m="48746" /><D63/><U66/><E104/><V49/><F0/><W51/><G36/><T55/><D55/><U2/><E131/><V78/><F5/><W62/><G106/><T118/><D65/><U103/><E2/><V121/><F121/><W31/><G7/><T35/><D118/><U40/><E103/><V93/><REACH who="2" step="1"/><F30/><REACH who="2" step="2"/><W72/><G19/><T34/><D134/><U83/><E91/><AGARI ba="3,1" hai="20,21,23,48,49,78,82,87,91,92,93,94,95,97" machi="91" ten="40,18000,2" yaku="1,1,2,1,8,1,53,3" doraHai="24" doraHaiUra="18" who="2" fromWho="1" sc="103,0,301,-189,339,199,247,0" /><INIT seed="2,4,0,3,1,36" ten="103,112,538,247" oya="2" hai0="85,110,65,133,44,60,115,112,55,39,57,97,40" hai1="93,109,16,21,33,120,70,1,53,31,75,7,113" hai2="13,132,80,92,74,5,76,121,88,69,10,66,118" hai3="86,73,58,87,11,77,102,42,111,17,135,52,8" shuffle="mt19937ar,E9DEA2AD,64CFB34B,CEEB0CE8,90D1066B,3D169223,232CB8D8,25E3BD8E,97189E94"/><V34/><F34/><W9/><G135/><T29/><D29/><U83/><E70/><V72/><F118/><W46/><G102/><T50/><D133/><U28/><E113/><N who="0" m="43593" /><D85/><U78/><E109/><V6/><F121/><W45/><G111/><T20/><D97/><U98/><E120/><V12/><F74/><W106/><G106/><T51/><D20/><U24/><E33/><V2/><F132/><W114/><G114/><T94/><D94/><U35/><E35/><V84/><F6/><W38/><G46/><N who="0" m="28151" /><D110/><U19/><E53/><V116/><F116/><W32/><G32/><T105/><D105/><U134/><E134/><V122/><F122/><W59/><G59/><T99/><D99/><U27/><E1/><V117/><F117/><W3/><G3/><T107/><D107/><U18/><E7/><V131/><F13/><W54/><G17/><T123/><D123/><U15/><E15/><V91/><F12/><W130/><G73/><T30/><D30/><U119/><E119/><V41/><F72/><W47/><G77/><T22/><D22/><U71/><E71/><V14/><F76/><W49/><REACH who="3" step="1"/><G130/><REACH who="3" step="2"/><T128/><D39/><U79/><E79/><N who="2" m="46111" /><F131/><AGARI ba="4,1" hai="40,44,50,57,60,65,128,131" m="28151,43593" machi="131" ten="30,3900,0" yaku="34,2,52,1" doraHai="36" who="0" fromWho="2" sc="103,61,112,0,538,-51,237,0" /><INIT seed="3,0,0,3,5,25" ten="164,112,487,237" oya="3" hai0="4,26,45,123,87,67,63,86,88,44,125,89,102" hai1="120,32,60,94,15,48,7,121,35,34,55,62,37" hai2="22,43,64,111,78,36,96,38,24,13,134,61,109" hai3="126,12,20,17,80,33,133,114,99,27,95,79,30" shuffle="mt19937ar,0B751DA6,28973DC1,ECDEA774,692FA9FB,2578B931,140C366B,5FD2A26A,5547A933"/><W93/><G114/><T47/><D102/><U81/><E37/><V54/><F78/><W39/><G39/><T85/><D123/><U106/><E106/><V50/><F13/><W3/><G126/><T131/><D125/><U58/><E81/><V91/><F43/><W117/><G117/><T104/><D104/><U130/><E130/><V92/><F134/><W97/><G133/><T132/><D132/><U128/><E128/><V105/><F105/><W77/><G3/><T49/><D131/><U52/><E94/><V72/><F72/><W98/><REACH who="3" step="1"/><G77/><REACH who="3" step="2"/><T51/><D4/><U40/><E40/><V68/><F38/><W5/><G5/><T56/><D26/><U18/><E7/><V70/><F36/><W107/><G107/><T53/><REACH who="0" step="1"/><D49/><REACH who="0" step="2"/><U90/><E48/><V8/><F24/><W113/><G113/><T73/><D73/><AGARI ba="0,2" hai="12,17,20,27,30,33,73,79,80,93,95,97,98,99" machi="73" ten="40,3900,0" yaku="1,1,52,1,53,0" doraHai="25" doraHaiUra="135" who="3" fromWho="0" sc="154,-39,112,0,487,0,227,59" /><INIT seed="3,1,0,1,2,108" ten="115,112,487,286" oya="3" hai0="1,77,14,32,45,28,57,74,122,72,117,24,35" hai1="124,85,6,95,102,55,49,58,82,133,86,114,8" hai2="87,110,61,113,43,81,36,3,64,11,38,132,94" hai3="16,106,10,67,89,46,116,21,98,135,112,75,71" shuffle="mt19937ar,2ECAEE08,0FC2623E,860C0D91,9946A2D7,596BBF2F,CD6A05CB,6692E4B3,5A000541"/><W62/><G75/><T15/><D1/><U125/><E114/><V65/><F110/><W5/><G116/><T68/><D68/><U60/><E133/><V109/><F113/><W9/><G112/><T48/><D117/><U17/><E17/><V121/><F109/><W115/><G115/><T30/><D122/><U47/><E102/><V12/><F3/><W40/><G135/><T78/><D57/><U128/><E95/><V83/><F121/><W79/><G79/><T44/><D48/><U130/><E6/><V54/><F54/><W7/><G7/><T118/><D118/><U63/><E8/><V134/><F94/><W104/><G89/><T91/><D24/><U111/><E111/><V97/><F97/><W33/><G33/><T29/><D29/><U90/><E85/><V84/><F11/><W34/><G34/><T99/><D91/><U18/><E18/><V88/><F43/><W131/><G131/><N who="1" m="50218" /><E63/><V56/><F65/><AGARI ba="1,0" hai="47,49,55,58,60,65,82,86,90,124,125" m="50218" machi="65" ten="30,1000,0" yaku="19,1" doraHai="108" who="1" fromWho="2" sc="115,0,112,13,487,-13,286,0" owari="115,-28,125,-22,474,46,286,4" /></mjloggm>