<mjloggm ver="2.3"><GO type="169"/><UN n0="%E4%B8%80%E6%96%B9%E9%80%9A%E8%A1%8C" n1="%E3%81%93%E3%81%AE%E3%81%8D%E3%83%BC" n2="%E6%A1%9C%E8%8A%B1%E9%96%83%E3%80%85" n3="%E5%88%BB%E5%AD%90%E5%B8%82%E6%B0%91" dan="16,17,16,17" rate="2057,2050,2062,2099" sx="M,M,M,M"/><TAIKYOKU oya="0"/><INIT seed="0,0,0,5,3,132" ten="250,250,250,250" oya="0" hai0="73,134,85,109,53,126,86,47,43,15,75,101,0" hai1="88,93,71,131,122,16,77,82,128,120,69,14,6" hai2="58,135,19,46,13,113,65,123,41,38,32,8,84" hai3="28,91,81,30,3,114,40,52,26,57,100,25,50" shuffle="mt19937ar,865BCB1E,74EC7CE1,CCCA6B55,CD1F84C7,61F01C44,09A424E2,1EE5DC5F,303EDA1D"/><T23/><D0/><U127/><E6/><V103/><F113/><W27/><G3/><T42/><D134/><U48/><E48/><V72/><F72/><W92/><G114/><T95/><D75/><U54/><E54/><V108/><F135/><W105/><G105/><T121/><D73/><N who="1" m="43311" /><E127/><V37/><F123/><W24/><G100/><T55/><D126/><U29/><E29/><V63/><F32/><W59/><G81/><T97/><D121/><U74/><E74/><V68/><F103/><W18/><G40/><N who="0" m="15403" /><D109/><U31/><E31/><V7/><F108/><W116/><G116/><T119/><D119/><U34/><E34/><V129/><F38/><W94/><G94/><T87/><D47/><U125/><E125/><V35/><F35/><W61/><N who="3" m="6144" /><DORA hai="79" /><W96/><REACH who="3" step="1"/><G18/><AGARI ba="0,0" hai="15,18,23,53,55,85,86,87,95,97,101" m="15403" machi="18" ten="30,1500,0" yaku="8,1" doraHai="132,79" who="0" fromWho="3" sc="250,15,250,0,250,0,250,-15" /><INIT seed="0,1,0,1,1,70" ten="265,250,250,235" oya="0" hai0="19,102,94,8,132,62,86,73,29,15,81,31,108" hai1="46,92,63,78,103,23,99,36,126,75,45,25,79" hai2="129,112,1,10,61,113,127,60,74,32,120,52,14" hai3="37,117,97,57,100,130,111,118,5,80,104,95,42" shuffle="mt19937ar,27A4E039,8C5D6139,F3EB33E6,2267B138,8C1A6D26,05334379,485F648B,C2CE6041"/><T110/><D132/><U93/><E126/><V121/><F1/><W66/><G5/><T125/><D125/><U85/><E75/><V11/><F74/><W39/><G42/><T87/><D73/><U20/><E63/><V16/><F127/><W54/><G66/><T116/><D116/><U50/><E36/><V9/><F32/><W82/><G104/><T106/><D106/><U6/><E6/><V107/><F107/><W4/><G4/><T114/><D62/><U33/><E33/><V28/><F28/><W2/><G2/><T122/><D122/><U34/><E34/><V115/><F129/><W24/><G130/><T12/><D12/><U38/><E38/><V131/><F131/><W7/><G7/><T128/><D114/><U71/><E71/><V41/><F41/><W64/><G64/><T124/><D124/><U76/><E50/><V48/><F61/><W56/><G24/><T51/><D51/><U135/><E135/><V17/><F60/><W49/><G111/><N who="0" m="42539" /><D128/><U77/><E23/><V90/><F90/><W30/><G118/><T13/><D13/><U72/><E72/><V35/><F35/><W44/><G117/><T65/><D65/><U53/><E53/><V58/><REACH who="2" step="1"/><F17/><REACH who="2" step="2"/><W43/><G30/><N who="0" m="11275" /><D81/><U55/><E78/><V123/><AGARI ba="1,1" hai="9,10,11,14,16,48,52,58,112,113,115,120,121,123" machi="123" ten="40,8000,1" yaku="1,1,0,1,54,2,53,0" doraHai="70" doraHaiUra="105" who="2" fromWho="2" sc="265,-41,250,-21,240,93,235,-21" /><INIT seed="1,0,0,3,3,96" ten="224,229,333,214" oya="1" hai0="112,3,120,81,15,67,44,98,115,94,107,116,63" hai1="68,30,82,102,122,47,45,19,60,109,13,125,133" hai2="64,119,131,52,90,70,101,104,91,29,26,48,97" hai3="103,74,72,80,10,54,2,12,61,134,135,87,124" shuffle="mt19937ar,0EFE8BFC,ADDD4D15,EE23553B,29E24252,6DD829EF,38952932,54BD6719,D72FF62E"/><U20/><E122/><V35/><F119/><W4/><G124/><T132/><D3/><U8/><E125/><V66/><F131/><W92/><G2/><T53/><D116/><U51/><E133/><N who="3" m="50698" /><G92/><T25/><D132/><U55/><E109/><V49/><F49/><W121/><G103/><T89/><D107/><U40/><E82/><V129/><F129/><W1/><G1/><T24/><D120/><U34/><E34/><V56/><F66/><W33/><G33/><T95/><D81/><U93/><E68/><V21/><F21/><W59/><G121/><T58/><D15/><U50/><E60/><AGARI ba="0,0" hai="26,29,35,48,52,56,60,64,70,90,91,97,101,104" machi="60" ten="40,8000,1" yaku="25,2,52,1,54,1" doraHai="96" who="2" fromWho="1" sc="224,0,229,-80,333,80,214,0" /><INIT seed="2,0,0,2,2,13" ten="224,149,413,214" oya="2" hai0="78,50,133,94,53,106,95,97,127,9,26,72,79" hai1="107,28,119,90,14,65,104,33,84,120,51,24,71" hai2="100,118,102,130,57,25,129,61,99,60,11,54,55" hai3="34,98,12,86,62,110,49,91,93,41,42,124,6" shuffle="mt19937ar,2D5082BE,ABC40E4E,20C937C0,FCCFE585,2A4643E8,CC91924E,75EEA202,0DB73996"/><V88/><F118/><W126/><G34/><T52/><D72/><U73/><E73/><V59/><F25/><W117/><G117/><T66/><D106/><U92/><E119/><V74/><F74/><W103/><G110/><T21/><D127/><N who="3" m="48681" /><G62/><T132/><D66/><U2/><E2/><V0/><F88/><W10/><G49/><T67/><D9/><U128/><E120/><V80/><F80/><AGARI ba="0,0" hai="6,10,12,41,42,80,86,91,93,98,103" m="48681" machi="80" ten="30,1000,0" yaku="18,1" doraHai="13" who="3" fromWho="2" sc="224,0,149,0,413,-10,214,10" /><INIT seed="3,0,0,4,2,38" ten="224,149,403,224" oya="3" hai0="12,129,127,121,3,33,50,111,82,86,115,56,87" hai1="71,108,17,104,45,75,7,48,107,57,85,15,37" hai2="36,65,112,81,126,92,52,2,34,9,58,128,28" hai3="78,134,29,43,96,116,123,40,13,83,53,25,93" shuffle="mt19937ar,8FF95D3C,72F81D6E,419B35A5,EAFA8167,5B3C5462,1F889290,DF31909F,3FC06549"/><W97/><G116/><T44/><D3/><U131/><E75/><V135/><F112/><W63/><G123/><T18/><D121/><U11/><E71/><V124/><F65/><W77/><G134/><T26/><D115/><U39/><E131/><V64/><F135/><W103/><G13/><T68/><D68/><U67/><E108/><V69/><F128/><W23/><G97/><T105/><D105/><U102/><E85/><V0/><F36/><W90/><G90/><T49/><D129/><U32/><E32/><V132/><F132/><W24/><G24/><T21/><D111/><U31/><E31/><V70/><F64/><W35/><G35/><T61/><D127/><U119/><E119/><V117/><F117/><W47/><G78/><T98/><D98/><U84/><E84/><N who="0" m="32297" /><D33/><U125/><E39/><V55/><F81/><W95/><G95/><T27/><D82/><U8/><E37/><V30/><F34/><W4/><G4/><T99/><D99/><U20/><E102/><V66/><F92/><W133/><G133/><T62/><D50/><U60/><E125/><V120/><F120/><W46/><G83/><T109/><D109/><U80/><E80/><V54/><F124/><W88/><G77/><T122/><D122/><U94/><E94/><V73/><F126/><W19/><G103/><T110/><D110/><U101/><E101/><V118/><F118/><W22/><G29/><N who="2" m="11369" /><F73/><W1/><G1/><T79/><D79/><U89/><E89/><V130/><F130/><W72/><G72/><T14/><D27/><N who="1" m="14735" /><E11/><V74/><F9/><W16/><G93/><RYUUKYOKU ba="0,0" sc="224,-10,149,30,403,-10,224,-10" hai1="7,8,15,45,48,57,60,67,104,107" /><INIT seed="4,1,0,1,1,47" ten="214,179,393,214" oya="0" hai0="60,86,106,31,107,4,119,14,19,121,65,117,74" hai1="68,6,122,127,79,25,123,129,112,32,20,99,76" hai2="30,53,104,40,39,52,10,133,62,9,35,28,26" hai3="58,114,78,61,128,93,45,36,97,80,88,43,16" shuffle="mt19937ar,F4C47276,3AB5939F,60549E67,F4487273,DD91F8A0,9EFCE0D1,F03B0911,CBF1C076"/><T84/><D74/><U59/><E68/><V17/><F104/><W22/><G114/><T85/><D121/><U21/><E112/><V111/><F111/><W116/><G128/><T46/><D4/><U7/><E129/><V100/><F100/><W105/><G105/><T96/><D31/><U64/><E32/><V1/><F30/><W69/><G116/><T55/><D106/><U44/><E123/><V91/><F133/><W8/><G69/><T81/><D107/><U124/><E122/><V15/><F91/><W98/><G8/><N who="0" m="6599" /><D96/><U5/><E99/><V2/><F10/><W109/><G97/><T118/><D118/><U24/><E44/><V120/><F120/><W102/><G109/><T66/><D119/><U89/><E89/><V12/><F39/><W56/><G102/><T135/><D135/><U33/><E33/><V27/><F40/><W23/><G23/><N who="1" m="8778" /><E59/><V38/><F38/><W87/><REACH who="3" step="1"/><G61/><REACH who="3" step="2"/><T42/><D117/><U126/><E64/><V131/><F131/><W83/><G83/><T71/><D66/><U3/><E3/><V125/><F2/><W94/><G94/><T134/><D134/><U51/><E51/><V29/><F1/><W115/><G115/><T48/><D81/><U41/><E127/><V110/><F125/><W132/><G132/><T101/><D101/><U57/><E126/><V0/><F0/><W77/><G77/><T34/><D60/><U108/><E79/><V95/><F110/><W70/><G70/><T63/><D34/><U50/><E124/><V103/><F35/><W49/><G49/><T92/><D92/><RYUUKYOKU ba="1,1" sc="214,15,179,-15,393,-15,204,15" hai0="42,46,48,55,63,65,71,84,85,86" hai3="16,22,36,43,45,56,58,78,80,87,88,93,98" /><INIT seed="4,2,1,5,3,69" ten="229,164,378,219" oya="0" hai0="86,45,57,54,0,127,18,87,59,40,124,34,126" hai1="101,51,25,75,80,49,56,85,73,37,99,65,35" hai2="17,94,53,68,26,132,71,83,42,7,88,43,91" hai3="102,13,39,70,29,16,52,115,11,130,47,27,19" shuffle="mt19937ar,D203D345,4ACDEA2A,8D261CE9,CB520676,90F4D749,6905E63F,1DBD7C9A,982D28B6"/><T116/><D116/><U22/><E35/><V134/><F7/><W15/><G70/><T79/><D34/><U5/><E5/><V103/><F53/><W93/><G115/><T117/><D117/><U1/><E1/><V119/><F119/><W32/><G130/><T9/><D79/><U77/><E37/><V60/><F103/><W76/><G76/><T133/><D133/><N who="2" m="51306" /><F83/><W135/><G135/><T114/><D114/><U6/><E6/><V14/><F26/><W131/><G131/><T4/><D18/><U81/><E81/><V28/><F28/><W78/><G78/><T110/><D110/><U96/><E73/><V92/><F43/><W120/><G120/><T106/><D106/><U61/><E75/><V20/><F42/><W66/><G66/><T109/><D109/><U72/><E72/><V90/><F60/><W113/><G113/><T50/><REACH who="0" step="1"/><D59/><REACH who="0" step="2"/><U74/><E74/><V123/><F123/><W97/><G19/><T104/><D104/><U95/><E96/><V125/><F71/><W38/><REACH who="3" step="1"/><G15/><REACH who="3" step="2"/><T111/><D111/><U36/><REACH who="1" step="1"/><E36/><AGARI ba="2,3" hai="0,4,9,36,40,45,50,54,57,86,87,124,126,127" machi="36" ten="40,7700,0" yaku="1,1,18,1,52,1,53,0" doraHai="69" doraHaiUra="105" who="0" fromWho="1" sc="219,113,164,-83,378,0,209,0" /><INIT seed="4,3,0,4,2,22" ten="332,81,378,209" oya="0" hai0="19,116,25,94,21,119,100,87,24,61,128,101,98" hai1="111,51,58,28,39,56,40,52,53,99,0,68,125" hai2="129,67,1,117,63,88,17,57,71,59,29,135,36" hai3="85,123,95,115,5,18,126,62,11,69,124,9,105" shuffle="mt19937ar,2E400AF2,294443C2,EC757B11,ED7163F5,C47A0F59,40C7100F,6555514F,F0C8A405"/><T37/><D37/><U7/><E111/><V33/><F117/><W44/><G105/><T97/><D128/><U32/><E68/><V78/><F1/><W110/><G110/><T83/><D61/><U16/><E125/><V131/><F78/><W81/><G123/><T132/><D132/><U114/><E114/><V64/><F36/><W86/><G115/><T66/><D66/><U45/><E0/><V65/><F135/><W41/><G95/><T75/><D75/><U8/><E7/><V42/><F42/><W50/><G18/><T48/><D48/><U49/><E99/><V96/><F59/><W26/><G26/><T74/><D74/><U112/><E112/><V106/><F17/><W15/><G11/><T118/><D25/><U133/><E133/><V47/><F47/><W134/><G134/><T77/><REACH who="0" step="1"/><D118/><REACH who="0" step="2"/><U104/><E39/><V103/><F67/><W79/><G85/><T73/><D73/><U30/><E51/><V127/><F65/><AGARI ba="3,1" hai="5,9,15,41,44,50,62,65,69,79,81,86,124,126" machi="65" ten="40,2600,0" yaku="25,2" doraHai="22" who="3" fromWho="2" sc="322,0,81,0,378,-35,209,45" /><INIT seed="5,0,0,2,2,4" ten="322,81,343,254" oya="1" hai0="98,104,134,32,24,30,124,94,19,72,53,131,1" hai1="122,125,114,113,14,76,133,79,90,132,123,40,55" hai2="27,47,17,130,21,93,83,59,91,112,66,105,117" hai3="74,128,36,26,108,92,13,60,52,97,120,56,62" shuffle="mt19937ar,7EF23962,45D5E124,13465DE6,B177B1A0,97C5568C,ED2AFD38,B232E364,D7056B90"/><U102/><E40/><V101/><F117/><W126/><G74/><T65/><D72/><U129/><E55/><V22/><F130/><W31/><G36/><T73/><D73/><U35/><E35/><V118/><F118/><W39/><G39/><T107/><D1/><U46/><E46/><V100/><F105/><W43/><G43/><T87/><D131/><U86/><E129/><V20/><F112/><N who="1" m="43113" /><E102/><N who="2" m="39531" /><F47/><W63/><G128/><T71/><D53/><U115/><N who="1" m="43121" /><U88/><DORA hai="81" /><E14/><V8/><F83/><W11/><G52/><T38/><D38/><U67/><E67/><V127/><F127/><W3/><G126/><T96/><D65/><U12/><E12/><N who="2" m="7303" /><F59/><W10/><G56/><T51/><D32/><U77/><E125/><V75/><F75/><W121/><G13/><T44/><D124/><U64/><E64/><V54/><F54/><W109/><G3/><T33/><D44/><U84/><E123/><V99/><F66/><W7/><G121/><T16/><D33/><U89/><E122/><V41/><F41/><W18/><G120/><T103/><D104/><U23/><E23/><V70/><F70/><W95/><G7/><T2/><D71/><U61/><E61/><V15/><F15/><W82/><G63/><T78/><D107/><U110/><E110/><V0/><F0/><W48/><G62/><T6/><D2/><U58/><E58/><V42/><F42/><W85/><G60/><T5/><D5/><U80/><E80/><V135/><F27/><W68/><G108/><T57/><D24/><U119/><E119/><V69/><F69/><RYUUKYOKU ba="0,0" sc="322,-15,81,15,343,15,254,-15" hai1="76,77,79,84,86,88,89,90,132,133" hai2="20,21,22,91,93,99,135" /><INIT seed="5,1,0,5,0,40" ten="307,96,358,239" oya="1" hai0="8,7,130,124,114,115,83,89,112,98,63,87,131" hai1="65,119,127,70,84,88,71,4,72,43,92,120,107" hai2="44,104,132,105,68,80,122,31,78,23,24,108,16" hai3="118,75,73,26,54,48,77,134,37,47,6,20,133" shuffle="mt19937ar,165650DB,55569E59,A82974D4,A414504D,D549F764,933917AB,DF764C78,66072CD2"/><U50/><E120/><V135/><F122/><W62/><G118/><T27/><D124/><U56/><E119/><V55/><F68/><W2/><G37/><T113/><D113/><U76/><E127/><V9/><F108/><W111/><G111/><T97/><D63/><U99/><E4/><V10/><F105/><W85/><G62/><T15/><REACH who="0" step="1"/><D27/><REACH who="0" step="2"/><U28/><E28/><V103/><F31/><W128/><G26/><T29/><D29/><U33/><E33/><V91/><F24/><W11/><G134/><T61/><D61/><N who="1" m="38055" /><E50/><V1/><F135/><W117/><G48/><T82/><D82/><N who="1" m="45319" /><E43/><V110/><F80/><W0/><G133/><T13/><D13/><U42/><E42/><V121/><F132/><W53/><G117/><T79/><D79/><U90/><E90/><V17/><F91/><W45/><G77/><T59/><D59/><U64/><E64/><V52/><F78/><W18/><G53/><T58/><D58/><U60/><E60/><V32/><F52/><W125/><G54/><T49/><D49/><U19/><E19/><V39/><F55/><W95/><G18/><T51/><D51/><U81/><E81/><V94/><F17/><W66/><G125/><T101/><D101/><AGARI ba="1,1" hai="70,71,84,88,92,99,101,107" m="45319,38055" machi="101" ten="30,2900,0" yaku="24,1,54,1" doraHai="40" who="1" fromWho="0" sc="297,-32,96,42,358,0,239,0" /><INIT seed="5,2,0,0,5,134" ten="265,138,358,239" oya="1" hai0="135,12,47,45,41,8,58,44,36,80,94,43,32" hai1="122,26,13,92,108,10,128,88,105,72,109,19,21" hai2="67,120,29,46,40,93,98,102,90,110,42,107,127" hai3="116,23,22,96,31,97,51,114,119,133,25,68,28" shuffle="mt19937ar,64DF29D9,0138E00F,A3EB60FA,5EAA2083,AF3D875F,7449FB1B,2C65C8C7,9E5EB0F2"/><U18/><E105/><V15/><F110/><N who="1" m="42601" /><E72/><V86/><F120/><W27/><G133/><T111/><D111/><U71/><E71/><V57/><F29/><W131/><G68/><T91/><D135/><U65/><E65/><V99/><F127/><W70/><G70/><T54/><D32/><U117/><E128/><V20/><F98/><W74/><G74/><T124/><D80/><U121/><E117/><V6/><F46/><W7/><G7/><N who="0" m="3103" /><D124/><U52/><E52/><V118/><F118/><N who="3" m="45099" /><G131/><T73/><D73/><U79/><E79/><V132/><F132/><W3/><G114/><T39/><D39/><U50/><E50/><V60/><F6/><W69/><G69/><T104/><D104/><U37/><E37/><V53/><F67/><W76/><G3/><T75/><D75/><U34/><E34/><V16/><AGARI ba="2,0" hai="15,16,20,40,42,53,57,60,86,90,93,99,102,107" machi="16" ten="30,2000,0" yaku="0,1,54,1" doraHai="134" who="2" fromWho="2" sc="265,-7,138,-12,358,26,239,-7" /><INIT seed="6,0,0,4,3,31" ten="258,126,384,232" oya="2" hai0="37,125,96,117,94,67,11,76,107,54,121,68,17" hai1="95,2,109,15,25,103,108,110,97,20,18,65,70" hai2="49,29,83,113,16,81,80,64,99,112,127,134,35" hai3="93,105,122,42,78,39,79,34,71,123,84,102,38" shuffle="mt19937ar,955A0BFD,7880103C,3E9A85A1,BE94C823,1DE7BB9B,3A306032,E2BBA8B6,404FF57F"/><V57/><F127/><W114/><G71/><T28/><D107/><U56/><E2/><V36/><F36/><W69/><G69/><T60/><D37/><U47/><E70/><V7/><F7/><W21/><G21/><T8/><D121/><U46/><E15/><V119/><F119/><W135/><G135/><T133/><D125/><U85/><E85/><V66/><F134/><W111/><G111/><T4/><D133/><U120/><E120/><V19/><F99/><W58/><G84/><T59/><D76/><U74/><E74/><V14/><F49/><W61/><G93/><T51/><D117/><U130/><E130/><V77/><F77/><W41/><G58/><T128/><D128/><U44/><E44/><V3/><F3/><W126/><G61/><T40/><D40/><U73/><E73/><V101/><F101/><W92/><G102/><T52/><D28/><U0/><E0/><V62/><F64/><W10/><G126/><T32/><D32/><U53/><REACH who="1" step="1"/><E65/><REACH who="1" step="2"/><V106/><F14/><W88/><G122/><T98/><D67/><U72/><E72/><V118/><F118/><W43/><G123/><T45/><D68/><U63/><AGARI ba="0,1" hai="18,20,25,46,47,53,56,63,95,97,103,108,109,110" machi="63" ten="30,2000,0" yaku="1,1,0,1,53,0" doraHai="31" doraHaiUra="24" who="1" fromWho="1" sc="258,-5,116,30,384,-10,232,-5" /><INIT seed="7,0,0,4,4,102" ten="253,146,374,227" oya="3" hai0="54,62,118,76,114,0,92,36,16,123,56,130,24" hai1="81,125,26,10,72,106,50,51,111,109,20,58,90" hai2="13,9,60,28,22,5,18,41,75,132,38,100,11" hai3="53,45,7,33,49,66,121,35,120,89,29,105,23" shuffle="mt19937ar,300DA5B3,7A455D7F,4304069D,6EBF6973,5B185AF4,43301679,B40719CD,EC4E9092"/><W12/><G66/><T113/><D118/><U15/><E125/><V47/><F132/><W85/><G35/><T71/><D123/><U126/><E126/><V43/><F75/><W70/><G70/><T84/><D0/><U48/><E72/><V127/><F127/><W32/><G32/><T129/><D36/><U42/><E42/><V74/><F74/><W34/><G34/><T1/><D1/><U52/><E111/><V122/><F122/><W3/><G105/><T133/><D71/><U112/><E109/><V40/><F100/><W115/><G115/><N who="0" m="44043" /><D133/><U104/><E112/><V87/><F60/><W135/><G135/><T67/><D67/><U68/><E68/><V57/><F57/><W64/><G64/><T25/><D76/><U21/><E21/><V107/><F107/><W77/><G77/><T8/><D8/><U46/><E81/><V44/><F87/><W86/><G86/><T37/><D37/><U63/><E90/><V124/><F124/><W55/><G53/><T30/><D16/><U91/><E91/><V69/><F69/><W116/><G49/><T39/><D39/><U96/><E46/><V117/><F117/><W14/><G33/><N who="0" m="20679" /><D25/><U108/><E108/><V95/><F95/><W101/><G45/><T98/><D84/><U93/><E93/><V61/><F61/><W131/><G89/><AGARI ba="0,0" hai="54,56,62,89,92,98,129,130" m="20679,44043" machi="89" ten="30,2000,0" yaku="15,1,11,1" doraHai="102" who="0" fromWho="3" sc="253,20,146,0,374,0,227,-20" owari="273,7,146,-35,374,47,207,-19" /></mjloggm>