<mjloggm ver="2.3"><GO type="225"/><UN n0="%E3%82%AF%E3%83%AB%E3%83%AB%E2%98%86" n1="%E3%81%AB%E3%82%83%E3%82%93%E3%81%93%E5%85%88%E7%94%9F" n2="%E9%9B%AA%E5%9B%BD%E8%82%B2%E3%81%A1" n3="%E9%9B%B2%E9%9B%80%E6%81%AD%E5%BC%A5" dan="16,16,17,17" rate="2050,2061,2123,2196" sx="F,F,M,M"/><TAIKYOKU oya="0"/><INIT seed="0,0,0,3,0,20" ten="250,250,250,250" oya="0" hai0="39,41,92,43,60,130,23,102,10,6,103,42,113" hai1="96,9,31,131,29,123,116,37,17,109,88,24,38" hai2="2,56,122,108,95,118,57,35,119,93,12,55,124" hai3="50,81,135,100,120,85,66,121,40,87,0,107,45" shuffle="mt19937ar,81901486,EBA12892,C25125BB,C2B2413D,13F86D8A,D445E40A,4EDA5B6C,853455E2"/><T91/><D113/><U47/><E116/><N who="2" m="44587" /><F122/><N who="3" m="47211" /><G0/><T90/><D39/><U51/><E123/><V28/><F2/><W70/><G135/><T68/><D130/><U128/><E109/><V76/><F108/><W67/><G70/><T112/><D112/><U11/><E17/><V127/><F76/><N who="3" m="46247" /><G87/><T97/><D102/><U74/><E74/><V72/><F72/><W133/><G133/><T98/><D98/><AGARI ba="0,0" hai="40,45,50,66,67,98,100,107" m="46247,47211" machi="98" ten="30,1000,0" yaku="13,1" doraHai="20" who="3" fromWho="0" sc="250,-10,250,0,250,0,250,10" /><INIT seed="1,0,0,3,1,131" ten="240,250,250,260" oya="1" hai0="36,57,19,119,14,128,113,91,74,121,101,26,98" hai1="129,32,93,90,20,43,77,76,120,108,29,66,134" hai2="79,24,132,73,22,48,51,105,63,126,125,52,49" hai3="27,28,1,37,106,122,123,107,9,16,118,69,111" shuffle="mt19937ar,C0F3759E,0D7A20E8,A326DF0C,ABE868A4,895698F9,63C9CB7F,AB527B8A,CE18A042"/><U99/><E120/><V109/><F105/><W18/><G37/><T82/><D113/><U124/><E129/><V70/><F109/><W46/><G69/><T84/><D119/><U0/><E32/><V95/><F132/><W94/><G111/><T44/><D128/><U55/><E108/><V75/><F95/><W2/><G46/><T38/><D121/><U64/><E134/><V40/><F40/><W34/><G118/><T86/><D74/><U60/><E0/><V117/><F117/><W11/><G94/><T4/><D4/><U15/><E43/><V50/><F63/><W59/><G59/><T61/><D26/><N who="1" m="16583" /><E15/><V71/><F71/><W10/><G107/><T96/><D84/><U12/><E12/><V97/><F97/><W30/><G106/><T72/><D72/><U85/><E124/><N who="2" m="47723" /><F79/><N who="1" m="30281" /><E99/><V47/><F70/><W103/><G103/><T7/><D98/><U35/><E35/><V6/><F6/><W114/><G114/><T33/><D7/><U89/><E90/><V104/><F104/><W53/><G123/><T116/><D33/><U5/><E5/><V62/><F62/><W102/><G122/><T110/><D116/><U115/><E115/><V133/><F133/><W88/><G102/><T31/><D110/><U127/><E127/><V81/><F81/><W80/><G1/><T92/><D82/><U67/><E67/><V130/><F130/><W135/><G2/><T3/><D101/><U17/><E17/><AGARI ba="0,0" hai="17,22,24,47,48,49,50,51,52,73,75" m="47723" machi="17" ten="30,2000,0" yaku="18,1,54,1" doraHai="131" who="2" fromWho="1" sc="240,0,250,-20,250,20,260,0" /><INIT seed="2,0,0,3,4,7" ten="240,230,270,260" oya="2" hai0="67,110,51,10,50,28,41,26,66,12,97,52,122" hai1="11,63,125,118,68,93,33,99,70,115,42,96,81" hai2="80,36,53,62,59,15,95,54,56,120,37,124,98" hai3="135,46,24,40,6,117,3,21,113,19,14,88,45" shuffle="mt19937ar,8BBC327B,6FB393C2,77FFDF3B,A5F21A05,F7B4A509,FBEE2B3E,E8347A98,9D8CEFA8"/><V9/><F120/><W2/><G117/><T107/><D122/><U30/><E118/><V38/><F80/><W109/><G109/><T87/><D110/><U119/><E119/><V71/><F71/><W106/><G106/><T127/><D127/><U4/><E125/><V73/><F73/><W0/><G135/><T27/><D41/><U43/><E115/><V18/><F124/><W69/><G69/><T133/><D51/><U8/><E33/><V129/><F129/><W83/><G113/><T35/><D133/><U126/><E126/><V85/><F85/><W111/><G111/><T130/><D130/><U55/><E30/><V13/><F13/><W82/><G46/><T65/><D27/><U123/><E123/><V22/><F22/><W23/><G88/><T39/><D39/><U61/><E4/><V94/><REACH who="2" step="1"/><F98/><REACH who="2" step="2"/><W128/><G128/><T44/><D87/><U79/><E81/><V102/><F102/><W77/><G77/><T16/><D97/><U121/><E121/><V74/><F74/><W5/><G83/><T20/><REACH who="0" step="1"/><D107/><REACH who="0" step="2"/><U32/><E79/><V92/><F92/><W112/><G112/><T134/><D134/><U1/><E93/><V57/><F57/><W60/><G82/><T49/><D49/><AGARI ba="0,2" hai="9,15,18,36,37,38,49,53,54,56,59,62,94,95" machi="49" ten="40,3900,0" yaku="1,1,52,1,53,0" doraHai="7" doraHaiUra="34" who="2" fromWho="0" sc="230,-39,230,0,260,59,260,0" /><INIT seed="2,1,0,3,4,77" ten="191,230,319,260" oya="2" hai0="81,50,79,52,45,5,78,10,83,82,30,6,131" hai1="56,40,132,15,20,51,118,35,36,100,90,93,18" hai2="121,124,134,113,9,110,44,1,95,32,104,61,80" hai3="129,60,89,71,23,12,126,69,64,86,24,75,38" shuffle="mt19937ar,3ED7FA34,5FDE3D2F,05A63D56,11706047,1F1E32A7,11F1F649,1B1FAB89,3307CE30"/><V48/><F104/><W84/><G38/><T28/><D131/><U88/><E118/><V13/><F32/><W7/><G75/><T120/><D120/><U25/><E36/><V47/><F121/><W70/><G129/><T107/><D107/><U16/><E132/><V19/><F113/><W57/><G126/><T59/><D45/><N who="1" m="26023" /><E35/><V37/><F124/><W85/><G7/><N who="0" m="2571" /><D10/><N who="1" m="6263" /><E56/><V108/><F1/><W58/><G12/><T109/><D109/><U67/><E67/><V68/><F134/><W39/><G39/><T117/><D117/><U11/><E11/><V111/><F37/><W3/><G3/><T105/><D105/><U49/><E49/><V116/><F116/><W130/><G58/><T34/><D34/><U21/><E21/><V42/><F47/><W22/><G130/><T114/><D114/><U128/><E128/><V135/><F135/><W112/><G112/><T46/><D46/><U73/><E73/><V99/><F61/><W27/><REACH who="3" step="1"/><G89/><REACH who="3" step="2"/><T96/><D96/><AGARI ba="1,1" hai="18,20,25,88,90,93,96,100" m="6263,26023" machi="96" ten="30,3900,0" yaku="8,1,54,2" doraHai="77" who="1" fromWho="0" sc="191,-42,230,52,319,0,250,0" /><INIT seed="3,0,0,5,0,79" ten="149,282,319,250" oya="3" hai0="3,32,71,110,54,75,74,35,95,72,28,44,85" hai1="114,6,131,125,34,94,55,33,8,116,63,123,98" hai2="99,48,57,119,130,83,52,102,134,91,93,18,109" hai3="73,16,45,128,127,92,87,22,103,46,68,117,56" shuffle="mt19937ar,C182F513,D0947336,D481007C,C15770F9,2298700B,37715732,9CA4D7C4,C2A02F1B"/><W104/><G117/><T60/><D3/><U96/><E123/><V50/><F119/><W132/><G68/><T113/><D110/><U30/><E116/><V101/><F109/><W37/><G73/><T66/><D113/><U90/><E114/><V53/><F130/><W67/><G128/><T21/><D28/><U9/><E131/><V42/><F42/><W89/><G127/><T107/><D107/><U135/><E135/><V41/><F41/><W17/><G132/><T38/><D21/><U5/><E125/><V19/><F134/><W115/><G115/><T97/><D85/><U129/><E129/><V76/><F76/><W69/><G69/><T84/><D84/><U124/><E124/><V105/><F83/><N who="3" m="49407" /><G104/><T111/><D111/><U100/><E30/><V1/><F1/><W82/><G37/><T59/><D95/><U47/><E63/><V64/><F64/><W78/><G78/><T12/><D97/><U118/><E118/><V122/><F122/><W11/><G82/><T49/><REACH who="0" step="1"/><D12/><REACH who="0" step="2"/><U39/><E34/><V24/><F105/><W120/><G120/><T4/><D4/><U36/><E33/><V65/><F99/><N who="3" m="59879" /><G11/><T43/><AGARI ba="0,1" hai="32,35,38,43,44,49,54,59,60,66,71,72,74,75" machi="43" ten="40,8000,1" yaku="1,1,0,1,24,2,53,0" doraHai="79" doraHaiUra="121" who="0" fromWho="0" sc="139,90,282,-20,319,-20,250,-40" /><INIT seed="4,0,0,5,1,6" ten="229,262,299,210" oya="0" hai0="41,135,117,7,81,27,43,122,113,36,29,9,120" hai1="32,98,97,100,114,5,30,54,40,132,79,95,68" hai2="47,53,46,26,37,38,15,61,80,28,128,85,11" hai3="42,88,90,115,112,76,20,134,63,66,45,58,111" shuffle="mt19937ar,E3C96F48,4AA3C778,C0238743,1F6088B8,E8C2EBBB,899621A9,F7B8351F,6AE58697"/><T34/><D117/><U65/><E40/><V22/><F128/><W31/><G111/><T133/><D113/><N who="3" m="43593" /><G134/><N who="0" m="51211" /><D81/><U24/><E132/><V70/><F37/><N who="3" m="21711" /><G76/><T103/><D103/><U124/><E114/><V108/><F38/><W99/><G99/><T59/><D59/><U83/><E54/><V1/><F1/><W119/><G119/><T130/><D130/><U106/><E124/><V77/><F108/><W55/><G66/><T67/><D67/><U126/><E126/><V84/><F84/><W16/><G31/><T107/><D107/><U116/><E116/><V62/><F70/><W25/><AGARI ba="0,0" hai="16,20,25,55,58,63,88,90" m="21711,43593" machi="25" ten="30,4000,0" yaku="15,1,54,2" doraHai="6" who="3" fromWho="3" sc="229,-20,262,-10,299,-10,210,40" /><INIT seed="5,0,0,1,3,48" ten="209,252,289,250" oya="1" hai0="98,2,124,4,83,50,120,41,133,52,119,15,77" hai1="92,90,12,16,89,64,72,38,31,99,96,134,86" hai2="60,71,79,36,6,81,129,102,87,5,80,30,78" hai3="76,39,27,75,28,13,111,14,85,127,113,131,125" shuffle="mt19937ar,8A8B29BC,E6EC6442,69FD6430,131A3EC8,3FD48900,0616455E,96F62A48,DC8F55D7"/><U25/><E72/><V128/><F102/><W55/><G111/><T100/><D119/><U109/><E109/><V56/><F36/><W115/><G39/><T126/><D2/><U20/><E38/><V57/><F71/><W94/><G75/><T105/><D41/><U110/><E110/><V19/><F30/><W8/><G131/><N who="2" m="50249" /><F19/><W46/><G76/><T23/><D133/><U67/><E134/><V101/><F101/><W66/><G66/><T3/><D3/><U10/><E99/><V63/><F63/><W17/><G14/><T73/><D120/><U74/><E74/><N who="2" m="43095" /><F57/><W59/><G46/><T29/><D29/><U108/><E108/><V112/><F112/><N who="3" m="43083" /><G85/><T93/><D105/><U114/><E114/><V117/><F117/><W69/><G69/><T123/><D123/><U35/><E35/><V33/><F33/><N who="3" m="20639" /><G94/><AGARI ba="0,0" hai="10,12,16,20,25,31,64,67,86,89,90,92,94,96" machi="94" ten="30,5800,0" yaku="7,1,8,1,54,1" doraHai="48" who="1" fromWho="3" sc="209,0,252,58,289,0,250,-58" owari="209,-14,310,31,289,4,192,-21" /></mjloggm>