<mjloggm ver="2.3"><GO type="225"/><UN n0="%E6%A1%9C%E8%8A%B1%E9%96%83%E3%80%85" n1="%E3%83%81%E3%83%A3%E3%82%AA%E3%83%AA" n2="%E3%83%A1%E3%82%BF%E3%83%95%E3%82%A1%E3%83%BC" n3="%E3%81%B5%E3%82%8B%E3%81%AD%E3%81%93%40%E4%BD%95%E5%88%87%E3%82%8B" dan="16,17,16,16" rate="2040,2162,2067,2062" sx="M,M,M,M"/><TAIKYOKU oya="0"/><INIT seed="0,0,0,2,3,72" ten="250,250,250,250" oya="0" hai0="129,85,57,31,116,7,114,113,94,132,20,75,68" hai1="36,64,60,96,0,19,11,107,101,62,77,47,18" hai2="40,82,128,46,43,133,108,99,37,111,76,1,53" hai3="122,6,110,12,74,125,58,59,97,84,34,26,28" shuffle="mt19937ar,FF7212FA,7644118A,78FF9320,AB3ADD09,BE82461D,B0D24088,4F7231D1,19A72F19"/><T54/><D116/><U17/><E64/><V78/><F1/><W42/><G74/><T103/><D68/><U51/><E36/><V120/><F120/><W92/><G110/><N who="2" m="42025" /><F43/><W44/><G125/><T52/><D75/><U41/><E77/><N who="2" m="29803" /><F82/><W126/><G126/><T39/><D39/><U61/><REACH who="1" step="1"/><E0/><REACH who="1" step="2"/><V73/><F73/><W135/><G122/><T71/><D114/><U67/><E67/><V112/><F112/><W35/><G135/><T102/><D113/><U29/><E29/><V117/><F117/><W104/><G28/><T3/><D31/><U24/><E24/><V13/><F133/><W79/><G26/><T121/><D3/><U9/><AGARI ba="0,1" hai="9,11,17,18,19,41,47,51,60,61,62,96,101,107" machi="9" ten="40,2700,0" yaku="1,1,0,1,53,0" doraHai="72" doraHaiUra="22" who="1" fromWho="1" sc="250,-13,240,37,250,-7,250,-7" /><INIT seed="1,0,0,1,1,4" ten="237,277,243,243" oya="1" hai0="131,65,15,87,90,135,67,45,3,40,22,28,25" hai1="83,119,54,55,0,93,128,7,51,132,24,36,49" hai2="105,106,70,82,100,78,123,74,118,38,96,89,116" hai3="84,88,1,120,18,58,122,63,121,91,16,85,42" shuffle="mt19937ar,CBCD4B6D,B0BF2EF9,2FC0C1D1,3F8BF1CB,FC15FF25,3FE30464,BBF0E1A8,E1D7DC6C"/><U104/><E36/><V30/><F70/><W72/><G72/><T103/><D3/><U133/><E104/><N who="2" m="63495" /><F38/><W75/><G75/><T111/><D111/><U9/><E119/><N who="2" m="45611" /><F30/><W53/><G1/><T125/><D103/><U61/><E128/><V95/><F123/><W98/><G98/><AGARI ba="0,0" hai="74,78,82,89,95,98,105,106" m="45611,63495" machi="98" ten="30,2000,0" yaku="34,2" doraHai="4" who="2" fromWho="3" sc="237,0,277,0,243,20,243,-20" /><INIT seed="2,0,0,1,4,40" ten="237,277,263,223" oya="2" hai0="99,42,115,106,60,77,63,129,127,6,47,43,90" hai1="133,103,113,114,82,62,102,35,92,44,87,75,131" hai2="1,135,3,41,33,50,72,22,31,55,15,132,104" hai3="123,24,97,107,19,89,85,29,23,65,10,8,80" shuffle="mt19937ar,51BDF40F,4941B81D,3D1CD9E4,F6583B73,13CA692C,46314DC3,1ABA014C,08CAD386"/><V11/><F104/><W26/><G123/><T70/><D115/><U7/><E35/><V109/><F72/><W128/><G128/><T96/><D129/><U78/><E131/><V126/><F41/><W28/><G65/><T124/><D77/><U111/><E7/><V52/><F33/><W34/><REACH who="3" step="1"/><G29/><REACH who="3" step="2"/><T20/><D124/><U39/><E114/><V32/><F126/><W118/><G118/><T112/><D127/><U9/><E113/><V12/><F31/><W121/><G121/><T84/><D112/><U5/><E111/><V46/><F109/><W45/><G45/><T68/><D47/><U116/><E133/><N who="2" m="51275" /><F55/><W76/><G76/><T30/><D30/><U69/><E116/><V36/><F36/><W125/><G125/><T49/><D43/><U4/><E39/><V101/><F32/><W122/><G122/><T83/><D42/><U56/><E78/><V17/><F101/><AGARI ba="0,1" hai="8,10,19,23,24,26,28,34,80,85,89,97,101,107" machi="101" ten="40,2600,0" yaku="1,1,53,1" doraHai="40" doraHaiUra="13" who="3" fromWho="2" sc="237,0,277,0,263,-26,213,36" /><INIT seed="3,0,0,5,0,101" ten="237,277,237,249" oya="3" hai0="29,93,128,68,15,12,43,63,130,7,19,94,129" hai1="64,122,48,97,36,23,124,131,75,57,92,91,95" hai2="11,71,84,111,81,115,26,34,16,21,102,52,2" hai3="77,114,59,25,28,49,65,22,123,58,1,121,31" shuffle="mt19937ar,1B6088D6,07C4447F,1F3E401B,665EFE0F,C61656B2,A2BF4C69,5CB4C66D,FD978B3A"/><W132/><G1/><T110/><D110/><U103/><E36/><V100/><F115/><W18/><G114/><T70/><D43/><U30/><E75/><V37/><F111/><W44/><G132/><T106/><D106/><U83/><E122/><V127/><F37/><W73/><G121/><T98/><D29/><U87/><E124/><V79/><F127/><W51/><G123/><T88/><D7/><U3/><E3/><V133/><F133/><W10/><G51/><T86/><D63/><N who="1" m="37999" /><E131/><V53/><F71/><N who="0" m="27178" /><D19/><U47/><E95/><V78/><F78/><W134/><G134/><T42/><D42/><N who="1" m="24695" /><E23/><V82/><F82/><W72/><G72/><T104/><D104/><U46/><E46/><V119/><F34/><W20/><G73/><T120/><D120/><U32/><E32/><V8/><F2/><W80/><G80/><T24/><D24/><U0/><E0/><V35/><F35/><W66/><G77/><T62/><D62/><U39/><E39/><V109/><F109/><W9/><G49/><T112/><D112/><U135/><E135/><V67/><F67/><W54/><G44/><T14/><D94/><U89/><E30/><V38/><F38/><W55/><G25/><T40/><D40/><U4/><E4/><V13/><F26/><W76/><G76/><AGARI ba="0,0" hai="76,83,87,89,91,92,97,103" m="24695,37999" machi="76" ten="30,1000,0" yaku="8,1" doraHai="101" who="1" fromWho="3" sc="237,0,277,10,237,0,249,-10" /><INIT seed="4,0,0,2,1,134" ten="237,287,237,239" oya="0" hai0="112,105,13,30,11,25,56,99,115,47,106,26,5" hai1="130,18,78,10,0,64,111,44,127,59,89,88,101" hai2="35,1,38,116,94,43,104,91,113,34,57,40,109" hai3="126,55,77,67,28,37,72,124,107,129,39,19,97" shuffle="mt19937ar,38F6FDC3,2CDB41E0,2B7A093C,7AABBB89,1BA18D28,858CD149,91EFF244,6DB843E3"/><T95/><D47/><U135/><E127/><N who="3" m="48682" /><G129/><T79/><D79/><U58/><E111/><V119/><F1/><W51/><G67/><T118/><D118/><N who="2" m="45098" /><F109/><W68/><G68/><T74/><D74/><U60/><E101/><V132/><F104/><W131/><G131/><T3/><D56/><U128/><E78/><V69/><F69/><W114/><G114/><N who="0" m="43563" /><D3/><U71/><E135/><V2/><F132/><W86/><G72/><T41/><D41/><N who="2" m="15946" /><F2/><W17/><G28/><T76/><D76/><U117/><E0/><V65/><F113/><W61/><G61/><T87/><D87/><U103/><E117/><V102/><F38/><N who="3" m="14347" /><G86/><T8/><D8/><U53/><E71/><V84/><F102/><N who="3" m="62927" /><G77/><T123/><D123/><U93/><E130/><V120/><F120/><W46/><AGARI ba="0,0" hai="17,19,46,51,55" m="62927,14347,48682" machi="46" ten="30,7900,0" yaku="18,1,52,3" doraHai="134" who="3" fromWho="3" sc="237,-39,287,-20,237,-20,239,79" owari="198,-20,267,2,217,-13,318,31" /></mjloggm>