<mjloggm ver="2.3"><GO type="185"/><UN n0="%E3%81%B0%E3%81%8F%E3%81%92%E3%81%A3%E3%81%8D" n1="%E7%B1%B3%E5%85%89%E5%80%B6%E6%A5%BD%E9%83%A8" n2="%E5%8D%81%E5%85%AD%E5%A4%9C%E2%80%A0%E5%92%B2%E5%A4%9C" n3="" dan="16,16,16,0" rate="2205,2164,2177,1500" sx="M,F,F,C"/><TAIKYOKU oya="0"/><INIT seed="0,0,0,4,5,92" ten="350,350,350,0" oya="0" hai0="127,45,79,61,135,44,124,99,114,111,100,59,3" hai1="101,78,33,129,43,132,123,130,77,72,107,134,103" hai2="106,110,80,126,49,60,75,98,50,38,55,120,83" hai3="" shuffle="mt19937ar,10B73C7F,6D2CE150,94DB95A6,B9B8DB3A,96023441,E7BFFC55,0C8CC366,9A21B8F3"/><T89/><D3/><U74/><N who="1" m="31520" /><U90/><E43/><V96/><N who="2" m="30752" /><V53/><F38/><T2/><D2/><U118/><E33/><V105/><F110/><T102/><D114/><U36/><E36/><V47/><F60/><T58/><D111/><U66/><E66/><V65/><F65/><T133/><D79/><U54/><E54/><V119/><F119/><T39/><D89/><U73/><E118/><V76/><F126/><N who="0" m="48170" /><D102/><N who="1" m="38923" /><E90/><V63/><F63/><T109/><D109/><U70/><E70/><V82/><F50/><T64/><D59/><U37/><E37/><V34/><F55/><T86/><D86/><U88/><E107/><V42/><F34/><T71/><D71/><U104/><E104/><V69/><F69/><T56/><D56/><U40/><E88/><V93/><F106/><T51/><D39/><U97/><E97/><V35/><F105/><T128/><D128/><N who="1" m="49259" /><E40/><V46/><F98/><T95/><D45/><U91/><E91/><V108/><F35/><T57/><D57/><U81/><E78/><V84/><F42/><AGARI ba="0,0" hai="42,44,51,58,61,64,95,99,100,133,135" m="48170" machi="42" ten="30,2900,0" yaku="18,1,52,1" doraHai="92" who="0" fromWho="2" sc="350,29,350,0,350,-29,0,0" /><INIT seed="0,1,0,5,1,57" ten="379,350,321,0" oya="0" hai0="0,102,3,80,130,41,66,124,2,48,78,119,135" hai1="72,94,33,60,116,121,122,65,69,1,53,101,128" hai2="42,81,35,93,111,103,134,75,83,47,113,63,77" hai3="" shuffle="mt19937ar,7D760894,A80D3053,F4E9D011,78EE51E4,1EC870BB,CFF6C933,E71A3CD7,14D0036F"/><T62/><D119/><U106/><N who="1" m="31008" /><U92/><N who="1" m="31264" /><U115/><E1/><V43/><F35/><T32/><D32/><U64/><E33/><V79/><F113/><T108/><D130/><U56/><E116/><V117/><F117/><T50/><D135/><U55/><E72/><V105/><F134/><T54/><D124/><U125/><E125/><V104/><F111/><T68/><D108/><U46/><E115/><V114/><F114/><T131/><D131/><U37/><E128/><V91/><F63/><T97/><D41/><U82/><E82/><V118/><F118/><T52/><D50/><U59/><E106/><V39/><F103/><T123/><N who="0" m="31520" /><T40/><D40/><U133/><E101/><V98/><REACH who="2" step="1"/><F43/><REACH who="2" step="2"/><T88/><D48/><U129/><E133/><V90/><F90/><T84/><REACH who="0" step="1"/><D78/><REACH who="0" step="2"/><U89/><E129/><V132/><F132/><T45/><D45/><U87/><E46/><V67/><F67/><T38/><D38/><U49/><E37/><V70/><F70/><T51/><D51/><U76/><E76/><V109/><F109/><T36/><D36/><U100/><E69/><V71/><F71/><T85/><D85/><AGARI ba="1,2" hai="39,42,47,75,77,79,81,83,85,91,93,98,104,105" machi="85" ten="30,2000,0" yaku="1,1,7,1,53,0" doraHai="57" doraHaiUra="99" who="2" fromWho="0" sc="369,-22,350,0,311,42,0,0" /><INIT seed="1,0,0,4,0,87" ten="347,350,353,0" oya="1" hai0="44,96,103,55,120,83,116,125,97,99,133,65,67" hai1="112,40,45,135,49,3,132,80,91,74,129,82,34" hai2="93,111,43,124,58,104,95,2,123,79,46,110,61" hai3="" shuffle="mt19937ar,A7003B8E,00C2C165,9F03E658,13A84EC7,A78C36FF,B643D330,96C86701,C97D2A82"/><U78/><E3/><V131/><N who="2" m="31520" /><V101/><F2/><T53/><N who="0" m="30752" /><T108/><D116/><U85/><E34/><V86/><F131/><T81/><D125/><U88/><E129/><V63/><F124/><T92/><D133/><N who="1" m="51275" /><E112/><V89/><F104/><T36/><D36/><U94/><E94/><V66/><F79/><AGARI ba="0,0" hai="40,45,49,74,78,79,80,82,85,88,91" m="51275" machi="79" ten="30,11600,0" yaku="20,1,52,2,54,1" doraHai="87" who="1" fromWho="2" sc="347,0,350,116,353,-116,0,0" /><INIT seed="1,1,0,4,0,127" ten="347,466,237,0" oya="1" hai0="130,129,112,56,114,65,78,82,102,100,70,52,63" hai1="68,59,62,135,66,37,60,36,115,0,101,110,64" hai2="132,121,124,128,39,85,48,83,87,99,49,92,108" hai3="" shuffle="mt19937ar,930E676A,37C871F9,24FFE245,A07CB8A8,81B6F644,5EFEF848,F63A7A5E,F4EBB985"/><U126/><E0/><V98/><N who="2" m="31008" /><V77/><F39/><T74/><D102/><U54/><E115/><V134/><F49/><T104/><D100/><U79/><E126/><V69/><F48/><T96/><D96/><U119/><E119/><V71/><F71/><T34/><D34/><U88/><E79/><V51/><F51/><T107/><D112/><U89/><E110/><V50/><F69/><T91/><D91/><U90/><E135/><V75/><F50/><T117/><D114/><U35/><E35/><V111/><F124/><T118/><D65/><U2/><E2/><V97/><F92/><T76/><D70/><U122/><N who="1" m="31264" /><U53/><REACH who="1" step="1"/><E101/><REACH who="1" step="2"/><V125/><F125/><T33/><D33/><U95/><E95/><V47/><F111/><T133/><D133/><U73/><E73/><V109/><F108/><T41/><D78/><U86/><E86/><V80/><F109/><T42/><D104/><U61/><E61/><V94/><F134/><T32/><D107/><U106/><E106/><V131/><F132/><T55/><D32/><U40/><E40/><N who="0" m="15465" /><D117/><U103/><E103/><V58/><F75/><T43/><D118/><U3/><E3/><V93/><F77/><T113/><D43/><U1/><E1/><RYUUKYOKU ba="1,1" sc="347,-10,456,20,237,-10,0,0" hai1="36,37,53,54,59,60,62,64,66,68,88,89,90" /><INIT seed="1,2,1,2,2,33" ten="337,476,227,0" oya="1" hai0="34,59,114,3,93,37,100,91,74,80,47,112,57" hai1="116,44,94,41,68,101,67,73,49,96,104,130,119" hai2="65,126,115,75,45,39,77,135,79,117,76,40,105" hai3="" shuffle="mt19937ar,57276EDA,B4C55CF3,3A9ED891,F714C3A7,5286A68C,DDE18E5F,493CBE22,5E54C114"/><U50/><E73/><V71/><F105/><T83/><D34/><U95/><E130/><V87/><F117/><T42/><D100/><U64/><E49/><V107/><F75/><T56/><D3/><U53/><E41/><V134/><F107/><T0/><D0/><U66/><E68/><V54/><F115/><T132/><D132/><U111/><E111/><V84/><F126/><T60/><D60/><U82/><E82/><V46/><F65/><T55/><D55/><U43/><E43/><V123/><N who="2" m="31520" /><V120/><N who="2" m="30752" /><V118/><F71/><T128/><D128/><U97/><E104/><V124/><F124/><T113/><REACH who="0" step="1"/><D74/><REACH who="0" step="2"/><U58/><E119/><V108/><F135/><T89/><D89/><U109/><E116/><V69/><F134/><T52/><D52/><U70/><E109/><V62/><F108/><T72/><D72/><U78/><E70/><V103/><F118/><T1/><D1/><U86/><E101/><V38/><F103/><T127/><D127/><U121/><N who="1" m="31008" /><U102/><E102/><V51/><REACH who="2" step="1"/><F39/><REACH who="2" step="2"/><T36/><D36/><U85/><E66/><V133/><F133/><T35/><D35/><U2/><E67/><V32/><F32/><T88/><D88/><U63/><E2/><RYUUKYOKU ba="2,3" sc="327,10,476,-20,217,10,0,0" hai0="37,42,47,56,57,59,80,83,91,93,112,113,114" hai2="38,40,45,46,51,54,62,69,76,77,79,84,87" /><INIT seed="2,3,3,2,3,81" ten="337,456,227,0" oya="2" hai0="56,54,93,33,58,114,106,82,67,103,109,61,129" hai1="115,32,76,34,71,36,35,89,52,73,60,92,65" hai2="64,107,43,99,102,0,128,96,38,127,94,47,86" hai3="" shuffle="mt19937ar,CB65CA3E,CABD94A0,6BA13A43,BD2218D6,93FE7D86,D5DF6808,4A8FD569,65DD33AA"/><V91/><F0/><T55/><D33/><U62/><E36/><V50/><F128/><T72/><D129/><U119/><E119/><V69/><F127/><T112/><D106/><U66/><E115/><N who="0" m="44073" /><D72/><U90/><E90/><V120/><N who="2" m="30752" /><V100/><F64/><T84/><D103/><U41/><E41/><V49/><REACH who="2" step="1"/><F69/><REACH who="2" step="2"/><T98/><D109/><U63/><E71/><V42/><F42/><T110/><D110/><U3/><E3/><V116/><F116/><T123/><N who="0" m="31520" /><T134/><D134/><U124/><E124/><V53/><F53/><T122/><N who="0" m="31264" /><T126/><D126/><U75/><E52/><V79/><F79/><T85/><D55/><U83/><REACH who="1" step="1"/><E73/><REACH who="1" step="2"/><V59/><F59/><T77/><D56/><U118/><E118/><V57/><F57/><T121/><D54/><U48/><E48/><V44/><F44/><T125/><D125/><U111/><E111/><V78/><F78/><T101/><D121/><U135/><E135/><V68/><F68/><T39/><D39/><U80/><E80/><AGARI ba="3,5" hai="38,43,47,49,50,80,86,91,94,96,99,100,102,107" m="30752" machi="80" ten="30,11600,0" yaku="1,1,7,1,52,2,53,0" doraHai="81" doraHaiUra="74" who="2" fromWho="1" sc="337,0,446,-122,217,172,0,0" /><INIT seed="2,4,0,2,2,62" ten="337,324,389,0" oya="2" hai0="90,33,129,130,63,131,58,103,133,85,66,83,126" hai1="75,52,108,3,41,56,122,43,1,124,0,92,34" hai2="54,46,47,70,125,38,91,95,69,128,94,32,104" hai3="" shuffle="mt19937ar,441F27BA,40626AE8,F73E6F32,F335C496,B33EA19B,555AA5A1,2BBB3AFE,F35C49C0"/><V101/><F32/><T98/><D33/><U48/><N who="1" m="31264" /><U118/><E34/><V44/><F128/><T114/><D114/><U67/><E75/><V36/><F125/><T72/><D72/><U87/><E118/><V84/><F104/><T132/><REACH who="0" step="1"/><D126/><REACH who="0" step="2"/><U76/><E124/><V100/><F36/><T112/><D112/><U134/><E0/><V115/><F38/><T81/><D81/><U37/><E1/><V59/><F115/><T127/><D127/><U116/><E37/><V135/><F135/><T106/><AGARI ba="4,1" hai="58,63,66,83,85,90,98,103,106,129,130,131,132,133" machi="106" ten="40,6000,1" yaku="1,1,0,1,19,1,52,1,53,0" doraHai="62" doraHaiUra="40" who="0" fromWho="0" sc="327,78,324,-24,389,-44,0,0" /><INIT seed="4,0,0,4,1,104" ten="405,300,345,0" oya="0" hai0="35,42,102,88,69,47,87,3,109,130,99,70,54" hai1="56,55,33,129,75,81,51,131,80,52,61,38,86" hai2="92,64,79,126,96,108,100,66,93,32,91,123,128" hai3="" shuffle="mt19937ar,2AEDFBD2,DAED517D,B0A48069,84AB50B4,4E22F871,38337FD2,F4351046,EF6B3D93"/><T40/><D35/><U37/><E33/><V44/><N who="2" m="31520" /><V114/><F32/><T49/><D3/><U85/><E75/><V98/><F108/><T133/><D109/><U124/><E124/><V83/><F126/><T2/><D2/><U36/><E85/><V134/><F134/><T63/><D133/><U43/><E81/><V74/><F128/><N who="1" m="49225" /><E86/><V119/><F119/><T107/><D130/><U110/><E80/><V112/><REACH who="2" step="1"/><F44/><REACH who="2" step="2"/><T68/><REACH who="0" step="1"/><D63/><REACH who="0" step="2"/><U101/><E110/><V45/><F45/><T120/><N who="0" m="30752" /><T57/><D57/><U121/><N who="1" m="31008" /><U95/><E61/><V46/><F46/><T125/><D125/><U48/><E56/><V122/><N who="2" m="31264" /><V105/><F105/><T113/><D113/><AGARI ba="0,2" hai="64,66,74,79,83,91,92,93,96,98,100,112,113,114" m="31264,31520" machi="113" ten="40,12000,2" yaku="1,1,15,1,52,3,53,1" doraHai="104" doraHaiUra="106" who="2" fromWho="0" sc="395,-120,300,0,335,140,0,0" /><INIT seed="5,0,0,5,0,101" ten="275,300,475,0" oya="1" hai0="42,130,73,87,44,79,126,94,41,77,83,63,129" hai1="104,80,46,57,97,86,53,78,113,100,68,85,47" hai2="52,123,110,84,108,109,107,118,121,1,75,116,55" hai3="" shuffle="mt19937ar,D8E64B53,CA8F791B,F1F52B6C,518C92E7,6FE3F7D8,59E308F5,C041C206,F18AE58D"/><U65/><E113/><V111/><F111/><T92/><D63/><U125/><E125/><V119/><F75/><T51/><D42/><U58/><E68/><V72/><F72/><T59/><D59/><U89/><E65/><V71/><F71/><T102/><D51/><U134/><E58/><V114/><F1/><T115/><D41/><U2/><E2/><V95/><F107/><T98/><D44/><U60/><E134/><V3/><F3/><T70/><D70/><U45/><E45/><V131/><F131/><N who="0" m="50186" /><D115/><U133/><REACH who="1" step="1"/><E133/><REACH who="1" step="2"/><V48/><F114/><T99/><D126/><U74/><E74/><V35/><F118/><T103/><D73/><U49/><E49/><V93/><F119/><T50/><D50/><U39/><E39/><V40/><F116/><T34/><D34/><U62/><E62/><V66/><F48/><T82/><D82/><AGARI ba="0,1" hai="46,47,53,57,60,78,80,82,85,86,89,97,100,104" machi="82" ten="30,11600,0" yaku="1,1,7,1,52,1,53,1" doraHai="101" doraHaiUra="56" who="1" fromWho="0" sc="275,-116,290,126,475,0,0,0" /><INIT seed="5,1,0,5,2,116" ten="159,416,475,0" oya="1" hai0="93,112,97,135,111,75,92,81,90,130,70,98,2" hai1="131,83,128,69,64,133,62,101,123,126,60,124,32" hai2="45,72,68,120,115,110,129,134,103,56,86,61,34" hai3="" shuffle="mt19937ar,899E1036,FECE156E,3A94C4B7,82C9B3A1,E8FCE979,AE24D53F,51AC6C14,FB2F8A27"/><U38/><N who="1" m="31520" /><U94/><E32/><V80/><N who="2" m="30752" /><V52/><F34/><T76/><D2/><U58/><E38/><V79/><F110/><T127/><D70/><U36/><E36/><V108/><F108/><T95/><D111/><U105/><E105/><V85/><F103/><T49/><D49/><U44/><E44/><V113/><F134/><T35/><D35/><U82/><E133/><V51/><F68/><T117/><D135/><U118/><E118/><V48/><F129/><N who="1" m="49737" /><E94/><V59/><F59/><T66/><D66/><U55/><E101/><V3/><F3/><T96/><D130/><U43/><E43/><V99/><F99/><T57/><D57/><U89/><E89/><V41/><REACH who="2" step="1"/><F51/><REACH who="2" step="2"/><T71/><D71/><U40/><E40/><V84/><AGARI ba="1,1" hai="41,45,48,52,56,61,72,79,80,84,85,86,113,115" m="30752" machi="84" ten="30,9000,2" yaku="1,1,2,1,0,1,52,2,54,1,53,0" doraHai="116" doraHaiUra="65" who="2" fromWho="2" sc="159,-31,416,-61,465,102,0,0" /><INIT seed="6,0,0,1,2,42" ten="128,355,567,0" oya="2" hai0="125,98,97,91,133,34,64,82,36,32,0,46,47" hai1="40,87,49,71,92,101,135,45,65,70,89,53,58" hai2="38,113,129,51,102,48,106,3,122,88,104,73,94" hai3="" shuffle="mt19937ar,B9886735,4D1C8763,BD377048,C8C676C4,831AAECA,E03B7D91,10FA6AA8,8117DDCE"/><V1/><F73/><T41/><D82/><U107/><E135/><V108/><F88/><T79/><D91/><U44/><E44/><V69/><F94/><T119/><D79/><U67/><E65/><V134/><F48/><T111/><D41/><U90/><E67/><V76/><F106/><T99/><D0/><U54/><E54/><V110/><F104/><T84/><D64/><U132/><E132/><V57/><F102/><T35/><D133/><U131/><E131/><V62/><F76/><T72/><D72/><U59/><E59/><V105/><F110/><T127/><D111/><U118/><E90/><V77/><F134/><T128/><D128/><U78/><E78/><V75/><F129/><T50/><D50/><U66/><E66/><V117/><F77/><T109/><D109/><U121/><N who="1" m="31008" /><U85/><E85/><V116/><F57/><T80/><D119/><U60/><REACH who="1" step="1"/><E118/><REACH who="1" step="2"/><V55/><F116/><T96/><N who="0" m="25088" /><DORA hai="81" /><T115/><D36/><U114/><E114/><V2/><F38/><T68/><D68/><U93/><E93/><V130/><F117/><T120/><N who="0" m="30752" /><T86/><D115/><U126/><E126/><N who="0" m="48137" /><D80/><U83/><E83/><V39/><N who="2" m="31264" /><V124/><F113/><T52/><D52/><RYUUKYOKU ba="0,1" sc="128,10,345,10,567,-20,0,0" hai0="32,34,35,46,47,84,86" hai1="40,45,49,53,58,60,70,71,87,89,92,101,107" owari="138,-46,355,-4,557,50,0,0" /></mjloggm>