<mjloggm ver="2.3"><GO type="225"/><UN n0="%E7%8C%AA%E6%9C%A8%E5%A4%A7%E5%AB%8C%E3%81%84%EF%BC%81" n1="%E5%85%AD%E5%88%86%E5%84%80" n2="%52%65%64%4D%61%67%69%63" n3="%4E%6F%2E%32" dan="17,18,16,16" rate="2103,2141,2029,2081" sx="F,F,M,M"/><TAIKYOKU oya="0"/><INIT seed="0,0,0,3,1,15" ten="250,250,250,250" oya="0" hai0="72,110,85,42,26,27,49,84,10,71,24,103,79" hai1="6,37,44,131,14,57,51,134,78,109,3,123,66" hai2="94,87,73,118,128,59,102,39,121,127,96,45,100" hai3="88,64,47,86,60,58,98,126,28,74,92,20,32" shuffle="mt19937ar,324CFD1E,8A11DC64,EF310028,61A3B84F,1C28FC6F,1AA66767,C5810C66,7C0576E3"/><T112/><D112/><U16/><E123/><V63/><F121/><W107/><G126/><T75/><D71/><U52/><E109/><V62/><F127/><W68/><G74/><T69/><D69/><U91/><E134/><V4/><F128/><W113/><G113/><T40/><D103/><U101/><E131/><V130/><F130/><W25/><G68/><T43/><D110/><U99/><E78/><V122/><F122/><W30/><G47/><T81/><D49/><U93/><E3/><V104/><F73/><W111/><G111/><T9/><REACH who="0" step="1"/><D72/><REACH who="0" step="2"/><U31/><E37/><V106/><F39/><W5/><G5/><T89/><D89/><U115/><E115/><V7/><F102/><W129/><G129/><T22/><D22/><N who="1" m="11543" /><E6/><V21/><F4/><W114/><G114/><T53/><D53/><U125/><E125/><V55/><F7/><W35/><G30/><T34/><D34/><U80/><E31/><V12/><F55/><W2/><G2/><T97/><D97/><U18/><E101/><V70/><F100/><N who="3" m="60487" /><G107/><T17/><D17/><U48/><E18/><V11/><F104/><W83/><AGARI ba="0,1" hai="20,25,28,32,35,58,60,64,83,86,88" m="60487" machi="83" ten="30,2000,0" yaku="25,1,54,1" doraHai="15" who="3" fromWho="3" sc="240,-10,250,-5,250,-5,250,30" /><INIT seed="1,0,0,3,3,130" ten="230,245,245,280" oya="1" hai0="2,12,64,125,17,65,74,58,34,51,55,44,87" hai1="43,20,27,14,62,115,117,92,0,75,32,68,85" hai2="100,61,21,129,110,59,80,94,132,73,124,131,79" hai3="24,29,84,7,72,101,4,135,126,63,128,76,67" shuffle="mt19937ar,A577510B,91D341C4,B914CFF5,F1AE7070,CBF83938,CAAD8493,1383B957,A5E178A8"/><U109/><E115/><V39/><F39/><W99/><G128/><N who="2" m="49225" /><F110/><W41/><G72/><T28/><D74/><U121/><E121/><V104/><F124/><W3/><G41/><T23/><D2/><U37/><E117/><V57/><F104/><W134/><G126/><T52/><D125/><U82/><E0/><V78/><F79/><W105/><G76/><T1/><D1/><U6/><E109/><V113/><F113/><W33/><G84/><T18/><D18/><U45/><E32/><V119/><F119/><W49/><G49/><T127/><D127/><U103/><E75/><V16/><F61/><W97/><G97/><T112/><D112/><U47/><E47/><V91/><F100/><W89/><G89/><T10/><D34/><U93/><E103/><V19/><F132/><N who="3" m="50731" /><G3/><T81/><D28/><U15/><E62/><V66/><F66/><W114/><G114/><T118/><D118/><U96/><E96/><N who="2" m="57439" /><F19/><W54/><G54/><T133/><D133/><U70/><E93/><V22/><F16/><W107/><G107/><T86/><D86/><U36/><E92/><V26/><F73/><W83/><G83/><T5/><D87/><U11/><E37/><V102/><F80/><W71/><AGARI ba="0,0" hai="4,7,24,29,33,63,67,71,99,101,105" m="50731" machi="71" ten="30,8000,1" yaku="25,1,20,1,52,3" doraHai="130" who="3" fromWho="3" sc="230,-20,245,-40,245,-20,280,80" /><INIT seed="2,0,0,5,3,11" ten="210,205,225,360" oya="2" hai0="100,68,135,59,94,93,54,5,56,67,40,120,17" hai1="105,12,43,53,19,106,1,117,9,10,99,134,42" hai2="98,46,83,113,80,104,25,58,31,55,28,48,64" hai3="97,132,13,102,45,34,36,52,116,125,66,128,41" shuffle="mt19937ar,B13B6D0B,246D190A,5E6850CC,0591B62D,7B199A45,25E859A1,9D6D433B,0CDAC5B6"/><V18/><F113/><W69/><G34/><T84/><D120/><U112/><E117/><V61/><F104/><W14/><G116/><T74/><D74/><U3/><E112/><V78/><F98/><W118/><G118/><T4/><D68/><U126/><E126/><V101/><F101/><W35/><G35/><T51/><D135/><U6/><E134/><V72/><F83/><W131/><G132/><T89/><D40/><U70/><E70/><V38/><F38/><W49/><G125/><T71/><D71/><U24/><E3/><V60/><F61/><N who="3" m="40143" /><G41/><T127/><D127/><U110/><E110/><V90/><F90/><W133/><G36/><T114/><D114/><U119/><E119/><V39/><F39/><W30/><G30/><T50/><D17/><U22/><E105/><V73/><F72/><W29/><G29/><T65/><D65/><U87/><E87/><V107/><F107/><N who="3" m="63951" /><G133/><T122/><D122/><U57/><E99/><V123/><F123/><W95/><G95/><T79/><D100/><U26/><E106/><V109/><F109/><W20/><G20/><T33/><D33/><U37/><E37/><V27/><F31/><W129/><AGARI ba="0,0" hai="13,14,45,49,52,128,129,131" m="63951,40143" machi="129" ten="30,7900,0" yaku="19,1,52,2,54,1" doraHai="11" who="3" fromWho="3" sc="210,-20,205,-20,225,-39,360,79" /><INIT seed="3,0,0,0,0,41" ten="190,185,186,439" oya="3" hai0="89,113,81,29,12,93,46,60,99,117,68,131,49" hai1="61,82,134,70,39,14,33,85,20,16,1,35,27" hai2="129,78,10,106,3,110,126,71,130,7,88,120,105" hai3="87,26,96,97,18,74,57,135,94,84,125,83,54" shuffle="mt19937ar,1816B0BE,D62FBDD5,28FA676F,A7002EFB,063B47F4,87D698C8,09583C8C,AAB05473"/><W102/><G74/><T0/><D0/><U56/><E39/><V112/><F71/><W111/><G111/><T47/><D117/><U73/><E1/><V2/><F112/><W4/><G4/><T79/><D113/><U17/><E70/><V8/><F110/><W6/><G6/><T23/><D131/><N who="2" m="50186" /><F120/><W9/><G125/><T52/><D68/><U44/><E73/><V37/><F37/><W34/><G135/><T92/><D60/><U90/><E134/><V101/><F126/><W22/><G87/><N who="0" m="48575" /><D92/><U55/><E44/><V118/><F118/><W51/><G54/><T116/><D116/><U132/><E132/><V64/><F64/><W67/><G22/><AGARI ba="0,0" hai="14,16,17,20,22,27,33,35,55,56,61,82,85,90" machi="22" ten="30,2000,0" yaku="7,1,54,1" doraHai="41" who="1" fromWho="3" sc="190,0,185,20,186,0,439,-20" owari="190,-16,205,-4,186,-21,419,41" /></mjloggm>