<mjloggm ver="2.3"><GO type="225"/><UN n0="%E3%83%81%E3%83%A3%E3%82%AA%E3%83%AA" n1="%E3%81%B5%E3%82%8B%E3%81%AD%E3%81%93%40%E4%BD%95%E5%88%87%E3%82%8B" n2="%E3%83%9C%E3%83%84" n3="%E3%82%88%E3%81%A3%E3%81%A1" dan="17,16,16,16" rate="2116,2065,2037,2059" sx="M,M,M,M"/><TAIKYOKU oya="0"/><INIT seed="0,0,0,2,2,91" ten="250,250,250,250" oya="0" hai0="32,11,112,86,39,125,111,95,110,7,122,14,59" hai1="105,25,121,119,70,1,43,75,40,28,9,50,8" hai2="79,113,87,19,46,89,12,20,66,135,49,83,54" hai3="45,124,123,126,6,21,34,16,64,134,103,57,131" shuffle="mt19937ar,E01716EC,957561DA,BC345D0C,3EFD02C2,2B3EED56,632EF29A,A6CB43E5,4D11521A"/><T47/><D112/><U41/><E105/><V76/><F135/><W33/><G6/><T118/><D118/><U15/><E121/><V127/><F127/><N who="3" m="48683" /><G123/><T17/><D32/><U101/><E75/><V98/><F113/><W96/><G45/><T88/><D125/><U5/><E70/><V52/><F66/><W129/><G57/><T35/><D35/><N who="3" m="13321" /><G64/><T65/><D122/><U85/><E119/><V29/><F29/><W72/><G72/><T22/><D47/><U69/><E69/><V0/><F0/><W42/><G42/><T97/><D39/><U78/><E101/><V53/><REACH who="2" step="1"/><F98/><REACH who="2" step="2"/><W13/><G134/><T68/><D68/><U44/><E1/><V73/><F73/><W114/><G114/><T10/><D97/><U90/><E9/><V99/><F99/><W24/><G24/><T82/><D11/><U23/><REACH who="1" step="1"/><E78/><AGARI ba="0,1" hai="12,19,20,46,49,52,53,54,76,78,79,83,87,89" machi="78" ten="40,5200,0" yaku="1,1,8,1,54,1,53,0" doraHai="91" doraHaiUra="132" who="2" fromWho="1" sc="250,0,250,-52,240,62,250,0" /><INIT seed="1,0,0,2,5,129" ten="250,198,302,250" oya="1" hai0="102,14,76,97,33,45,98,19,56,39,100,59,10" hai1="57,108,94,120,37,2,88,89,90,13,131,80,43" hai2="82,122,127,132,104,0,67,22,15,101,46,4,51" hai3="133,113,25,30,64,112,61,16,7,6,99,40,119" shuffle="mt19937ar,EA45F2B4,67076D47,BE4D1E62,7BA638BF,F13AE59A,F6681FF2,E53035DB,75DC8D95"/><U115/><E2/><V8/><F122/><W5/><G40/><T91/><D33/><U72/><E115/><V125/><F67/><W9/><G99/><T47/><D76/><U121/><E131/><V68/><F68/><W111/><G111/><T24/><D24/><U65/><E108/><V66/><F66/><W79/><G79/><T35/><D35/><U28/><E28/><V105/><F82/><W106/><G106/><T60/><D59/><U75/><E120/><V135/><F0/><W74/><G74/><T1/><D1/><U53/><E121/><V63/><F63/><W18/><G119/><T128/><D128/><U27/><E65/><V87/><F22/><W103/><G103/><N who="0" m="39467" /><D39/><U86/><E27/><V71/><F87/><W95/><G95/><N who="0" m="56575" /><D98/><U58/><E72/><V49/><F71/><W50/><G50/><N who="2" m="18953" /><F46/><W23/><G133/><N who="2" m="51273" /><F101/><W52/><G64/><AGARI ba="0,0" hai="10,14,19,45,47,56,60,64" m="56575,39467" machi="64" ten="30,1000,0" yaku="8,1" doraHai="129" who="0" fromWho="3" sc="250,10,198,0,302,0,250,-10" /><INIT seed="2,0,0,5,1,4" ten="260,198,302,240" oya="2" hai0="68,20,126,5,22,11,88,90,53,133,61,39,130" hai1="107,96,69,128,41,43,3,115,122,92,99,80,86" hai2="2,79,46,125,76,7,112,55,36,100,91,32,50" hai3="84,110,8,74,15,105,30,85,94,114,70,35,31" shuffle="mt19937ar,F7ABDB26,48C145CB,5CB211A5,E733F582,85F8F8F0,96EE5984,F710B724,53222BB2"/><V33/><F112/><W9/><G74/><T45/><D133/><U71/><E115/><V98/><F125/><W120/><G70/><T123/><D123/><U18/><E107/><V28/><F36/><W104/><G105/><T51/><D126/><U60/><E122/><V10/><F91/><W57/><G104/><T103/><D103/><U89/><E128/><V134/><F134/><W77/><G35/><T6/><D130/><U97/><E3/><V64/><F64/><W119/><G119/><T67/><D39/><U40/><E60/><V81/><F28/><N who="3" m="10795" /><G120/><T14/><D5/><U78/><E71/><V34/><REACH who="2" step="1"/><F81/><REACH who="2" step="2"/><N who="3" m="47151" /><G114/><T26/><D90/><U113/><E113/><V102/><F102/><W25/><G110/><T19/><D88/><U24/><E69/><V116/><F116/><W65/><G94/><AGARI ba="0,1" hai="2,7,10,32,33,34,46,50,55,76,79,94,98,100" machi="94" ten="40,3900,0" yaku="1,1,52,1,53,0" doraHai="4" doraHaiUra="66" who="2" fromWho="3" sc="260,0,198,0,292,49,240,-39" /><INIT seed="2,1,0,4,3,90" ten="260,198,341,201" oya="2" hai0="85,61,16,130,29,58,21,128,110,41,62,64,135" hai1="114,131,87,134,13,18,98,119,2,50,56,83,104" hai2="124,11,106,102,3,54,69,40,5,94,37,24,15" hai3="22,126,39,77,12,75,78,27,122,121,34,6,25" shuffle="mt19937ar,64A769C6,892A73FC,CE70C214,C754818E,0149DEEA,20A717DF,E108481F,BA63C416"/><V57/><F69/><W109/><G39/><T49/><D110/><U86/><E119/><V132/><F132/><W7/><G75/><T59/><D29/><U32/><E114/><V47/><F124/><W51/><G51/><T26/><D135/><U105/><E2/><V84/><F106/><W95/><G95/><T53/><REACH who="0" step="1"/><D85/><REACH who="0" step="2"/><U76/><E134/><V73/><F84/><W107/><G126/><T9/><D9/><U115/><E87/><V43/><F11/><W1/><G109/><T71/><D71/><U118/><E115/><V4/><F73/><W91/><G121/><T28/><D28/><U79/><E86/><V125/><F125/><W89/><G122/><T113/><D113/><U17/><E131/><V123/><F123/><W52/><G34/><T100/><D100/><U133/><E32/><V60/><F102/><W0/><G22/><T31/><D31/><U46/><E133/><V111/><F111/><W101/><G101/><T97/><D97/><U8/><E98/><V55/><F3/><W10/><G10/><T38/><D38/><U112/><E8/><V65/><F37/><W81/><G81/><T96/><D96/><U42/><E83/><V74/><F74/><W108/><G108/><T35/><D35/><U82/><E82/><V70/><F70/><W99/><G99/><T120/><D120/><U14/><E112/><V80/><F80/><W88/><G107/><T45/><AGARI ba="1,1" hai="16,21,26,41,45,49,53,58,59,61,62,64,128,130" machi="45" ten="30,4000,0" yaku="1,1,0,1,54,1,53,0" doraHai="90" doraHaiUra="103" who="0" fromWho="0" sc="250,53,198,-11,341,-21,201,-11" /><INIT seed="3,0,0,2,3,54" ten="303,187,320,190" oya="3" hai0="120,103,29,74,134,73,27,19,86,83,68,65,37" hai1="107,5,92,109,84,108,93,17,72,57,33,14,95" hai2="12,23,22,104,10,51,75,133,8,41,0,85,87" hai3="118,49,112,123,119,26,69,106,45,2,43,135,110" shuffle="mt19937ar,D2124FF0,9BDAE3B1,2EE1EB55,2C265C94,678DA82C,297255ED,BCE376F3,E5B23466"/><W101/><G2/><T126/><D120/><U3/><E107/><V76/><F104/><W71/><G101/><T64/><D37/><U25/><E72/><V59/><F133/><W105/><G105/><T67/><D134/><U70/><E70/><V130/><F130/><W55/><G106/><T129/><D129/><U53/><E3/><V61/><F75/><W40/><G135/><T56/><D68/><N who="3" m="26185" /><G26/><T88/><D103/><U98/><E5/><V11/><F0/><W34/><G34/><T94/><D126/><U28/><E84/><N who="2" m="32331" /><F12/><W42/><G123/><T125/><D125/><U13/><E98/><V116/><F76/><W111/><G112/><T20/><D83/><U122/><E122/><V124/><F116/><AGARI ba="0,0" hai="40,42,43,45,49,55,110,111,116,118,119" m="26185" machi="116" ten="40,3900,0" yaku="34,2" doraHai="54" who="3" fromWho="2" sc="303,0,187,0,320,-39,190,39" /><INIT seed="3,1,0,0,5,113" ten="303,187,281,229" oya="3" hai0="40,34,100,101,35,3,20,22,116,79,14,33,124" hai1="65,135,62,73,59,70,102,44,84,92,91,7,85" hai2="119,114,80,94,89,36,39,17,45,71,28,57,46" hai3="118,32,68,103,105,38,64,1,117,13,61,41,12" shuffle="mt19937ar,CEB9CBD9,08014585,39EDC04F,86C25CC5,FBAAC450,E8BBDF89,170F2289,734C2E48"/><W90/><G32/><T72/><D3/><U83/><E135/><V31/><F114/><W53/><G1/><T95/><D116/><U120/><E120/><V37/><F119/><W122/><G122/><T48/><D124/><U5/><E73/><V15/><F71/><W66/><G90/><T108/><D108/><U132/><E132/><V130/><F80/><W56/><G12/><T29/><D72/><U86/><E70/><V60/><F130/><W42/><G13/><T112/><D79/><U6/><E44/><V58/><F45/><N who="3" m="23735" /><G42/><T23/><D112/><U43/><E43/><V127/><F46/><W121/><G121/><T18/><D40/><U88/><E102/><V9/><F127/><W52/><G103/><T25/><D48/><U76/><E76/><V50/><F50/><N who="3" m="30743" /><G105/><T97/><REACH who="0" step="1"/><D101/><REACH who="0" step="2"/><U21/><REACH who="1" step="1"/><E21/><AGARI ba="1,1" hai="14,18,20,21,22,23,25,29,33,34,35,95,97,100" machi="21" ten="40,2600,0" yaku="1,1,2,1,53,0" doraHai="113" doraHaiUra="125" who="0" fromWho="1" sc="293,39,187,-29,281,0,229,0" owari="332,33,158,-24,281,3,229,-12" /></mjloggm>