<mjloggm ver="2.3"><GO type="225"/><UN n0="%E5%88%BB%E5%AD%90%E5%B8%82%E6%B0%91" n1="%E9%9E%8D" n2="%E9%95%B7%E6%9D%91%E3%83%93%E3%83%83%E3%82%B0" n3="%74%63%61%30%30" dan="17,16,16,16" rate="2120,2020,2084,2035" sx="M,M,M,M"/><TAIKYOKU oya="0"/><INIT seed="0,0,0,1,0,104" ten="250,250,250,250" oya="0" hai0="14,92,73,96,47,30,114,40,123,48,6,51,108" hai1="1,133,28,89,109,62,7,119,11,67,81,37,72" hai2="21,84,116,127,117,31,53,39,110,9,128,0,134" hai3="19,54,79,130,69,13,98,76,91,120,70,118,25" shuffle="mt19937ar,3E2FF566,6D6D189E,BC4D6FFB,F25453BF,C487FBE3,91969D12,E5EA8976,8F8E1876"/><T124/><D114/><U33/><E119/><V86/><F39/><W16/><G118/><T22/><D123/><U8/><E133/><V75/><F53/><W58/><G120/><T2/><D2/><U66/><E109/><V32/><F21/><N who="3" m="13479" /><G69/><T80/><D108/><U52/><E37/><V63/><F32/><W102/><G70/><T42/><D124/><U71/><E66/><V93/><F0/><W135/><G102/><T111/><D111/><U87/><E8/><V17/><F134/><W36/><G36/><T38/><D38/><U24/><REACH who="1" step="1"/><E52/><REACH who="1" step="2"/><V131/><F110/><W112/><G135/><T20/><D51/><U85/><E85/><V90/><F84/><W129/><G112/><T34/><D42/><U3/><E3/><V23/><F86/><W55/><G55/><T43/><D43/><U27/><E27/><V29/><F117/><W106/><G130/><T107/><D48/><U41/><E41/><V78/><F116/><W44/><G129/><T46/><D40/><U74/><AGARI ba="0,1" hai="1,7,11,24,28,33,62,67,71,72,74,81,87,89" machi="74" ten="30,8000,1" yaku="1,1,0,1,52,2,53,1" doraHai="104" doraHaiUra="59" who="1" fromWho="1" sc="250,-40,240,90,250,-20,250,-20" /><INIT seed="1,0,0,4,5,107" ten="210,330,230,230" oya="1" hai0="65,4,63,10,12,132,121,71,87,91,47,83,125" hai1="7,98,80,51,67,64,1,82,32,13,19,116,95" hai2="48,18,43,81,89,106,111,126,62,69,37,73,117" hai3="28,31,78,128,38,34,102,25,52,49,0,84,30" shuffle="mt19937ar,8CE5A0D1,BED7623A,CB78CA91,33FFD013,82A1FC9E,93A1F985,0E77D50E,29754C15"/><U96/><E32/><V122/><F122/><W2/><G38/><T27/><D121/><U36/><E36/><V56/><F117/><W76/><G128/><T123/><D123/><U20/><E116/><V16/><F106/><W70/><G70/><T17/><D132/><U23/><E1/><V26/><F111/><W114/><G114/><T134/><D134/><U118/><E118/><V119/><F119/><W24/><G102/><T104/><D104/><U6/><E51/><V124/><F26/><W68/><G68/><T55/><D125/><N who="2" m="48234" /><F37/><W29/><G24/><T45/><D27/><U46/><E46/><N who="2" m="25695" /><F69/><W88/><G0/><T113/><D113/><U120/><E120/><V14/><F14/><W108/><G2/><T90/><D4/><U5/><E20/><V50/><F50/><W103/><G103/><T100/><D100/><N who="1" m="60447" /><E98/><V86/><F73/><W40/><G40/><T101/><D101/><U131/><E131/><V58/><F58/><W115/><G108/><T74/><D74/><U33/><E33/><V44/><F44/><W130/><G130/><T8/><D8/><U94/><E94/><V77/><F77/><W42/><G42/><T105/><D105/><U60/><E60/><V3/><F3/><W110/><G110/><T135/><D135/><U41/><E41/><V66/><AGARI ba="0,0" hai="16,18,56,62,66,81,86,89" m="25695,48234" machi="66" ten="30,2000,0" yaku="18,1,54,1" doraHai="107" who="2" fromWho="2" sc="210,-5,330,-10,230,20,230,-5" /><INIT seed="2,0,0,0,1,30" ten="205,320,250,225" oya="2" hai0="87,81,80,17,56,26,128,91,77,92,83,28,19" hai1="95,78,59,36,114,116,10,63,12,100,0,102,123" hai2="79,29,69,41,71,5,2,118,119,42,22,50,7" hai3="66,47,18,82,40,68,52,86,21,16,13,60,93" shuffle="mt19937ar,85408939,CF9185B7,8C23C72F,2051B55C,9BF672E3,616F6B36,BE8866EB,1B425370"/><V135/><F79/><W33/><G33/><T94/><D128/><U89/><E36/><V53/><F29/><W131/><G131/><T84/><D56/><U134/><E0/><V124/><F22/><W51/><G93/><T106/><D106/><U1/><E1/><V15/><F2/><W121/><G121/><T73/><D73/><U76/><E123/><V9/><F124/><W108/><G108/><T113/><D113/><U46/><E46/><V25/><F25/><W58/><G18/><T111/><D111/><U127/><E114/><V67/><F135/><W132/><G132/><T24/><D77/><N who="1" m="29803" /><E116/><V103/><F103/><W74/><G74/><T11/><D11/><U99/><E127/><V107/><F107/><W4/><G4/><T54/><D54/><N who="1" m="34295" /><E134/><V44/><F7/><AGARI ba="0,0" hai="7,10,12,89,95,99,100,102" m="34295,29803" machi="7" ten="30,1000,0" yaku="8,1" doraHai="30" who="1" fromWho="2" sc="205,0,320,10,250,-10,225,0" /><INIT seed="3,0,0,3,2,68" ten="205,330,240,225" oya="3" hai0="78,49,135,70,104,108,82,80,40,11,75,39,66" hai1="89,71,64,48,86,95,62,96,17,1,30,72,134" hai2="63,33,18,131,73,112,31,129,83,60,2,16,36" hai3="81,94,55,101,117,103,91,98,59,93,57,105,99" shuffle="mt19937ar,F5D00D49,6AD58F22,247EF3C7,DF651268,CB245D19,B72D0468,521BDBDD,A208CD9D"/><W56/><G117/><T20/><D104/><U128/><E72/><V123/><F112/><W87/><REACH who="3" step="1"/><G105/><REACH who="3" step="2"/><T119/><D119/><U28/><E128/><V46/><F131/><W21/><G21/><T10/><D135/><U114/><E134/><V122/><F129/><W35/><G35/><T12/><D108/><U4/><E114/><V37/><F33/><W84/><G84/><T133/><D133/><U90/><E17/><V110/><F110/><W76/><G76/><T125/><D125/><U124/><E124/><V77/><F77/><W6/><G6/><T38/><D20/><U100/><E4/><V19/><F19/><W126/><G126/><T14/><D49/><AGARI ba="0,1" hai="49,55,56,57,59,81,87,91,93,94,98,99,101,103" machi="49" ten="30,18000,2" yaku="1,1,7,1,9,1,8,1,53,2" doraHai="68" doraHaiUra="88" who="3" fromWho="0" sc="205,-180,330,0,240,0,215,190" owari="25,-37,330,8,240,-11,405,40" /></mjloggm>