<mjloggm ver="2.3"><GO type="225"/><UN n0="%E9%9E%8D" n1="%E7%8C%AA%E6%9C%A8%E5%A4%A7%E5%AB%8C%E3%81%84%EF%BC%81" n2="%E6%B7%B1%E5%A4%9C%E3%81%AE%E5%AE%B4" n3="%E3%83%80%E3%83%A0%E3%83%9E%E3%83%8B%E3%82%A2" dan="16,17,16,16" rate="2018,2099,2044,2120" sx="M,F,M,M"/><TAIKYOKU oya="0"/><INIT seed="0,0,0,0,3,66" ten="250,250,250,250" oya="0" hai0="43,15,25,88,47,97,83,50,108,122,28,105,58" hai1="94,17,39,45,132,84,81,21,42,51,36,119,78" hai2="86,89,22,48,49,118,96,133,116,37,7,72,75" hai3="129,5,120,112,20,123,53,38,117,95,9,70,82" shuffle="mt19937ar,14EFAD89,58A90664,2C05101C,6DAA5B5D,A787784D,E39530E9,79B92F51,7D4C589B"/><T35/><D122/><U102/><E119/><N who="2" m="45611" /><F37/><W65/><G38/><T54/><D108/><U6/><E132/><V40/><F133/><W34/><G34/><T74/><D15/><U121/><E121/><N who="3" m="46666" /><G117/><T85/><D74/><N who="2" m="28202" /><F40/><W87/><G95/><T59/><REACH who="0" step="1"/><D43/><REACH who="0" step="2"/><U2/><E2/><V113/><F113/><W29/><G112/><T32/><D32/><U46/><E42/><V127/><F127/><W19/><G129/><T106/><D106/><U44/><E39/><V91/><F7/><W61/><G5/><T12/><D12/><N who="1" m="9383" /><E36/><V93/><F22/><W111/><G111/><T33/><D33/><U26/><E6/><V14/><F14/><W100/><G9/><T131/><D131/><U92/><E26/><V4/><F4/><W56/><G20/><T125/><D125/><U69/><E44/><V60/><F60/><W30/><G19/><T90/><D90/><U110/><E45/><V101/><F89/><N who="3" m="51447" /><G100/><AGARI ba="0,1" hai="25,28,35,47,50,54,58,59,83,85,88,97,100,105" machi="100" ten="40,7700,0" yaku="1,1,54,1,53,1" doraHai="66" doraHaiUra="31" who="0" fromWho="3" sc="240,87,250,0,250,0,250,-77" /><INIT seed="0,1,0,3,5,85" ten="327,250,250,173" oya="0" hai0="56,101,126,103,67,38,1,57,59,124,64,33,83" hai1="111,98,12,77,102,68,70,60,50,130,123,117,105" hai2="30,16,44,132,116,40,9,58,121,24,127,41,114" hai3="5,82,8,34,108,88,48,120,4,134,31,107,62" shuffle="mt19937ar,73068B22,90BA03CF,931E09C8,32AFBBC0,B3C99C5C,C19DB16A,DB53443D,66CBC9D5"/><T80/><D38/><U17/><E117/><V65/><F121/><W76/><G107/><T52/><D33/><U84/><E123/><V97/><F114/><W106/><G120/><T47/><D1/><U46/><E130/><V118/><F132/><W10/><G106/><T28/><D28/><U69/><E111/><V3/><F127/><N who="0" m="48682" /><D47/><U135/><E135/><V119/><F97/><W23/><G34/><T110/><D52/><U81/><E60/><N who="2" m="38039" /><F44/><W128/><G134/><T125/><D110/><U45/><REACH who="1" step="1"/><E50/><REACH who="1" step="2"/><V6/><F116/><W87/><G48/><T55/><D125/><U25/><E25/><V51/><F51/><W54/><G128/><T66/><D55/><U14/><E14/><V7/><F118/><W39/><G39/><T104/><D104/><U53/><E53/><V99/><F119/><W29/><G54/><T94/><D67/><U18/><E18/><V86/><F16/><W73/><G62/><T20/><D66/><U13/><E13/><V96/><F3/><W129/><G108/><T91/><D64/><U100/><E100/><V35/><F24/><W71/><G129/><T0/><D0/><U32/><E32/><V89/><F35/><W22/><G71/><T2/><D2/><U92/><E92/><N who="2" m="54327" /><F30/><W79/><G31/><T27/><D103/><U75/><E75/><V122/><F122/><W93/><G29/><N who="0" m="17639" /><D101/><U42/><E42/><N who="2" m="16491" /><F6/><W11/><G4/><T61/><D61/><U95/><E95/><V21/><F7/><W36/><G5/><T115/><D115/><U72/><E72/><V74/><F74/><N who="3" m="43287" /><G36/><T113/><D113/><RYUUKYOKU ba="1,1" sc="327,10,240,10,250,-30,173,10" hai0="56,57,59,80,83,91,94" hai1="12,17,45,46,68,69,70,77,81,84,98,102,105" hai3="8,10,11,22,23,73,79,87,88,93" /><INIT seed="0,2,1,3,4,26" ten="337,250,220,183" oya="0" hai0="130,31,9,98,37,32,34,100,104,88,16,74,91" hai1="54,119,36,128,111,92,123,66,108,5,120,29,73" hai2="81,56,90,109,78,107,79,60,53,24,76,134,3" hai3="38,10,124,2,121,49,82,62,46,6,30,58,68" shuffle="mt19937ar,6C6EBF44,E5F46886,8185EB55,17B5E30C,8E65ED3C,F0E3E97B,DC4EB534,33F363A2"/><T131/><D37/><U8/><E119/><V72/><F3/><W21/><G38/><T75/><D75/><U110/><E73/><V101/><F134/><W50/><G121/><T20/><D74/><U77/><E77/><V102/><F109/><W125/><G68/><T129/><D9/><U132/><E132/><V28/><F107/><W17/><G82/><T39/><D39/><U89/><E128/><V116/><F116/><W27/><G46/><T67/><D67/><U71/><E36/><V59/><F72/><W113/><G113/><T87/><D31/><U85/><E54/><V99/><F59/><W45/><G45/><T12/><D91/><U48/><E48/><V105/><F105/><W11/><G11/><T83/><AGARI ba="2,1" hai="12,16,20,32,34,83,87,88,98,100,104,129,130,131" machi="83" ten="30,11700,0" yaku="0,1,19,1,54,2" doraHai="26" who="0" fromWho="0" sc="337,133,250,-41,220,-41,183,-41" /><INIT seed="0,3,0,5,5,134" ten="470,209,179,142" oya="0" hai0="69,100,128,113,119,75,7,96,58,66,117,59,0" hai1="118,34,54,55,57,41,52,70,133,23,56,101,130" hai2="86,112,81,44,71,14,85,9,16,65,25,74,22" hai3="83,40,53,33,60,26,27,4,48,80,12,79,103" shuffle="mt19937ar,99AC2706,A67663BD,65599954,FE1FE337,38253D33,94FDC5A4,0E71385F,1D297D8B"/><T31/><D75/><U76/><E34/><V32/><F112/><W67/><G103/><T35/><D113/><U62/><E76/><V8/><F71/><W38/><G38/><T89/><D89/><U88/><E101/><V24/><F65/><W15/><G33/><T77/><D77/><U109/><E133/><V46/><F74/><W42/><G67/><T43/><D43/><U10/><E118/><V11/><F32/><W82/><G79/><T13/><D13/><N who="3" m="5193" /><G60/><N who="0" m="40135" /><D59/><U95/><E109/><V121/><F121/><W1/><G1/><T28/><D58/><U108/><E130/><V124/><F124/><W50/><G4/><T39/><D31/><U45/><E70/><V99/><F99/><W115/><G115/><T30/><D30/><U68/><E68/><V98/><F98/><W20/><G20/><T29/><D29/><U126/><E57/><V105/><F105/><W91/><G91/><T18/><D39/><U51/><E56/><V19/><F8/><W84/><G84/><T129/><D18/><U47/><E88/><V63/><F63/><W5/><G5/><T72/><D72/><U116/><E62/><V106/><F106/><W78/><G78/><T131/><D7/><U114/><E114/><V107/><F107/><W73/><G73/><T123/><D0/><U104/><E104/><V17/><F17/><W87/><G87/><T3/><D3/><U49/><E10/><V61/><F61/><W127/><G127/><T97/><D100/><U132/><E126/><V94/><F14/><W110/><G110/><T37/><D129/><U64/><E108/><RYUUKYOKU ba="3,0" sc="470,0,209,0,179,0,142,0" /><INIT seed="1,4,0,0,3,24" ten="470,209,179,142" oya="1" hai0="58,25,14,39,121,108,89,45,70,123,23,36,2" hai1="27,79,71,28,75,96,63,103,29,100,13,64,129" hai2="56,48,0,86,88,33,134,69,84,53,77,73,26" hai3="10,37,4,111,122,66,133,42,8,115,3,19,46" shuffle="mt19937ar,F4ECDC85,E2AF5834,735BDEBB,C09DE894,E82D7CA6,46AE0BF7,67EB0A84,FA59D9D0"/><U1/><E1/><V11/><F69/><W110/><G122/><T87/><D2/><U102/><E129/><V54/><F134/><W118/><G133/><T116/><D70/><U113/><E113/><V101/><F101/><W51/><G115/><T55/><D116/><U12/><E96/><V85/><F73/><W94/><G66/><T67/><D14/><U44/><E44/><V80/><F0/><W59/><G118/><T50/><D108/><N who="3" m="41513" /><G94/><N who="0" m="54591" /><D67/><U93/><E93/><V32/><F11/><N who="3" m="2463" /><G19/><N who="0" m="12543" /><D45/><U40/><E40/><V126/><F126/><W131/><G131/><T7/><D7/><U125/><E125/><V35/><F77/><W18/><G18/><T17/><D17/><U43/><E43/><V128/><F128/><W92/><G92/><T52/><D55/><AGARI ba="4,0" hai="8,10,37,42,46,51,55,59" m="2463,41513" machi="55" ten="30,1000,0" yaku="14,1" doraHai="24" who="3" fromWho="0" sc="470,-22,209,0,179,0,142,22" /><INIT seed="2,0,0,4,4,127" ten="448,209,179,164" oya="2" hai0="76,58,81,69,93,39,56,65,46,88,130,123,110" hai1="97,102,95,113,119,128,38,4,103,86,98,55,35" hai2="109,50,20,49,74,77,10,19,124,82,71,122,25" hai3="14,78,63,7,90,116,87,0,15,112,94,36,80" shuffle="mt19937ar,4D9A3E08,A83C2975,CF392327,3C5EF58C,FC9AF8AC,B4A4B6EB,6E55255C,D2295161"/><V126/><F122/><W24/><G36/><T6/><D123/><U101/><E113/><V27/><F71/><W131/><G112/><T108/><D69/><U32/><E119/><V48/><F109/><W114/><G114/><T43/><D6/><U52/><E38/><V79/><F10/><W21/><G116/><T135/><D65/><U9/><E86/><V1/><F1/><W57/><G0/><T42/><D42/><U3/><E128/><V105/><F105/><W59/><G7/><T26/><D130/><U85/><E85/><V115/><F115/><W28/><G131/><T44/><D44/><U66/><E66/><V121/><F121/><W134/><G59/><T89/><D26/><U30/><E30/><V13/><REACH who="2" step="1"/><F77/><REACH who="2" step="2"/><W11/><G11/><T31/><D76/><U67/><E9/><V54/><F54/><N who="3" m="34231" /><G134/><T99/><D135/><U45/><E52/><V33/><F33/><W75/><G75/><T72/><D72/><U51/><E3/><V117/><F117/><W73/><G73/><T68/><D68/><U22/><E35/><V8/><F8/><W132/><G132/><T60/><D110/><U12/><E32/><V5/><F5/><W96/><AGARI ba="0,1" hai="14,15,21,24,28,78,80,87,90,94,96" m="34231" machi="96" ten="30,1100,0" yaku="8,1" doraHai="127" who="3" fromWho="3" sc="448,-3,209,-3,169,-5,164,21" /><INIT seed="3,0,0,1,2,64" ten="445,206,164,185" oya="3" hai0="120,94,0,80,32,127,134,42,51,71,2,128,50" hai1="60,130,22,24,39,124,4,108,82,11,40,84,26" hai2="62,122,38,14,125,27,77,28,65,3,135,132,75" hai3="73,74,56,12,79,88,9,123,86,19,13,104,98" shuffle="mt19937ar,9703581F,85A603CF,527B762F,C23171FC,400BDE8C,BA9890D4,ED0F683A,B020A5AC"/><W61/><G123/><T15/><D32/><U114/><E114/><V115/><F14/><W37/><G37/><T117/><D117/><U102/><E102/><V6/><F115/><W18/><G79/><T83/><D120/><U96/><E96/><V30/><F122/><W131/><G131/><T97/><D71/><U57/><E130/><V100/><F38/><W89/><G104/><T41/><D128/><U107/><E107/><V33/><F100/><W20/><G98/><T25/><D25/><U10/><E124/><V31/><F31/><W118/><G118/><T54/><D127/><U47/><E108/><V72/><F30/><W78/><G78/><T7/><D134/><N who="2" m="51242" /><F125/><W69/><G69/><T43/><D2/><U92/><E26/><V58/><F58/><W52/><REACH who="3" step="1"/><G86/><REACH who="3" step="2"/><T113/><D113/><U81/><E84/><V23/><F77/><W49/><G49/><T1/><D51/><U48/><E48/><V101/><F101/><W63/><G63/><T119/><D50/><U91/><E60/><V112/><F112/><W116/><G116/><T90/><D119/><U99/><E39/><V106/><F106/><W21/><G21/><T44/><D97/><U110/><E22/><V76/><F23/><W45/><G45/><T53/><D44/><U67/><E47/><V121/><F76/><W103/><G103/><T5/><D90/><AGARI ba="0,1" hai="9,12,13,18,19,20,52,56,61,73,74,88,89,90" machi="90" ten="40,7700,0" yaku="1,1,54,2,53,0" doraHai="64" doraHaiUra="46" who="3" fromWho="0" sc="445,-77,206,0,164,0,175,87" /><INIT seed="3,1,0,1,3,16" ten="368,206,164,262" oya="3" hai0="6,71,22,130,64,94,122,101,59,52,13,77,104" hai1="33,100,75,73,102,119,113,49,31,28,109,135,76" hai2="39,19,74,34,3,127,133,56,32,123,47,67,51" hai3="134,82,18,48,118,55,1,53,24,115,83,9,35" shuffle="mt19937ar,F7C52CE0,B9F9C2B6,C862C2B2,83012BF5,56E0B597,A89942B6,B4C78847,97672AA5"/><W120/><G118/><T15/><D104/><U86/><E49/><V129/><F19/><W98/><G120/><T99/><D122/><U20/><E33/><V69/><F47/><W17/><G115/><T5/><D130/><U46/><E46/><V85/><F85/><W92/><G134/><T96/><D77/><U62/><E62/><V125/><F56/><N who="3" m="32807" /><G35/><T112/><D112/><U10/><E86/><V43/><F67/><W116/><G1/><T79/><D79/><U58/><E76/><V7/><F7/><N who="0" m="2570" /><D71/><U117/><E113/><V107/><F51/><W78/><G78/><T63/><D96/><U132/><E58/><V54/><F54/><W37/><G37/><T128/><D128/><U45/><E45/><V111/><F43/><W4/><G4/><T60/><D60/><U131/><E131/><V65/><F65/><W88/><G116/><T81/><D81/><N who="3" m="30729" /><G9/><T106/><D106/><U26/><E10/><V57/><F57/><W105/><G105/><T110/><D64/><U114/><E114/><V66/><F66/><W50/><G24/><T80/><D80/><U72/><E72/><V42/><F42/><W40/><G40/><T95/><D95/><U30/><E75/><V21/><F34/><W84/><G98/><T12/><D110/><U124/><E109/><V25/><F25/><W38/><G38/><T11/><D11/><U0/><E73/><V27/><F27/><W36/><G36/><T29/><D29/><U103/><E26/><V41/><F41/><W90/><G90/><T126/><D126/><U44/><E124/><V70/><F32/><RYUUKYOKU ba="1,0" sc="368,15,206,-15,164,-15,262,15" hai0="12,13,15,22,52,59,63,94,99,101" hai3="17,18,50,55,84,88,92" /><INIT seed="3,2,0,1,0,91" ten="383,191,149,277" oya="3" hai0="7,122,50,70,108,71,63,126,42,76,97,55,52" hai1="31,60,43,38,90,96,95,66,8,82,33,6,117" hai2="104,100,30,72,87,128,49,78,112,110,18,53,22" hai3="21,12,88,14,37,111,59,135,9,4,103,2,118" shuffle="mt19937ar,6BFD2B2A,0FBA8C8A,9DD2A277,BC8C48CB,A54DBC7D,5F2820B2,2DF713C4,31903DC6"/><W41/><G118/><T19/><D122/><U74/><E117/><V27/><F112/><W0/><G135/><T23/><D7/><U16/><E33/><V94/><F128/><W48/><G103/><T130/><D130/><U58/><E31/><V45/><F110/><W46/><G111/><T116/><D108/><U5/><E38/><V93/><F72/><W89/><G0/><T75/><D116/><U69/><E69/><V62/><F62/><W32/><G32/><T47/><D126/><U106/><E106/><V79/><F104/><W13/><G21/><T124/><D124/><U81/><E43/><V3/><F3/><W119/><REACH who="3" step="1"/><G119/><REACH who="3" step="2"/><T121/><D121/><U29/><E29/><V44/><F30/><W17/><G17/><T99/><D19/><U84/><E16/><V68/><F68/><W54/><AGARI ba="2,1" hai="2,4,9,12,13,14,37,41,46,48,54,59,88,89" machi="54" ten="30,11700,0" yaku="1,1,0,1,54,1,53,1" doraHai="91" doraHaiUra="1" who="3" fromWho="3" sc="383,-41,191,-41,149,-41,267,133" owari="342,9,150,-20,108,-29,400,40" /></mjloggm>