<mjloggm ver="2.3"><GO type="185"/><UN n0="%E5%83%8D%E3%81%8D%E3%81%9F%E3%81%8F%E3%81%AA%E3%81%84" n1="%53%54%4F%53%48%49%59%41" n2="%E3%80%93%E3%81%84%E3%81%A1%E3%81%AF%E3%82%89%E3%80%93" n3="" dan="17,16,18,0" rate="2217,2081,2259,1500" sx="M,M,M,C"/><TAIKYOKU oya="0"/><INIT seed="0,0,0,4,4,125" ten="350,350,350,0" oya="0" hai0="92,37,36,34,112,84,67,41,99,96,80,100,49" hai1="71,76,1,103,98,115,101,40,95,52,135,64,87" hai2="44,57,114,0,70,104,127,77,32,88,59,53,132" hai3="" shuffle="mt19937ar,DB085D25,1E07BDF9,70BA24E6,1902D52D,F57E7A92,D2B19EAD,3CF672C1,0080B8D0"/><T122/><N who="0" m="31264" /><T65/><D34/><U78/><E1/><V58/><F70/><T113/><D41/><U124/><E115/><V73/><F114/><T121/><N who="0" m="31008" /><T109/><D109/><U85/><E124/><V97/><F127/><T90/><D113/><U72/><E40/><V118/><F118/><T126/><D126/><U130/><E72/><V55/><F132/><T89/><D112/><U116/><E116/><V43/><F0/><T75/><D49/><U48/><E135/><V93/><F104/><T94/><REACH who="0" step="1"/><D75/><REACH who="0" step="2"/><U120/><N who="1" m="30752" /><U111/><E111/><V51/><F32/><T134/><D134/><U33/><E33/><V3/><F3/><T56/><D56/><U81/><E71/><V131/><F73/><T2/><D2/><U63/><E63/><V46/><F59/><T54/><D54/><U128/><E64/><AGARI ba="0,1" hai="36,37,64,65,67,80,84,89,90,92,94,96,99,100" m="31008,31264" machi="64" ten="40,18000,2" yaku="1,1,52,2,53,3" doraHai="125" doraHaiUra="62" who="0" fromWho="1" sc="340,190,350,-180,350,0,0,0" /><INIT seed="0,1,0,1,5,39" ten="530,170,350,0" oya="0" hai0="1,113,37,44,77,131,122,87,48,55,130,81,50" hai1="127,125,80,66,132,121,62,51,72,124,134,74,76" hai2="82,49,117,111,104,107,114,95,61,34,89,105,103" hai3="" shuffle="mt19937ar,3F946862,DE7DCE4C,1E06B133,7B62695A,5AE9E46D,0D9AEEC4,F731CDEA,2D85C9BD"/><T63/><N who="0" m="31264" /><T108/><D1/><U59/><N who="1" m="31008" /><U88/><E72/><V86/><F34/><T56/><D113/><U75/><E75/><V52/><F114/><T0/><D0/><U79/><E79/><V99/><F117/><T97/><D108/><U128/><E128/><V84/><F61/><T116/><D116/><U94/><REACH who="1" step="1"/><E51/><REACH who="1" step="2"/><V43/><F111/><T38/><D50/><U32/><E32/><V65/><F65/><T83/><D131/><U112/><E112/><V78/><REACH who="2" step="1"/><F43/><REACH who="2" step="2"/><T129/><D129/><U120/><N who="1" m="30752" /><U106/><E106/><V102/><F102/><T110/><D130/><U101/><E101/><V69/><F69/><T60/><D110/><U126/><N who="1" m="32256" /><DORA hai="90" /><U57/><E57/><AGARI ba="1,2" hai="49,52,57,78,82,84,86,89,95,99,103,104,105,107" machi="57" ten="30,7700,0" yaku="1,1,7,1,52,1,54,1,53,0" doraHai="39,90" doraHaiUra="70,135" who="2" fromWho="1" sc="530,0,160,-79,340,99,0,0" /><INIT seed="1,0,0,1,2,126" ten="530,81,439,0" oya="1" hai0="102,111,120,130,37,92,53,35,119,96,57,70,105" hai1="50,60,95,109,135,58,54,47,128,132,123,117,43" hai2="33,78,55,129,3,79,34,68,44,118,98,51,106" hai3="" shuffle="mt19937ar,A3AE7450,A6C2D9C3,C724EF1B,9506B3C1,422D77FA,B55F8E48,59FDCE72,3D240EC6"/><U32/><N who="1" m="31520" /><U49/><E32/><V94/><F3/><T115/><N who="0" m="30752" /><T2/><D115/><U59/><E95/><V63/><F118/><T107/><D119/><U103/><E117/><V110/><F106/><T65/><D2/><U74/><E103/><V56/><F110/><T112/><D111/><U97/><E74/><V116/><F68/><T113/><D37/><U75/><E97/><V86/><F116/><T100/><D35/><U80/><E75/><V81/><F79/><T91/><D70/><U48/><E80/><V104/><F104/><T71/><D71/><U42/><E109/><V124/><F124/><T89/><D65/><U125/><E125/><V90/><REACH who="2" step="1"/><F129/><REACH who="2" step="2"/><T69/><D130/><U133/><E128/><V88/><F88/><T85/><D69/><U0/><E0/><V67/><AGARI ba="0,1" hai="33,34,44,51,55,56,63,67,78,81,86,90,94,98" machi="67" ten="20,3900,0" yaku="1,1,0,1,7,1,53,1" doraHai="126" doraHaiUra="87" who="2" fromWho="2" sc="530,-13,81,-26,429,49,0,0" /><INIT seed="2,0,0,3,0,35" ten="517,55,478,0" oya="2" hai0="108,86,56,92,58,91,48,1,107,38,72,95,110" hai1="57,93,122,129,113,40,41,97,39,77,85,74,3" hai2="49,83,62,43,32,52,90,132,61,60,59,101,0" hai3="" shuffle="mt19937ar,55C7EE06,77A54BC6,68571512,E19A0D18,B97D87A3,2B6DD887,4327EF62,E56A3A8B"/><V111/><F32/><T102/><D38/><U42/><N who="1" m="31264" /><U37/><E113/><V94/><F132/><T70/><D70/><U116/><E74/><V114/><F114/><T45/><D72/><U67/><E116/><V105/><F111/><N who="0" m="42538" /><D1/><U103/><E3/><V36/><F0/><T100/><D107/><U47/><E129/><V120/><N who="2" m="30752" /><V112/><F112/><T53/><D95/><U119/><E119/><V88/><F105/><T89/><D89/><U125/><E125/><V84/><F36/><T50/><D58/><U71/><E71/><V131/><F131/><T104/><D104/><U118/><E118/><V78/><F43/><AGARI ba="0,0" hai="43,45,48,50,53,56,86,91,92,100,102" m="42538" machi="43" ten="30,1000,0" yaku="14,1" doraHai="35" who="0" fromWho="2" sc="517,10,55,0,478,-10,0,0" /><INIT seed="4,0,0,4,3,105" ten="527,55,468,0" oya="0" hai0="37,83,134,104,90,39,99,42,76,116,81,32,129" hai1="100,51,47,33,106,119,98,82,64,65,45,123,67" hai2="110,126,97,133,128,91,59,108,109,86,61,70,63" hai3="" shuffle="mt19937ar,B1ABD640,579B9CAA,9F8C3D62,7E452DAD,AFD2E133,E24D1E64,8F4CC071,6394478D"/><T48/><D116/><U3/><N who="1" m="31520" /><U43/><E33/><V95/><F126/><T125/><D32/><U35/><E3/><V71/><F128/><T89/><D129/><U84/><E35/><V40/><F133/><T56/><D134/><U53/><E119/><V113/><F113/><T111/><D125/><U72/><E72/><V1/><F1/><T115/><D115/><U62/><E62/><V96/><F40/><T46/><D111/><U55/><REACH who="1" step="1"/><E47/><REACH who="1" step="2"/><V34/><F34/><T79/><D46/><U73/><E73/><V93/><F63/><T77/><D56/><U44/><E44/><V107/><F61/><T52/><D39/><U101/><E101/><V130/><F59/><T85/><D37/><U135/><E135/><V38/><F38/><T103/><D42/><U131/><E131/><V69/><F130/><T54/><D48/><U94/><E94/><V58/><F58/><T36/><D36/><U49/><E49/><V57/><F57/><T114/><D114/><U132/><E132/><V2/><F2/><T121/><N who="0" m="31008" /><T60/><D60/><U50/><E50/><V75/><F110/><T120/><N who="0" m="30752" /><T87/><AGARI ba="0,1" hai="52,54,76,77,79,81,83,85,87,89,90,99,103,104" m="30752,31008" machi="87" ten="30,12000,2" yaku="4,1,0,1,9,1,52,2,54,1" doraHai="105" who="0" fromWho="0" sc="527,130,45,-60,468,-60,0,0" owari="657,61,-15,-62,408,1,0,0" /></mjloggm>