<mjloggm ver="2.3"><GO type="185"/><UN n0="%E3%80%93%E3%81%84%E3%81%A1%E3%81%AF%E3%82%89%E3%80%93" n1="%E3%81%9F%E3%82%80%E3%81%A8%E3%83%BC" n2="%E3%81%A8%E3%81%84%E3%81%A4%E3%81%BE%E3%81%99%E3%81%9F%E3%81%81%E2%99%AA" n3="" dan="18,16,16,0" rate="2288,2126,2135,1500" sx="M,M,M,C"/><TAIKYOKU oya="0"/><INIT seed="0,0,0,1,3,58" ten="350,350,350,0" oya="0" hai0="99,110,134,89,45,74,79,78,120,59,2,54,100" hai1="3,121,115,98,42,114,81,80,49,55,66,57,87" hai2="46,76,119,48,112,82,128,71,132,129,72,88,117" hai3="" shuffle="mt19937ar,5D76C7B1,EE1703B5,EFE69E6B,BBE32688,BB34757F,B73B583F,57082013,5E3517C5"/><T64/><N who="0" m="30752" /><T51/><D2/><U60/><N who="1" m="31008" /><U36/><E3/><V75/><F112/><N who="1" m="43049" /><E98/><V118/><F132/><T92/><D134/><U101/><E101/><V67/><F75/><T56/><D110/><U126/><E126/><V133/><F133/><T63/><D74/><U125/><E125/><V38/><F38/><T122/><N who="0" m="31264" /><T131/><D131/><U52/><E55/><V109/><F109/><T35/><D35/><U73/><E73/><V107/><F107/><T97/><REACH who="0" step="1"/><D45/><REACH who="0" step="2"/><U85/><E85/><V62/><REACH who="2" step="1"/><F88/><REACH who="2" step="2"/><T111/><D111/><U34/><E34/><V40/><AGARI ba="0,2" hai="40,46,48,62,67,71,72,76,82,117,118,119,128,129" machi="40" ten="40,6000,1" yaku="1,1,2,1,0,1,12,1,52,1,53,0" doraHai="58" doraHaiUra="96" who="2" fromWho="2" sc="340,-40,350,-20,340,80,0,0" /><INIT seed="1,0,0,2,0,78" ten="300,330,420,0" oya="1" hai0="71,51,81,131,34,85,98,70,87,125,128,134,101" hai1="84,91,89,110,63,55,37,39,42,74,90,2,3" hai2="59,118,77,120,38,132,93,92,129,97,126,61,112" hai3="" shuffle="mt19937ar,7EEFDE5E,CFC5016D,CDDD84B0,1B1AB0AC,BBEC201D,CF13C3FE,30A0368D,B26601F0"/><U116/><E74/><V123/><N who="2" m="30752" /><V53/><N who="2" m="31520" /><V121/><N who="2" m="31008" /><V44/><F118/><T100/><D34/><U35/><E35/><V104/><F132/><T0/><D0/><U124/><E116/><V57/><F129/><T33/><D33/><U99/><E124/><V119/><F119/><T36/><D36/><U82/><E110/><V1/><F1/><T75/><D75/><U62/><E37/><V65/><F126/><T67/><D125/><U50/><E39/><V133/><F133/><T107/><D134/><U94/><E42/><V58/><F112/><T64/><D51/><U122/><N who="1" m="31264" /><U86/><E2/><V45/><F104/><T108/><D98/><U40/><E40/><V72/><F38/><T54/><D54/><U43/><E43/><V76/><F72/><T111/><D107/><U66/><E3/><V80/><F65/><T117/><D117/><U135/><E135/><V56/><F93/><T68/><D68/><U103/><E66/><V32/><F32/><T73/><D73/><U115/><E115/><V49/><F61/><N who="1" m="23049" /><E86/><V109/><F109/><T79/><D111/><U52/><E55/><V60/><F60/><T105/><D108/><U113/><E113/><V130/><F53/><RYUUKYOKU ba="0,0" sc="300,-10,330,20,420,-10,0,0" hai1="50,52,82,84,89,90,91,94,99,103" /><INIT seed="1,1,0,3,1,83" ten="290,350,410,0" oya="1" hai0="95,37,128,104,99,52,1,90,55,33,40,123,96" hai1="108,80,65,98,119,60,71,54,102,111,44,39,135" hai2="46,64,129,124,3,116,114,82,69,122,109,112,87" hai3="" shuffle="mt19937ar,CF04C60A,002CC9DC,7D4D9695,C9FE1DF6,8C1C7572,0486D75A,DBE590BD,BDE3A5A9"/><U101/><E119/><V42/><N who="2" m="31264" /><V50/><F3/><T107/><N who="0" m="31520" /><T91/><D1/><U85/><E135/><V133/><F116/><T34/><D40/><U63/><E39/><V78/><F133/><T73/><D73/><U117/><E117/><V77/><F129/><T0/><D0/><U100/><E98/><V43/><F124/><T126/><D95/><U113/><E113/><N who="2" m="43627" /><F109/><N who="1" m="42057" /><E44/><V110/><F110/><T56/><D56/><U74/><E74/><V86/><F42/><T68/><D37/><U48/><E48/><V121/><N who="2" m="31008" /><V51/><F51/><T2/><D2/><U88/><E60/><V47/><F47/><T125/><REACH who="0" step="1"/><D68/><REACH who="0" step="2"/><U84/><E84/><N who="2" m="32299" /><F82/><T72/><D72/><U131/><E131/><AGARI ba="1,1" hai="33,34,52,55,90,91,96,99,104,107,125,126,128,131" m="31520" machi="131" ten="25,8000,1" yaku="1,1,22,2,52,1,54,1,53,0" doraHai="83" doraHaiUra="53" who="0" fromWho="1" sc="280,92,350,-82,410,0,0,0" /><INIT seed="2,0,0,0,1,109" ten="372,268,410,0" oya="2" hai0="50,39,91,43,74,129,120,1,104,105,97,84,78" hai1="60,99,86,61,135,66,67,73,132,114,40,94,36" hai2="108,119,42,44,56,127,49,2,124,133,134,92,89" hai3="" shuffle="mt19937ar,8F967A47,5AA0C72D,4A2D5252,B1024359,F7CA7A3D,277CF73B,17BDB29B,8F21DC4D"/><V72/><F72/><T121/><N who="0" m="30752" /><T106/><N who="0" m="31008" /><T122/><N who="0" m="31264" /><T80/><D1/><U101/><E73/><V54/><F119/><T81/><D39/><U41/><E86/><V125/><F108/><T131/><D50/><U63/><E114/><V77/><F77/><T62/><D62/><U0/><E0/><V34/><F34/><T57/><D57/><U82/><E82/><V126/><N who="2" m="31744" /><DORA hai="46" /><V51/><F2/><T128/><D43/><U115/><E115/><V32/><F32/><T83/><D83/><U45/><REACH who="1" step="1"/><E41/><REACH who="1" step="2"/><V33/><F33/><T88/><REACH who="0" step="1"/><D91/><REACH who="0" step="2"/><U70/><E70/><V95/><F42/><T35/><D35/><U65/><AGARI ba="0,2" hai="36,40,45,60,61,63,65,66,67,94,99,101,132,135" machi="65" ten="40,3900,0" yaku="1,1,0,1,53,1" doraHai="109,46" doraHaiUra="110,96" who="1" fromWho="1" sc="362,-13,258,59,410,-26,0,0" /><INIT seed="4,0,0,2,4,123" ten="349,317,384,0" oya="0" hai0="97,49,1,114,95,35,50,78,38,47,58,88,2" hai1="125,85,113,103,98,96,77,104,134,107,94,127,119" hai2="83,80,101,76,89,115,33,64,90,71,36,133,81" hai3="" shuffle="mt19937ar,956EBAED,BD4DFB36,35A4054F,0A7EE5FB,BFB31521,0F52038C,D5D11C91,DE5FA345"/><T135/><D35/><U62/><E119/><V34/><F36/><T132/><D38/><U131/><E62/><V118/><F118/><T86/><D114/><U110/><E113/><V117/><F115/><T70/><D70/><U41/><E41/><V54/><F117/><T112/><D112/><U40/><E40/><V92/><F133/><N who="0" m="51274" /><D58/><U39/><E39/><V74/><F101/><T126/><D126/><N who="1" m="48139" /><E134/><V72/><F34/><T130/><D130/><U60/><E60/><V44/><F33/><T100/><D78/><U3/><E3/><N who="0" m="1033" /><D47/><U42/><E131/><V61/><F44/><T69/><D69/><U73/><E77/><V105/><F76/><T99/><D99/><U55/><E96/><V37/><F37/><T124/><D124/><U56/><E98/><V102/><F71/><T79/><D79/><U128/><E56/><V109/><F61/><T129/><D129/><U45/><E128/><V67/><F67/><T91/><D91/><U32/><E45/><V63/><F63/><T111/><D111/><U75/><E110/><V108/><F108/><T120/><N who="0" m="30752" /><T121/><N who="0" m="31008" /><T52/><D52/><U59/><E55/><V68/><F54/><T51/><D51/><U43/><E32/><V116/><F109/><RYUUKYOKU ba="0,0" sc="349,20,317,-10,384,-10,0,0" hai0="49,50,86,88,95,97,100" /><INIT seed="4,1,0,0,2,100" ten="369,307,374,0" oya="0" hai0="76,102,84,125,58,90,119,132,42,116,72,67,111" hai1="115,101,134,70,135,62,103,109,94,48,44,95,65" hai2="2,46,128,130,98,83,105,88,43,108,117,3,92" hai3="" shuffle="mt19937ar,D4A355AA,23A90281,9D2067B3,42B4AA91,058782BD,271A1627,643CE958,005785A9"/><T37/><D111/><U51/><E109/><V0/><F108/><T77/><D132/><N who="1" m="50731" /><E115/><V86/><F117/><T78/><D72/><U89/><E51/><V68/><F68/><T112/><D112/><U114/><E114/><V97/><F105/><T34/><D34/><U75/><E75/><V55/><F55/><T41/><D125/><U69/><E69/><V73/><F73/><T96/><D37/><U121/><N who="1" m="31008" /><U74/><E74/><V118/><F118/><T80/><D119/><U40/><E95/><V110/><F110/><T81/><D81/><U53/><E53/><V57/><F57/><T50/><D116/><U59/><E59/><V35/><F35/><T104/><REACH who="0" step="1"/><D50/><REACH who="0" step="2"/><U79/><E79/><V54/><F54/><T107/><D107/><U131/><E131/><N who="2" m="50219" /><F83/><T71/><D71/><U120/><N who="1" m="30752" /><U82/><E82/><V85/><F0/><T126/><D126/><U93/><E93/><V61/><F2/><T52/><D52/><U106/><E106/><V38/><F3/><T66/><D66/><U63/><E63/><AGARI ba="1,1" hai="41,42,58,63,67,76,77,78,80,84,90,96,102,104" machi="63" ten="40,3900,0" yaku="1,1,52,1,53,0" doraHai="100" doraHaiUra="124" who="0" fromWho="1" sc="359,51,307,-41,374,0,0,0" /><INIT seed="4,2,0,1,3,0" ten="410,266,374,0" oya="0" hai0="98,103,132,77,119,129,90,49,56,76,61,78,62" hai1="67,1,133,52,112,120,121,91,39,32,124,88,115" hai2="130,64,108,100,102,82,80,53,75,94,122,116,42" hai3="" shuffle="mt19937ar,5580E75D,5248CC72,C9AF8B4E,0E49F727,B7E2723E,B2FABAE3,9A35784A,A7D75EB0"/><T71/><D119/><U81/><E1/><V101/><N who="2" m="31264" /><V69/><F116/><T131/><D132/><U128/><N who="1" m="30752" /><U48/><N who="1" m="31008" /><U111/><E111/><V38/><F108/><T105/><D49/><U59/><E133/><V125/><F125/><T107/><D107/><U54/><E39/><V79/><F130/><T35/><D35/><U97/><E124/><V110/><F110/><T70/><D62/><U84/><E128/><N who="0" m="49225" /><D90/><U113/><E32/><V73/><F53/><AGARI ba="2,0" hai="53,56,61,70,71,76,77,78,98,103,105" m="49225" machi="53" ten="30,1500,0" yaku="19,1" doraHai="0" who="0" fromWho="2" sc="410,19,266,0,374,-19,0,0" /><INIT seed="4,3,0,5,5,73" ten="429,266,355,0" oya="0" hai0="77,112,119,106,1,76,116,124,96,83,104,134,64" hai1="108,81,43,74,63,109,49,42,120,94,66,65,131" hai2="71,129,126,85,103,59,122,121,57,128,82,123,70" hai3="" shuffle="mt19937ar,D6241716,18758875,B0A60B52,7475ECA4,C64AB148,4F096A02,258B1D1B,A93C4BD9"/><T88/><D1/><U37/><N who="1" m="30752" /><U39/><E74/><V68/><F103/><T78/><D64/><N who="1" m="24683" /><E81/><V50/><F126/><T47/><D47/><U80/><E80/><V130/><F50/><T133/><D124/><U40/><E94/><V107/><F107/><N who="0" m="41002" /><D112/><U62/><E131/><V48/><F48/><T98/><D83/><U54/><E49/><V99/><F99/><N who="0" m="37930" /><D88/><AGARI ba="3,0" hai="57,59,68,70,71,82,85,88,121,122,123,128,129,130" machi="88" ten="60,8000,1" yaku="29,2,19,1,54,1" doraHai="73" who="2" fromWho="0" sc="429,-86,266,0,355,86,0,0" /><INIT seed="5,0,0,2,1,32" ten="343,266,441,0" oya="1" hai0="44,55,95,111,110,50,59,69,51,131,89,122,130" hai1="74,128,64,37,48,62,127,49,123,77,113,121,76" hai2="125,86,108,105,36,70,126,88,84,93,46,106,43" hai3="" shuffle="mt19937ar,56122E98,22057D03,E8128661,E2711D2D,02725E58,108CC469,A779C078,8B1ACC2F"/><U38/><N who="1" m="31008" /><U1/><N who="1" m="31520" /><U92/><E1/><V73/><F73/><T2/><N who="0" m="31264" /><T81/><D2/><U107/><E107/><V66/><F108/><T58/><D81/><U56/><E113/><V53/><F53/><T68/><D95/><U101/><E127/><N who="2" m="48651" /><F86/><T118/><D89/><U114/><E114/><V90/><F90/><T33/><D33/><U78/><E74/><V52/><F52/><T63/><D55/><U79/><N who="1" m="19456" /><DORA hai="47" /><U61/><E128/><V87/><F87/><T54/><D54/><U0/><E0/><V129/><F129/><T42/><D44/><U112/><E112/><V41/><F41/><T115/><D115/><U116/><E116/><V96/><F96/><T91/><D91/><U83/><E83/><V124/><F124/><T94/><D42/><U40/><E61/><AGARI ba="0,0" hai="36,43,46,61,66,70,84,88,93,105,106" m="48651" machi="61" ten="30,2000,0" yaku="18,1,54,1" doraHai="32,47" who="2" fromWho="1" sc="343,0,266,-20,441,20,0,0" /><INIT seed="6,0,0,4,4,82" ten="343,246,461,0" oya="2" hai0="74,88,90,100,37,105,44,101,121,128,104,72,60" hai1="113,61,56,69,115,111,50,67,132,53,120,33,63" hai2="129,122,131,35,108,84,98,3,109,70,112,59,75" hai3="" shuffle="mt19937ar,D198C30A,89006B5F,AB89756A,165AC252,099D40F3,C8B6F537,F0FA353B,05A1F6C9"/><V134/><N who="2" m="31264" /><V65/><F70/><T48/><N who="0" m="31008" /><T55/><D128/><N who="2" m="49226" /><F75/><T123/><N who="0" m="31520" /><T119/><D119/><U41/><N who="1" m="30752" /><U40/><E33/><V38/><F38/><T47/><D60/><U58/><E111/><N who="2" m="42571" /><F3/><T68/><D68/><U36/><E132/><V127/><F134/><T78/><D37/><U99/><E99/><V79/><F35/><T102/><D74/><U95/><E95/><V71/><F71/><T42/><D105/><U124/><E124/><V45/><F127/><T125/><D104/><U97/><E97/><V1/><F1/><T39/><D125/><U133/><E133/><V43/><F112/><N who="1" m="43081" /><E36/><V62/><F98/><T57/><D72/><U130/><E130/><V117/><F117/><T92/><D39/><U51/><E51/><V49/><F79/><T2/><D78/><U86/><E86/><AGARI ba="0,0" hai="43,45,49,59,62,65,84,86" m="42571,49226,31264" machi="86" ten="30,12000,1" yaku="19,1,10,1,52,3" doraHai="82" who="2" fromWho="1" sc="343,0,246,-120,461,120,0,0" owari="343,-6,126,-47,581,53,0,0" /></mjloggm>