<mjloggm ver="2.3"><GO type="225"/><UN n0="%E3%83%81%E3%83%A3%E3%82%AA%E3%83%AA" n1="%E5%AF%82%E5%A4%9C%E9%9C%BD%E6%9C%88" n2="%62%61%6B%61%73%65" n3="%E3%83%AA%E3%83%AA%E3%82%A2%E3%83%BC%E3%83%8C" dan="17,16,16,17" rate="2133,2004,2032,2099" sx="M,M,F,F"/><TAIKYOKU oya="0"/><INIT seed="0,0,0,0,5,44" ten="250,250,250,250" oya="0" hai0="58,39,53,131,50,69,111,125,15,107,4,23,95" hai1="0,45,122,10,66,20,79,2,71,32,19,78,38" hai2="17,116,135,1,29,43,70,87,93,83,30,74,57" hai3="92,16,114,41,82,86,34,25,108,35,42,3,54" shuffle="mt19937ar,0C820090,E292B789,843ACBC1,32E3E144,9635799E,D3AB8828,0D4E4856,03BBA400"/><T62/><D107/><U67/><E32/><V109/><F70/><W100/><G3/><T133/><D39/><U84/><E122/><V76/><F1/><W33/><G114/><T120/><D120/><U121/><E121/><V117/><F109/><W127/><G108/><T61/><D111/><U106/><E106/><V7/><F7/><W26/><G127/><T123/><D123/><U91/><E2/><V118/><F135/><W124/><G124/><T77/><D125/><U112/><E112/><V113/><F113/><W90/><G54/><T40/><D133/><U72/><E72/><V65/><F17/><W12/><G100/><T36/><D131/><U105/><E105/><V101/><F43/><W73/><G42/><T75/><D95/><U13/><E71/><V47/><F47/><W24/><G41/><T56/><D69/><U60/><E38/><V119/><F119/><W21/><REACH who="3" step="1"/><G73/><REACH who="3" step="2"/><T55/><D36/><U104/><E0/><V110/><F110/><W9/><G9/><N who="0" m="4519" /><D75/><U115/><E115/><V52/><F65/><W18/><G18/><T31/><D31/><U97/><E67/><V8/><F8/><W99/><G99/><T103/><D103/><N who="1" m="62575" /><E10/><V22/><F101/><W89/><G89/><T51/><D40/><U128/><E128/><V49/><F22/><W46/><G46/><T6/><D23/><U37/><E45/><V96/><F96/><W63/><G63/><T98/><D6/><U14/><E37/><V5/><F5/><W134/><G134/><T80/><D98/><U102/><E102/><V132/><F132/><W81/><AGARI ba="0,1" hai="12,16,21,24,25,26,33,34,35,81,82,86,90,92" machi="81" ten="40,8000,1" yaku="1,1,5,1,0,1,54,1,53,0" doraHai="44" doraHaiUra="48" who="3" fromWho="3" sc="250,-40,250,-20,250,-20,240,90" /><INIT seed="1,0,0,3,0,73" ten="210,230,230,330" oya="1" hai0="95,26,43,86,105,126,91,11,59,70,119,51,20" hai1="79,135,50,133,3,58,48,89,6,85,107,71,16" hai2="13,83,127,102,4,2,55,7,134,132,23,17,76" hai3="22,39,125,118,62,108,57,110,19,46,10,31,18" shuffle="mt19937ar,38287A55,CF71BAEC,2063BE37,11FABA89,BD6F70F1,34D2D51E,812B692B,9A44B124"/><U90/><E71/><V44/><F127/><W120/><G125/><T27/><D126/><U52/><E107/><V61/><F102/><W114/><G120/><T74/><D119/><U54/><E6/><V24/><F2/><W129/><G114/><T103/><D70/><U14/><E3/><V65/><F44/><W12/><G129/><T25/><D74/><U123/><E123/><V45/><F45/><W101/><G101/><T49/><D11/><N who="1" m="6239" /><E133/><N who="2" m="51307" /><F55/><W97/><G97/><N who="0" m="59839" /><D105/><U5/><E5/><V122/><F13/><W9/><G39/><T15/><D43/><U98/><E98/><V33/><F33/><W131/><G131/><T34/><D34/><U69/><E69/><N who="2" m="42159" /><F122/><W56/><G118/><T32/><D32/><U93/><E135/><V40/><F40/><W117/><G117/><T82/><D59/><N who="1" m="33175" /><E93/><V42/><F42/><W124/><G124/><T92/><D92/><U29/><E29/><V115/><F115/><W53/><G31/><T75/><D75/><AGARI ba="0,0" hai="4,7,17,23,24,75,76,83" m="42159,51307" machi="75" ten="30,2000,0" yaku="20,1,52,1" doraHai="73" who="2" fromWho="0" sc="210,-20,230,0,230,20,330,0" /><INIT seed="2,0,0,2,1,32" ten="190,230,250,330" oya="2" hai0="40,102,115,123,0,37,82,6,116,89,71,93,18" hai1="87,109,61,90,113,13,1,52,104,51,70,105,75" hai2="100,117,33,24,36,97,5,35,44,119,69,34,19" hai3="8,88,92,38,130,124,122,66,131,49,20,98,53" shuffle="mt19937ar,80383894,CFBAE376,22159F4A,3DD85867,28077712,18833962,6FB2C67B,406C8036"/><V121/><F121/><W16/><G38/><T81/><D123/><U31/><E75/><V94/><F69/><W30/><G122/><T111/><D71/><U2/><E113/><V72/><F72/><W110/><G110/><T12/><D115/><U84/><E31/><V54/><F5/><W107/><G66/><T68/><D68/><U77/><E77/><V96/><F19/><W10/><G30/><T132/><D111/><U9/><E109/><V4/><F24/><N who="3" m="14343" /><G107/><T80/><D102/><U120/><E120/><V112/><F112/><W63/><G63/><T125/><D125/><U47/><E87/><V55/><F4/><W118/><G118/><T67/><D67/><N who="1" m="41327" /><E105/><V103/><F55/><W11/><G124/><T129/><D132/><U74/><E104/><V21/><F21/><W3/><G3/><T95/><D129/><N who="3" m="49161" /><G11/><T106/><D106/><U85/><E74/><V101/><F101/><W59/><AGARI ba="0,0" hai="8,10,49,53,59,88,92,98" m="49161,14343" machi="59" ten="30,4000,0" yaku="19,1,54,2" doraHai="32" who="3" fromWho="3" sc="190,-10,230,-10,250,-20,330,40" /><INIT seed="3,0,0,5,4,39" ten="180,220,230,370" oya="3" hai0="16,71,95,92,33,20,38,42,21,104,127,115,135" hai1="57,31,91,49,83,131,53,4,64,17,89,120,73" hai2="35,54,18,58,36,94,12,41,45,23,0,86,100" hai3="97,125,126,61,43,30,105,3,13,65,119,111,25" shuffle="mt19937ar,68C86668,ABEEDF61,7E6A04F9,DBA5AA45,86B3F2FE,C2387EB2,932EAB3A,0B0B4538"/><W5/><G3/><T132/><D33/><U129/><E120/><V29/><F0/><W40/><G119/><T74/><D115/><U7/><E31/><V56/><F54/><W96/><G111/><T68/><D104/><U62/><E17/><V79/><F79/><W27/><G13/><N who="0" m="9231" /><D21/><U124/><E124/><V108/><F108/><W121/><G5/><N who="1" m="2122" /><E73/><V113/><F113/><W51/><G51/><T117/><D117/><U8/><E8/><V84/><F35/><N who="3" m="20943" /><G27/><T112/><D112/><U47/><E83/><V118/><F29/><W19/><G19/><T114/><D114/><U122/><E122/><V88/><F118/><W93/><G105/><T81/><D127/><U133/><E133/><N who="0" m="51273" /><D74/><U80/><E80/><V11/><F100/><W48/><G121/><T32/><D32/><U107/><E107/><V103/><F103/><W37/><G37/><T98/><D81/><U22/><E22/><V110/><F110/><W26/><G26/><T14/><D14/><U75/><E75/><V67/><F23/><W2/><G2/><T50/><D38/><U128/><AGARI ba="0,0" hai="47,49,53,57,62,64,89,91,128,129,131" m="2122" machi="128" ten="40,1500,0" yaku="19,1" doraHai="39" who="1" fromWho="1" sc="180,-4,220,15,230,-4,370,-7" owari="176,-22,235,-1,226,-12,363,35" /></mjloggm>