<mjloggm ver="2.3"><GO type="225"/><UN n0="%E5%BE%85%E3%81%A1%E3%81%A8%E3%82%89%E3%81%9A" n1="%23%37%34%E5%A4%A7%E6%B2%BB%E9%83%8E" n2="%E6%A1%9C%E4%BA%95%E3%82%A2%E3%82%BD%E3%82%B3" n3="%EF%BC%88%EF%BC%8A%EF%BC%9E%EF%BC%9C%EF%BC%89" dan="16,16,16,17" rate="2054,2070,2066,2181" sx="M,M,M,F"/><TAIKYOKU oya="0"/><INIT seed="0,0,0,3,4,109" ten="250,250,250,250" oya="0" hai0="58,3,15,88,62,100,26,86,129,25,114,132,17" hai1="135,2,23,28,47,22,102,14,18,35,53,131,10" hai2="77,87,70,93,0,55,65,59,130,37,76,91,6" hai3="40,30,78,56,116,39,103,54,51,8,108,133,32" shuffle="mt19937ar,455B15B1,EC2FDD90,EDE2E61C,66C81FC4,1AB585F5,69666035,A75103AE,9D1F7D2B"/><T7/><D132/><U44/><E102/><V89/><F37/><W57/><G108/><T46/><D129/><U125/><E135/><V123/><F130/><W67/><G116/><T52/><D114/><U68/><E68/><V85/><F123/><W97/><G78/><T119/><D119/><U45/><E131/><V64/><F6/><W27/><G133/><T61/><D100/><U84/><E125/><V95/><F0/><W80/><G80/><T98/><D98/><U34/><E2/><V113/><F113/><W73/><G73/><T36/><D3/><U5/><E84/><V92/><F92/><W112/><G8/><N who="0" m="4511" /><D36/><U111/><E111/><V122/><F122/><W82/><G82/><N who="0" m="49239" /><D46/><U115/><E115/><V124/><F124/><W16/><G112/><T96/><D96/><U38/><E38/><V69/><F69/><W121/><G121/><T72/><D72/><U31/><E35/><V49/><REACH who="2" step="1"/><F70/><REACH who="2" step="2"/><W41/><G39/><T94/><D94/><U63/><E5/><V13/><F13/><W81/><G81/><T104/><D104/><U33/><E14/><V74/><F74/><W12/><G103/><T48/><D25/><U106/><E106/><V79/><AGARI ba="0,1" hai="49,55,59,64,65,76,77,79,85,87,89,91,93,95" machi="79" ten="30,7900,0" yaku="1,1,0,1,9,1,8,1,53,0" doraHai="109" doraHaiUra="127" who="2" fromWho="2" sc="250,-39,250,-20,240,89,250,-20" /><INIT seed="1,0,0,5,1,50" ten="211,230,329,230" oya="1" hai0="117,46,128,27,25,56,59,17,127,61,98,93,85" hai1="79,114,91,32,13,7,131,108,24,18,33,106,45" hai2="55,1,72,73,11,126,115,124,92,111,58,41,76" hai3="71,69,83,4,134,121,113,26,60,54,110,105,62" shuffle="mt19937ar,CBDF5CFB,F01B0A92,AF287ECC,744BC55D,863FC6AE,0A666F84,B5D918F4,1CE7A3C7"/><U34/><E114/><V120/><F115/><W40/><G113/><T15/><D117/><U132/><E106/><V68/><F68/><W135/><G105/><T94/><D128/><U3/><E131/><V80/><F120/><W28/><G4/><T74/><D74/><U0/><E79/><V109/><F73/><W100/><G100/><T97/><D46/><U39/><E91/><V38/><F92/><N who="0" m="35434" /><D85/><U22/><E45/><N who="2" m="23735" /><F11/><W96/><G96/><N who="0" m="36971" /><D127/><N who="2" m="48682" /><F1/><N who="1" m="585" /><E39/><V2/><F2/><W51/><G121/><T29/><D29/><N who="1" m="17559" /><E132/><V125/><F125/><W48/><G40/><T57/><D61/><AGARI ba="0,0" hai="55,58,61,72,76,80,109,111" m="48682,23735" machi="61" ten="30,2000,0" yaku="18,1,52,1" doraHai="50" who="2" fromWho="0" sc="211,-20,230,0,329,20,230,0" /><INIT seed="2,0,0,5,1,58" ten="191,230,349,230" oya="2" hai0="40,116,112,24,31,100,94,91,110,88,59,109,111" hai1="131,48,50,1,62,102,2,115,29,127,37,47,49" hai2="34,99,117,3,39,72,12,101,120,61,87,75,15" hai3="85,122,35,80,121,126,52,51,7,65,97,84,86" shuffle="mt19937ar,ABB02072,DA57A5C8,DE849B2B,85387031,83188881,10B7DB7E,5E518843,64DAD817"/><V42/><F3/><W130/><G35/><T21/><D112/><U118/><E115/><V68/><F34/><W38/><G38/><T30/><D40/><U81/><E118/><V0/><F117/><W45/><G126/><T78/><D116/><U13/><E127/><V69/><F0/><W57/><G130/><T33/><D78/><U92/><E131/><V28/><F28/><W132/><G7/><T60/><D31/><U107/><E107/><V5/><F69/><W96/><G132/><T4/><D4/><U64/><E29/><V63/><F68/><W11/><G11/><T53/><D33/><U134/><E134/><V103/><F42/><W105/><G105/><T36/><D36/><U76/><E13/><V135/><F39/><W66/><G80/><T74/><D74/><U16/><E16/><V83/><F83/><W119/><G119/><T114/><D114/><U95/><E37/><V104/><F104/><W93/><G45/><T44/><D44/><U27/><E27/><V67/><F120/><W77/><G77/><T14/><D14/><U20/><E20/><V71/><F75/><W26/><G26/><T25/><D24/><U90/><E47/><V123/><F72/><W17/><G17/><T10/><D10/><U9/><E9/><V22/><F15/><W32/><G32/><T6/><D6/><U8/><E8/><V82/><F12/><W125/><G125/><T113/><D113/><U23/><E23/><V108/><F5/><W98/><REACH who="3" step="1"/><G93/><REACH who="3" step="2"/><T46/><D46/><U70/><E95/><N who="2" m="58623" /><F135/><W18/><G18/><T19/><D19/><RYUUKYOKU ba="0,1" sc="191,15,230,-15,349,-15,220,15" hai0="21,25,30,53,59,60,88,91,94,100,109,110,111" hai3="51,52,57,65,66,84,85,86,96,97,98,121,122" /><INIT seed="3,1,1,5,1,80" ten="206,215,334,235" oya="3" hai0="93,87,89,131,85,43,21,90,34,3,35,7,13" hai1="38,64,128,68,117,32,111,53,45,57,99,75,50" hai2="52,65,9,121,4,18,130,129,114,98,109,16,69" hai3="126,60,42,92,26,105,107,22,30,101,110,135,112" shuffle="mt19937ar,B34F7E9B,54C4E47F,AF77BBF7,D1F357A1,60A8BD98,6C65EAC1,CF9EB44A,024BFF70"/><W79/><G42/><T29/><D131/><U19/><E75/><V59/><F114/><W70/><G112/><T96/><D3/><U12/><E32/><V49/><F121/><W33/><G79/><T81/><D43/><N who="1" m="22775" /><E128/><N who="2" m="49259" /><F109/><W106/><G110/><T36/><D36/><U91/><E111/><V55/><F55/><W5/><G5/><T41/><D41/><U39/><E39/><V56/><F56/><W2/><G2/><T71/><D71/><U40/><E40/><V115/><F115/><W31/><G92/><T74/><D74/><U127/><E127/><V15/><F98/><N who="3" m="61623" /><G126/><T73/><D73/><U48/><E48/><V78/><F78/><W14/><G135/><T97/><D34/><U76/><E76/><V86/><F86/><W95/><G95/><T46/><D46/><U58/><E58/><V62/><AGARI ba="1,1" hai="4,9,15,16,18,49,52,59,62,65,69" m="49259" machi="62" ten="30,4000,0" yaku="19,1,54,2" doraHai="80" who="2" fromWho="2" sc="206,-11,215,-11,334,53,235,-21" owari="195,-20,204,-15,387,39,214,-4" /></mjloggm>