<mjloggm ver="2.3"><GO type="225"/><UN n0="%E5%85%AD%E5%88%86%E5%84%80" n1="%45%56%41%4E%53%49%55" n2="%62%61%6B%61%73%65" n3="%E8%80%81%E9%A6%AC" dan="18,16,16,16" rate="2139,2059,2021,2009" sx="F,M,F,M"/><TAIKYOKU oya="0"/><INIT seed="0,0,0,0,2,31" ten="250,250,250,250" oya="0" hai0="68,22,12,131,93,55,34,33,69,94,60,9,124" hai1="18,88,87,25,4,43,65,51,8,81,58,74,110" hai2="118,116,89,7,56,102,103,113,125,40,57,115,46" hai3="49,95,5,98,130,101,75,48,30,99,3,84,42" shuffle="mt19937ar,71ACB146,DA5C9082,EB4F0A42,C3839095,A5868B69,ED331D4B,BFE8EBCB,DB7A55CE"/><T66/><D69/><U14/><E110/><V128/><F7/><W90/><G75/><T92/><D124/><U0/><E74/><V44/><F40/><W16/><G130/><T32/><D131/><U133/><E133/><V108/><F128/><W37/><G30/><T20/><REACH who="0" step="1"/><D55/><REACH who="0" step="2"/><U10/><E65/><V64/><F64/><W132/><G132/><T47/><D47/><U39/><E39/><V61/><F125/><W2/><G37/><T26/><D26/><U52/><REACH who="1" step="1"/><E25/><REACH who="1" step="2"/><V117/><F117/><W79/><G3/><T21/><D21/><U127/><E127/><V36/><F36/><W122/><G2/><T50/><D50/><U114/><E114/><V11/><F118/><W120/><G49/><T15/><D15/><U27/><E27/><V106/><F116/><W97/><G48/><T126/><D126/><U78/><E78/><V35/><F115/><W41/><G79/><T109/><D109/><U28/><E28/><V6/><F108/><W82/><G122/><T38/><D38/><U67/><E67/><V23/><F113/><W59/><G120/><T111/><D111/><U1/><E1/><V80/><F46/><W77/><G77/><T107/><D107/><U100/><E100/><V17/><F44/><W123/><G123/><T86/><D86/><U135/><E135/><V72/><F103/><W112/><G112/><T119/><D119/><U13/><E13/><V62/><F102/><W71/><G84/><T121/><D121/><U73/><E73/><V129/><F72/><W91/><G101/><T53/><D53/><U83/><E83/><RYUUKYOKU ba="0,2" sc="240,15,240,15,250,-15,250,-15" hai0="9,12,20,22,32,33,34,60,66,68,92,93,94" hai1="0,4,8,10,14,18,43,51,52,58,81,87,88" /><INIT seed="0,1,2,5,5,85" ten="255,255,235,235" oya="0" hai0="20,121,9,56,87,11,6,41,107,116,36,106,14" hai1="32,125,62,89,8,86,135,63,114,104,109,102,108" hai2="84,22,80,38,43,100,95,42,19,81,4,59,21" hai3="58,30,78,82,12,88,91,68,39,101,128,52,118" shuffle="mt19937ar,D4B5E48E,95804605,17BAD34B,7577CB1A,D70005AA,2F43F66E,372F685F,20B67B21"/><T26/><D116/><U61/><E125/><V45/><F4/><W122/><G118/><T40/><D121/><U83/><E135/><V115/><F115/><W64/><G39/><T60/><D11/><U105/><E114/><V120/><F120/><W54/><G122/><T66/><D36/><U79/><E32/><V48/><F38/><W37/><G37/><T28/><REACH who="0" step="1"/><D87/><REACH who="0" step="2"/><N who="1" m="48639" /><E8/><V47/><F84/><W117/><G117/><T33/><D33/><U127/><E127/><V99/><F22/><W25/><G128/><T72/><D72/><U119/><E119/><V35/><F35/><W46/><G46/><T70/><D70/><U98/><E105/><AGARI ba="1,3" hai="6,9,14,20,26,28,40,41,56,60,66,105,106,107" machi="105" ten="40,2000,0" yaku="1,1,53,0" doraHai="85" doraHaiUra="130" who="0" fromWho="1" sc="245,53,255,-23,235,0,235,0" /><INIT seed="0,2,0,1,1,119" ten="298,232,235,235" oya="0" hai0="83,126,113,41,59,82,118,23,92,103,26,76,35" hai1="11,96,17,31,85,5,1,48,80,29,57,33,66" hai2="0,63,61,10,112,95,89,65,107,73,27,104,28" hai3="120,115,81,130,133,114,60,4,128,98,111,42,129" shuffle="mt19937ar,490F95A9,ED891F4B,21A4FD1F,3DF8AB91,6CC3826E,4C28EAF7,8F9FB78F,CD0F53AA"/><T121/><D118/><U8/><E33/><V9/><F73/><W56/><G111/><T6/><D113/><N who="3" m="43017" /><G4/><T71/><D71/><U102/><E11/><V39/><F39/><W16/><G133/><T34/><D6/><U25/><E17/><V125/><F112/><W90/><G42/><T52/><D41/><U51/><E25/><V3/><F27/><W74/><G74/><T64/><D126/><U36/><E36/><V94/><F89/><W45/><G45/><T99/><D64/><U79/><E51/><V116/><F116/><W109/><G109/><T15/><D15/><U124/><E124/><V38/><F38/><W97/><G120/><T131/><D121/><U69/><E69/><V62/><F125/><W87/><G16/><T12/><D12/><U101/><E101/><V46/><F28/><W132/><G132/><T105/><D105/><N who="2" m="40522" /><F46/><W86/><G86/><T84/><D83/><U50/><E50/><V40/><F65/><AGARI ba="2,0" hai="56,60,65,81,87,90,97,98,128,129,130" m="43017" machi="65" ten="40,1300,0" yaku="19,1" doraHai="119" who="3" fromWho="2" sc="298,0,232,0,235,-19,235,19" /><INIT seed="1,0,0,4,5,25" ten="298,232,216,254" oya="1" hai0="62,27,23,116,119,130,60,39,52,49,133,48,68" hai1="129,90,51,64,28,91,36,4,96,126,120,92,40" hai2="57,113,54,107,111,102,61,12,131,29,74,121,118" hai3="115,100,101,85,59,30,47,17,14,0,93,87,21" shuffle="mt19937ar,AA9F6859,AE238E7F,A03CF359,1976EDE8,21F6967C,050C671A,7AD9F273,E7169FC6"/><U34/><E120/><V46/><F121/><W3/><G115/><T134/><D39/><U37/><E126/><V117/><F74/><W2/><G47/><T104/><D104/><U112/><E112/><V45/><F113/><W35/><G59/><N who="0" m="34919" /><D130/><U81/><E129/><V16/><F131/><W31/><G35/><T24/><D24/><U135/><E135/><N who="0" m="51721" /><D23/><U9/><E64/><V33/><F111/><W50/><G50/><N who="0" m="19563" /><D27/><U89/><E81/><V69/><F107/><W1/><G1/><T19/><D19/><U94/><E34/><V8/><F102/><W78/><G101/><T125/><D125/><U105/><E105/><V132/><F132/><W42/><G100/><T58/><D68/><U79/><E79/><V98/><F69/><W22/><G22/><T114/><D114/><U38/><E28/><V41/><F29/><W5/><G5/><T63/><D63/><U122/><E122/><V26/><F26/><W95/><G78/><T72/><D72/><U108/><E108/><V80/><F33/><W55/><G93/><T97/><D97/><U83/><E83/><V13/><F98/><W53/><G95/><T20/><D20/><U71/><E71/><V67/><F80/><W88/><G21/><T43/><D43/><U44/><REACH who="1" step="1"/><E96/><REACH who="1" step="2"/><V127/><F127/><W6/><G31/><T56/><D56/><U106/><E106/><V11/><F46/><W84/><G30/><T75/><D75/><U65/><E65/><AGARI ba="0,1" hai="58,62,65,116,119" m="19563,51721,34919" machi="65" ten="30,7700,0" yaku="20,1,34,2,54,1" doraHai="25" who="0" fromWho="1" sc="298,87,222,-77,216,0,254,0" /><INIT seed="2,0,0,3,0,25" ten="385,145,216,254" oya="2" hai0="126,94,73,24,21,12,83,63,87,100,84,91,103" hai1="78,62,119,49,13,27,44,88,111,132,135,124,80" hai2="123,116,33,129,56,22,86,1,16,39,38,59,107" hai3="14,125,99,122,108,55,30,76,104,131,58,4,15" shuffle="mt19937ar,DB8CE380,F0EA47F9,FCF689B2,F2C97570,BFCCD01B,318BC404,6BF33827,F5E4FB4D"/><V7/><F123/><W29/><G122/><T71/><D73/><U82/><E119/><V43/><F116/><W8/><G108/><T23/><D126/><U95/><E111/><V10/><F107/><W74/><G131/><T93/><D71/><U54/><E124/><V106/><F106/><W133/><G125/><T112/><D63/><U67/><E13/><V47/><F129/><W36/><G36/><T79/><D112/><U57/><E27/><V6/><F39/><W113/><G133/><T110/><D110/><U69/><E78/><V42/><F42/><W118/><G118/><T52/><D94/><U115/><E115/><V66/><F33/><W20/><G113/><T18/><D52/><U75/><E75/><V65/><F7/><W53/><G74/><T40/><D40/><U28/><E28/><AGARI ba="0,0" hai="12,18,21,23,24,28,79,83,84,87,91,93,100,103" machi="28" ten="30,3900,0" yaku="7,1,8,1,52,1" doraHai="25" who="0" fromWho="1" sc="385,39,145,-39,216,0,254,0" /><INIT seed="3,0,0,0,4,110" ten="424,106,216,254" oya="3" hai0="56,29,50,79,87,125,100,43,99,82,104,105,42" hai1="37,6,73,53,16,70,109,54,91,3,23,132,123" hai2="12,35,128,15,59,96,122,17,24,135,85,10,114" hai3="36,5,61,98,45,97,28,48,81,113,92,102,38" shuffle="mt19937ar,05B39611,343F24F6,8D379C16,7F70B74B,805A61BF,C8B81272,F6DD700C,71039E38"/><W83/><G28/><T21/><D105/><U55/><E91/><V9/><F135/><W27/><G27/><T106/><D106/><U52/><N who="1" m="13312" /><DORA hai="25" /><U60/><E123/><V26/><F122/><W78/><G113/><T72/><D56/><U80/><E132/><V77/><F128/><W121/><G121/><T117/><D117/><U111/><E37/><V58/><F96/><W120/><G120/><T130/><D130/><U88/><E6/><V134/><F134/><W116/><G116/><T68/><D68/><U30/><E3/><V11/><F114/><W7/><G38/><T127/><D50/><U90/><E30/><V69/><F69/><W95/><G36/><T41/><D29/><U112/><E112/><V40/><F40/><N who="3" m="24615" /><G61/><T47/><D47/><U0/><E0/><V94/><F35/><W62/><G62/><T101/><D101/><U89/><E80/><N who="3" m="30794" /><G78/><T108/><D72/><U44/><E44/><V64/><F64/><W93/><G93/><T49/><D49/><U39/><E39/><V33/><F33/><W2/><G2/><T4/><D43/><U31/><E31/><V34/><F34/><W19/><G19/><T51/><D51/><U131/><E73/><V57/><F17/><W86/><G86/><T46/><D42/><U18/><E131/><V124/><F77/><W1/><G1/><T74/><D46/><U67/><REACH who="1" step="1"/><E18/><REACH who="1" step="2"/><V63/><F63/><W129/><G129/><T14/><D74/><U126/><E126/><V75/><F124/><W118/><G7/><T115/><D4/><U20/><E20/><V13/><F75/><RYUUKYOKU ba="0,1" sc="424,-15,96,15,216,15,254,-15" hai1="16,23,60,67,70,88,89,90,109,111" hai2="9,10,11,12,13,15,24,26,57,58,59,85,94" owari="419,42,111,-29,231,-12,239,-1" /></mjloggm>