<mjloggm ver="2.3"><GO type="185"/><UN n0="%E3%81%AA%E3%83%BC%E3%81%8B%E3%82%80" n1="%E3%81%B5%E3%81%8F%EF%BC%A3%EF%BD%88%EF%BD%81%EF%BD%8E%E2%99%AA" n2="%E5%BD%A2%E5%B1%B1" n3="" dan="16,16,16,0" rate="2099,2165,2092,1500" sx="M,F,M,C"/><TAIKYOKU oya="0"/><INIT seed="0,0,0,5,0,43" ten="350,350,350,0" oya="0" hai0="48,92,52,114,51,98,118,35,42,73,119,108,76" hai1="33,45,46,82,32,60,100,41,54,120,74,130,91" hai2="102,104,90,53,88,3,66,34,62,135,87,99,40" hai3="" shuffle="mt19937ar,097F80DC,024A988B,BF2FB3DB,3048C3F7,411FE743,AE7AFB5B,A6150B35,E9E18E15"/><T131/><D114/><U49/><N who="1" m="30752" /><U67/><E130/><V70/><F34/><T39/><D131/><U103/><E32/><V128/><F128/><T80/><D35/><U101/><E33/><V107/><F3/><T132/><D132/><U55/><E74/><V123/><N who="2" m="31520" /><V115/><F135/><T72/><D72/><U65/><E65/><V133/><F133/><T122/><N who="0" m="31264" /><T63/><D63/><U86/><REACH who="1" step="1"/><E45/><REACH who="1" step="2"/><V57/><F115/><T111/><D119/><U71/><AGARI ba="0,1" hai="41,46,49,54,55,60,67,71,82,86,91,100,101,103" m="30752" machi="71" ten="30,6000,1" yaku="1,1,2,1,0,1,52,2,53,0" doraHai="43" doraHaiUra="126" who="1" fromWho="1" sc="350,-40,340,70,350,-20,0,0" /><INIT seed="1,0,0,2,1,81" ten="310,410,330,0" oya="1" hai0="127,121,57,80,73,74,113,106,62,63,36,116,111" hai1="75,33,107,60,108,122,59,93,109,88,66,72,126" hai2="76,112,118,86,39,49,94,90,3,46,115,41,125" hai3="" shuffle="mt19937ar,8874C960,DF06C0DC,7519812F,6C9CF7E0,ED70D28A,062A2AAD,1B8E2B6E,DF552BC4"/><U105/><N who="1" m="31264" /><U100/><E33/><V67/><F3/><T129/><N who="0" m="31008" /><T77/><D106/><U82/><E126/><V32/><F32/><T119/><D36/><U54/><E105/><V79/><F125/><T114/><D127/><U53/><E100/><V2/><F2/><T47/><D47/><U104/><E104/><V84/><F67/><T61/><D129/><U134/><E107/><V103/><F103/><T51/><D111/><N who="1" m="42571" /><E134/><V42/><F118/><N who="0" m="45098" /><D73/><N who="1" m="28235" /><E82/><V99/><F42/><T97/><D97/><AGARI ba="0,0" hai="53,54,59,60,66,88,93,97" m="28235,42571,31264" machi="97" ten="30,11600,0" yaku="14,1,10,1,52,1,54,1" doraHai="81" who="1" fromWho="0" sc="310,-116,410,116,330,0,0,0" /><INIT seed="1,1,0,3,2,111" ten="194,526,330,0" oya="1" hai0="57,83,62,36,80,74,42,91,124,0,113,43,48" hai1="73,68,40,116,3,133,55,1,115,89,110,32,119" hai2="125,64,77,49,63,71,120,114,41,34,58,59,122" hai3="" shuffle="mt19937ar,556191E7,DC49594F,9D06BDB3,8DA39C83,209A853B,1411A94A,88751391,A570E898"/><U94/><E32/><V100/><N who="2" m="30752" /><V46/><N who="2" m="31264" /><V47/><F34/><T127/><D36/><U105/><E68/><V2/><F2/><T67/><D0/><U106/><E55/><V95/><F125/><T101/><D101/><U44/><E1/><V134/><F134/><T98/><D80/><U93/><E44/><V66/><F77/><T79/><D98/><U51/><E51/><V97/><F64/><T75/><D75/><U99/><E40/><V33/><F33/><T53/><D91/><U132/><E3/><V109/><F109/><T128/><D128/><U52/><E52/><V131/><F131/><T81/><D81/><U85/><E110/><V38/><F114/><T82/><D82/><U69/><E73/><V104/><F95/><T39/><D113/><U61/><E115/><V129/><F129/><T130/><D130/><U37/><E133/><V118/><F118/><T90/><D39/><U103/><E37/><V54/><AGARI ba="1,0" hai="38,41,46,47,49,54,58,59,63,66,71,97,100,104" m="31264,30752" machi="54" ten="20,3900,0" yaku="0,1,7,1,52,2" doraHai="111" who="2" fromWho="2" sc="194,-14,526,-27,330,41,0,0" /><INIT seed="2,0,0,1,1,108" ten="180,499,371,0" oya="2" hai0="44,126,103,72,59,39,95,107,85,128,110,73,134" hai1="131,97,33,55,38,47,118,34,115,116,90,117,52" hai2="49,71,132,51,109,80,35,88,37,68,56,76,133" hai3="" shuffle="mt19937ar,C369A365,981ED956,B1EB2059,E0F8ABCE,940AFA17,385F46B8,E86DED69,BA47C631"/><V62/><F37/><T48/><D59/><U70/><E115/><V0/><F0/><T102/><D48/><U32/><E131/><V86/><F35/><T2/><D44/><U112/><E112/><V42/><F109/><T114/><D85/><U58/><E70/><V83/><F71/><T91/><D95/><U41/><E58/><V98/><F68/><T46/><D46/><U60/><E60/><V82/><F98/><T65/><D65/><U121/><N who="1" m="31008" /><U74/><E74/><V69/><F69/><T101/><D39/><U78/><E78/><V84/><F83/><T96/><D2/><U61/><E61/><V79/><F79/><T124/><D110/><U3/><E3/><V100/><F100/><N who="0" m="38506" /><D114/><U81/><E97/><V87/><F87/><AGARI ba="0,0" hai="32,33,34,38,41,47,52,55,81,87,90,116,117,118" m="31008" machi="87" ten="50,6400,0" yaku="12,1,52,1,54,1" doraHai="108" who="1" fromWho="2" sc="180,0,499,64,371,-64,0,0" /><INIT seed="4,0,0,4,0,128" ten="180,563,307,0" oya="0" hai0="70,77,115,60,64,83,74,32,131,45,44,91,119" hai1="69,2,117,36,85,125,41,58,99,132,86,127,37" hai2="94,49,120,50,53,113,124,90,73,102,76,108,89" hai3="" shuffle="mt19937ar,B08FBB20,44D8A3E6,0E97D672,3A5BC504,6770A96D,955AE4E3,6D2C4FF7,93402306"/><T35/><D119/><U87/><E69/><V71/><N who="2" m="30752" /><V100/><F71/><T43/><D131/><U52/><E117/><V59/><F108/><T54/><D115/><U126/><E2/><V61/><F113/><T106/><D91/><U75/><E75/><V63/><F124/><T134/><D106/><U67/><E67/><V121/><N who="2" m="31008" /><V107/><F90/><T56/><D134/><U79/><E79/><V88/><F89/><T78/><D78/><U110/><E110/><V82/><F50/><T93/><D93/><U38/><E99/><V95/><F95/><T129/><D129/><U66/><E66/><V103/><REACH who="2" step="1"/><F107/><REACH who="2" step="2"/><T51/><REACH who="0" step="1"/><D45/><REACH who="0" step="2"/><U92/><E92/><V1/><F1/><T40/><D40/><U81/><E41/><V104/><F104/><T72/><D72/><U62/><E132/><V0/><F0/><T101/><D101/><U55/><E81/><V80/><F80/><T123/><N who="0" m="31520" /><T34/><D34/><U33/><E33/><V68/><F68/><T3/><D3/><U98/><E127/><V47/><F47/><T109/><D109/><U114/><E126/><V116/><F116/><T46/><D46/><U135/><E135/><V130/><F130/><T122/><D122/><RYUUKYOKU ba="0,2" sc="170,10,563,-20,297,10,0,0" hai0="32,35,43,44,51,54,56,60,64,70,74,77,83" hai2="49,53,59,61,63,73,76,82,88,94,100,102,103" /><INIT seed="4,1,2,4,3,121" ten="180,543,307,0" oya="0" hai0="57,59,34,50,58,85,49,41,54,112,98,101,110" hai1="96,88,51,68,67,100,77,56,64,72,92,40,43" hai2="130,82,104,69,39,109,105,0,63,44,71,87,116" hai3="" shuffle="mt19937ar,CBF6EAE7,A31DD6BB,3D2FCA0C,6A26ACC6,63B4DB7C,46DE8BC4,713BA6BB,16A597EE"/><T106/><D34/><U97/><E68/><V1/><F109/><T2/><D2/><U86/><E97/><V119/><F130/><T83/><D112/><U111/><E111/><V84/><F44/><T125/><D125/><U103/><E103/><V108/><F39/><T32/><D32/><U46/><E43/><V47/><F47/><T38/><D38/><U113/><E113/><V78/><F108/><T66/><D66/><U135/><E56/><V62/><F82/><T129/><D129/><U75/><E75/><V107/><F107/><T89/><REACH who="0" step="1"/><D110/><REACH who="0" step="2"/><U73/><E67/><V124/><REACH who="2" step="1"/><F78/><REACH who="2" step="2"/><T127/><D127/><AGARI ba="1,4" hai="0,1,62,63,69,71,84,87,104,105,116,119,124,127" machi="127" ten="25,12000,2" yaku="1,1,2,1,22,2,53,2" doraHai="121" doraHaiUra="133" who="2" fromWho="0" sc="170,-122,543,0,297,162,0,0" /><INIT seed="5,0,0,5,5,73" ten="48,543,459,0" oya="1" hai0="129,105,99,114,78,121,112,88,98,34,111,94,0" hai1="56,75,91,52,53,128,1,133,60,55,39,64,95" hai2="37,102,70,44,57,63,96,47,93,134,43,46,51" hai3="" shuffle="mt19937ar,5945A3D1,E361C7DB,2FCA38E5,730265D6,6EC1A600,15B18AE3,B8DE06AC,7134D59C"/><U35/><E35/><V122/><N who="2" m="31264" /><V38/><F134/><T72/><N who="0" m="31008" /><T135/><D0/><U116/><E1/><V106/><F70/><T84/><D34/><U110/><E116/><V33/><F33/><T67/><D67/><U58/><E133/><V42/><F46/><T59/><D59/><U113/><E110/><V41/><F106/><T65/><D65/><U120/><N who="1" m="30752" /><U3/><E3/><V131/><F131/><T62/><D62/><U2/><E2/><V101/><F101/><T97/><D111/><U89/><E75/><V82/><F82/><T132/><D129/><U49/><E39/><V54/><F43/><T66/><D66/><U77/><E128/><V68/><F68/><T119/><D119/><U108/><E108/><V104/><F104/><T40/><D40/><U124/><E91/><V76/><F76/><T83/><D105/><U92/><E58/><V103/><F103/><T107/><D107/><U123/><N who="1" m="31520" /><U48/><E49/><AGARI ba="0,0" hai="37,38,41,42,44,47,49,51,54,57,63,93,96,102" m="31264" machi="49" ten="30,3900,0" yaku="7,1,9,1,52,1" doraHai="73" who="2" fromWho="1" sc="48,0,543,-39,459,39,0,0" /><INIT seed="6,0,0,1,5,3" ten="48,504,498,0" oya="2" hai0="88,84,86,117,116,107,81,89,69,37,39,79,41" hai1="54,33,124,48,112,56,129,128,94,74,68,58,104" hai2="42,90,51,121,130,72,120,105,34,82,49,93,114" hai3="" shuffle="mt19937ar,A8B604D5,F106D733,81CE185C,1A6D1703,BBD99837,1356E0B1,F8C151EF,037FEB4A"/><V92/><N who="2" m="30752" /><V43/><N who="2" m="31008" /><V76/><F105/><T106/><D41/><U102/><E33/><V91/><F34/><T100/><D100/><U108/><E108/><V65/><F114/><T135/><D79/><U35/><E35/><V126/><F130/><N who="1" m="50281" /><E112/><V2/><F126/><T103/><D103/><U44/><E124/><V63/><F2/><T134/><D69/><U62/><E74/><V60/><F72/><T109/><D81/><U83/><E83/><V46/><F82/><T115/><D115/><U47/><E68/><V101/><F76/><T119/><D109/><U67/><E104/><V80/><F80/><T36/><D107/><U113/><E113/><V133/><F101/><T53/><D53/><U64/><E67/><V71/><F133/><T122/><N who="0" m="31264" /><T0/><D0/><U50/><E48/><V32/><F32/><T127/><D127/><U123/><N who="1" m="31520" /><U125/><E125/><V98/><F63/><T118/><N who="0" m="30208" /><DORA hai="97" /><T85/><REACH who="0" step="1"/><D106/><REACH who="0" step="2"/><U40/><E40/><V95/><F91/><AGARI ba="0,1" hai="36,37,39,84,85,86,88,89,91,134,135" m="30208,31264" machi="91" ten="80,32000,5" yaku="1,1,2,1,29,2,28,2,52,1,54,1,53,6" doraHai="3,97" doraHaiUra="70,87" who="0" fromWho="2" sc="38,330,504,0,498,-320,0,0" owari="368,-3,504,45,178,-42,0,0" /></mjloggm>