<mjloggm ver="2.3"><GO type="225"/><UN n0="%E5%85%AD%E5%88%86%E5%84%80" n1="%E3%81%BF%E3%81%A3%E3%81%A4%E3%81%83%EF%BD%9E" n2="%E9%9B%AA%E5%9B%BD%E8%82%B2%E3%81%A1" n3="%EF%BC%88%EF%BC%8A%EF%BC%9E%EF%BC%9C%EF%BC%89" dan="18,17,17,17" rate="2158,2154,2174,2166" sx="F,F,M,F"/><TAIKYOKU oya="0"/><INIT seed="0,0,0,3,2,116" ten="250,250,250,250" oya="0" hai0="95,114,9,130,40,60,123,91,34,49,55,33,51" hai1="3,69,42,108,77,68,129,54,53,64,101,79,80" hai2="0,26,41,50,92,72,120,47,102,35,71,63,111" hai3="117,131,39,119,73,94,45,2,85,113,82,23,24" shuffle="mt19937ar,2872A693,183EFB52,9DE95560,5321E462,84A5A216,EE2CE6C9,1D7A475A,0396189E"/><T1/><D114/><U38/><E3/><V115/><F0/><W61/><G113/><T29/><D130/><U97/><E129/><V19/><F115/><W11/><G131/><T74/><D74/><U12/><E79/><V66/><F72/><W6/><G61/><T132/><D132/><U48/><E38/><V8/><F111/><W7/><G7/><T118/><D118/><U67/><E108/><V81/><F81/><W17/><G94/><T31/><D34/><U32/><E32/><V65/><F65/><W96/><G96/><T30/><D33/><U58/><E53/><V20/><F8/><W10/><G10/><T135/><D135/><U110/><E42/><V105/><F35/><W16/><G17/><T62/><D40/><U37/><E37/><V75/><F75/><W18/><G18/><T76/><D76/><U59/><E12/><V99/><REACH who="2" step="1"/><F120/><REACH who="2" step="2"/><W89/><G73/><T36/><D123/><U25/><E110/><V28/><F28/><W83/><G82/><T125/><D1/><U88/><E67/><V133/><F133/><W127/><G117/><T44/><D9/><U78/><E80/><V56/><F56/><W46/><G119/><T52/><D125/><U90/><E59/><V84/><F84/><W126/><G39/><T86/><D36/><U112/><E58/><AGARI ba="0,1" hai="29,30,31,44,49,51,52,55,58,60,62,86,91,95" machi="58" ten="40,3900,0" yaku="8,1,54,1" doraHai="116" who="0" fromWho="1" sc="250,49,250,-39,240,0,250,0" /><INIT seed="0,1,0,3,1,68" ten="299,211,240,250" oya="0" hai0="42,129,65,31,126,100,86,46,132,91,28,2,23" hai1="15,41,35,60,7,56,24,118,75,66,112,44,90" hai2="114,104,92,61,18,80,45,122,72,12,87,0,110" hai3="63,98,16,81,74,50,59,58,34,20,13,25,51" shuffle="mt19937ar,825F1203,1E62C053,9D7CAFC9,D484FF85,64B98843,9ED45639,950EBEF1,C782397D"/><T115/><D115/><U135/><E75/><V133/><F104/><W5/><G98/><T105/><D2/><U43/><E118/><V36/><F0/><W123/><G123/><T108/><D129/><U93/><E112/><V109/><F122/><W102/><G102/><T73/><D73/><U47/><E35/><V62/><F114/><W131/><G131/><T64/><D132/><U95/><E24/><V3/><F3/><W48/><G63/><T117/><D117/><U30/><E30/><V1/><F1/><W27/><G27/><T71/><D126/><U130/><E135/><V26/><F26/><W17/><G5/><T57/><D71/><U88/><E130/><V119/><F92/><N who="1" m="35401" /><E47/><V97/><F72/><W55/><G55/><T79/><D31/><U127/><E127/><V85/><F97/><W103/><G103/><T99/><D28/><U121/><E121/><V89/><F87/><W67/><G34/><T101/><D101/><U52/><E66/><V49/><F119/><W10/><REACH who="3" step="1"/><G67/><REACH who="3" step="2"/><T6/><D65/><U19/><E7/><V107/><F133/><W113/><G113/><T128/><D64/><U120/><E120/><V76/><F107/><W83/><G83/><T9/><D6/><U33/><E33/><V82/><F82/><W29/><G29/><T39/><D100/><U40/><E44/><V11/><F80/><W8/><G8/><AGARI ba="1,1" hai="8,15,19,40,41,43,52,56,60,88,90" m="35401" machi="8" ten="30,3900,0" yaku="8,1,54,2" doraHai="68" who="1" fromWho="3" sc="299,0,211,52,240,0,240,-42" /><INIT seed="1,0,0,2,5,50" ten="299,263,240,198" oya="1" hai0="66,96,123,64,31,42,47,49,125,109,116,108,48" hai1="91,55,41,132,51,76,36,99,92,111,25,16,68" hai2="60,21,101,73,134,93,34,37,133,102,106,113,39" hai3="130,71,85,61,38,94,81,98,2,44,35,9,62" shuffle="mt19937ar,6A0F8DDB,9D4D9E6C,8F613D61,BD5731F4,F6FB7D1D,F40B765C,7E456CBB,3F129DC6"/><U29/><E68/><V107/><F34/><W19/><G35/><T54/><D31/><U5/><E36/><N who="2" m="13899" /><F73/><W14/><G2/><T27/><D116/><U65/><E5/><V118/><F21/><W45/><G130/><T95/><D27/><U86/><E41/><V78/><F78/><W63/><G71/><T11/><D125/><U56/><E65/><N who="0" m="25193" /><D11/><U57/><E29/><V4/><F4/><W124/><G124/><T97/><D95/><U7/><E7/><V129/><F93/><W87/><G38/><T112/><D123/><U103/><E76/><V43/><F43/><W12/><G12/><T72/><D72/><U24/><E111/><N who="0" m="42569" /><D112/><U100/><E132/><V121/><F118/><W80/><G80/><T30/><D30/><U88/><E57/><AGARI ba="0,0" hai="42,47,48,49,54,57,96,97" m="42569,25193" machi="57" ten="30,2000,0" yaku="14,1,52,1" doraHai="50" who="0" fromWho="1" sc="299,20,263,-20,240,0,198,0" /><INIT seed="2,0,0,5,1,42" ten="319,243,240,198" oya="2" hai0="95,4,105,132,128,108,53,46,67,85,93,55,99" hai1="30,102,82,51,54,16,35,133,40,127,97,59,56" hai2="116,15,20,65,106,114,68,29,66,109,123,22,118" hai3="17,80,112,26,71,72,27,121,45,110,5,52,111" shuffle="mt19937ar,7B9BFC6F,D5CED1F3,16E63613,FF7BA936,163EB631,9A1E104F,873BB2B3,60E0A050"/><V124/><F123/><W83/><G71/><T134/><D108/><N who="3" m="41513" /><G121/><T119/><D128/><U79/><E133/><N who="0" m="51305" /><D119/><U77/><E127/><V32/><F109/><W75/><G112/><T0/><D67/><U104/><E40/><V78/><F114/><W48/><G5/><T19/><D19/><U37/><E37/><V39/><F39/><W122/><G122/><T49/><D85/><U101/><E35/><V125/><F106/><W113/><G113/><T23/><D23/><N who="2" m="8746" /><F78/><N who="3" m="44103" /><G17/><T96/><D55/><U74/><E30/><V3/><F3/><W10/><G10/><N who="0" m="2311" /><D105/><U1/><E16/><V87/><F68/><W91/><G91/><T60/><D60/><U21/><E21/><V88/><F29/><W89/><G89/><T14/><D14/><U98/><E1/><V84/><F15/><W7/><G7/><T38/><D38/><U135/><E79/><AGARI ba="0,0" hai="26,27,45,48,52,75,79,83" m="44103,41513" machi="79" ten="30,3900,0" yaku="14,1,52,1,54,1" doraHai="42" who="3" fromWho="1" sc="319,0,243,-39,240,0,198,39" /><INIT seed="3,0,0,0,1,127" ten="319,204,240,237" oya="3" hai0="99,78,131,104,85,55,48,0,6,29,42,12,38" hai1="45,52,108,62,98,9,17,109,59,13,90,16,66" hai2="57,58,67,88,37,95,91,100,86,32,126,24,53" hai3="84,81,103,93,2,28,64,5,54,56,96,75,7" shuffle="mt19937ar,DC826F31,A28A26AC,C4C4FEE9,5CBF44AC,A0D434CF,CC8D5544,F7A57504,D7DB6766"/><W20/><G75/><T44/><D0/><U50/><REACH who="1" step="1"/><E17/><REACH who="1" step="2"/><V89/><F126/><W36/><G2/><T33/><D6/><U130/><E130/><V47/><F37/><W21/><G36/><T123/><D38/><U97/><E97/><V92/><F100/><W70/><G5/><T35/><D131/><U27/><E27/><V18/><F18/><W121/><G7/><T77/><D99/><U106/><E106/><V68/><F24/><W120/><G28/><T82/><D104/><U72/><E72/><V51/><F92/><AGARI ba="0,1" hai="9,13,16,45,50,52,59,62,66,90,92,98,108,109" machi="92" ten="40,8000,1" yaku="21,2,54,2,53,0" doraHai="127" doraHaiUra="135" who="1" fromWho="2" sc="319,0,194,90,240,-80,237,0" owari="319,32,284,3,160,-24,237,-11" /></mjloggm>