<mjloggm ver="2.3"><GO type="225"/><UN n0="%E5%88%BB%E5%AD%90%E5%B8%82%E6%B0%91" n1="%E9%9B%81%E7%BA%8F" n2="%E5%85%AD%E5%88%86%E5%84%80" n3="%E8%B6%85%E3%83%92%E3%83%A2%E3%83%AA%E3%83%AD" dan="17,16,18,17" rate="2128,2074,2165,2089" sx="M,M,F,F"/><TAIKYOKU oya="0"/><INIT seed="0,0,0,4,1,64" ten="250,250,250,250" oya="0" hai0="75,123,40,31,80,72,88,85,61,76,28,127,44" hai1="37,79,110,77,135,78,115,38,10,116,60,112,5" hai2="24,32,1,22,57,16,2,6,50,48,29,97,51" hai3="25,89,100,63,106,18,53,126,122,36,73,133,17" shuffle="mt19937ar,D6305400,97BE3803,2ACEFB96,13C5ACEA,ED724498,06688D84,E43892C4,C60F154F"/><T67/><D123/><U114/><E116/><V129/><F129/><W95/><G122/><T103/><D103/><U98/><E135/><V39/><F39/><W101/><G36/><T56/><D127/><U12/><E110/><V109/><F109/><W46/><G73/><T105/><D105/><U34/><E34/><V120/><F120/><W59/><G126/><T0/><D0/><U27/><E27/><V7/><F97/><W21/><G106/><T8/><D8/><U68/><REACH who="1" step="1"/><E98/><REACH who="1" step="2"/><V87/><F32/><W119/><G119/><T121/><D121/><U65/><AGARI ba="0,1" hai="5,10,12,37,38,60,65,68,77,78,79,112,114,115" machi="65" ten="40,8000,1" yaku="1,1,2,1,0,1,11,1,52,1,53,0" doraHai="64" doraHaiUra="131" who="1" fromWho="1" sc="250,-40,240,90,250,-20,250,-20" /><INIT seed="1,0,0,3,3,111" ten="210,330,230,230" oya="1" hai0="5,3,38,9,55,100,37,66,43,36,75,58,105" hai1="104,4,89,33,124,113,94,76,46,39,92,61,42" hai2="101,106,41,74,52,0,97,27,71,114,133,112,132" hai3="1,121,13,53,7,47,44,6,67,123,51,16,29" shuffle="mt19937ar,74D45B07,162727F0,BAEC68FD,CA29E9DC,13BCB47E,53815110,CA0DBDEA,325F9DB9"/><U8/><E104/><V54/><F74/><W20/><G67/><T65/><D75/><U69/><E124/><V80/><F71/><W24/><G44/><T122/><D122/><U11/><E33/><V63/><F0/><W128/><G128/><T135/><D43/><U119/><E119/><V19/><F41/><W73/><G73/><T117/><D117/><U129/><E129/><V14/><F27/><W48/><G48/><T87/><D87/><U17/><E76/><V32/><F32/><N who="3" m="20519" /><G7/><T83/><D83/><U81/><E81/><V26/><F26/><W96/><G96/><T103/><D103/><U25/><E92/><V88/><F80/><W30/><G30/><T125/><D125/><U23/><E69/><V90/><F63/><W85/><G85/><T31/><D31/><U110/><E61/><V95/><F19/><W107/><G107/><T72/><D72/><U127/><E11/><AGARI ba="0,0" hai="1,6,11,13,16,20,47,51,53,121,123" m="20519" machi="11" ten="30,2000,0" yaku="24,1,54,1" doraHai="111" who="3" fromWho="1" sc="210,0,330,-20,230,0,230,20" /><INIT seed="2,0,0,3,5,15" ten="210,310,230,250" oya="2" hai0="28,4,125,52,3,119,39,59,124,49,19,102,95" hai1="78,99,13,2,111,31,51,26,113,105,38,116,110" hai2="108,127,6,74,66,131,97,135,12,53,82,121,64" hai3="50,40,83,47,84,35,57,24,45,14,9,134,20" shuffle="mt19937ar,14A9B6F1,79458CC0,A6B3590A,F6EDECBF,3857BC06,9D771156,674284C4,FFEA9EBF"/><V5/><F121/><W122/><G134/><T41/><D119/><U130/><E2/><V25/><F135/><W120/><G35/><T70/><D28/><U27/><E38/><V0/><F0/><W58/><G47/><N who="0" m="23999" /><D4/><U73/><E113/><V10/><F127/><N who="0" m="48714" /><D3/><U22/><E116/><V133/><F133/><W106/><G106/><T34/><D34/><U107/><E99/><V132/><F132/><W21/><G120/><T93/><D102/><U37/><E37/><V60/><F131/><W79/><G122/><T43/><D43/><U23/><E13/><V65/><F6/><N who="3" m="3383" /><G20/><T42/><D42/><U46/><E130/><V129/><F129/><W32/><G32/><T63/><D19/><AGARI ba="0,0" hai="19,21,24,40,45,50,57,58,79,83,84" m="3383" machi="19" ten="30,3900,0" yaku="25,1,8,1,52,1" doraHai="15" who="3" fromWho="0" sc="210,-39,310,0,230,0,250,39" /><INIT seed="3,0,0,0,0,50" ten="171,310,230,289" oya="3" hai0="44,87,81,96,21,39,68,131,54,127,27,38,19" hai1="37,59,130,105,124,132,125,1,0,118,29,83,10" hai2="25,90,85,92,102,70,75,97,48,114,17,24,46" hai3="53,104,7,15,30,95,129,26,51,123,94,35,82" shuffle="mt19937ar,63ECC9A1,E293BDD4,395379FC,4DEE63BF,A0D0F514,13E2E9D3,7323A312,ED4BCDCF"/><W117/><G104/><T31/><D127/><N who="1" m="48715" /><E132/><V80/><F114/><W2/><G117/><T88/><D131/><U23/><E130/><V49/><F70/><W99/><G123/><T20/><D68/><U112/><E112/><V52/><F75/><W41/><G129/><T84/><D96/><U69/><E69/><V110/><F110/><W93/><G2/><T16/><D31/><U62/><E118/><V73/><F73/><W135/><G135/><T14/><REACH who="0" step="1"/><D87/><REACH who="0" step="2"/><U8/><E29/><V86/><F86/><W133/><G133/><T78/><D78/><U32/><E105/><V76/><F76/><W103/><G99/><T65/><D65/><U77/><E77/><V13/><F49/><AGARI ba="0,1" hai="14,16,19,20,21,27,38,39,44,49,54,81,84,88" machi="49" ten="40,8000,1" yaku="1,1,52,1,54,2,53,0" doraHai="50" doraHaiUra="34" who="0" fromWho="2" sc="161,90,310,0,230,-80,289,0" owari="251,-10,310,31,150,-25,289,4" /></mjloggm>