<mjloggm ver="2.3"><GO type="225"/><UN n0="%73%69%64%65" n1="%E6%9C%A7%E5%A4%8F%E6%9C%88" n2="%6B%6F%67%65%70%61%6E" n3="%E3%83%81%E3%83%A3%E3%82%AA%E3%83%AA" dan="17,17,16,17" rate="2095,2134,2068,2167" sx="M,M,M,M"/><TAIKYOKU oya="0"/><INIT seed="0,0,0,2,4,89" ten="250,250,250,250" oya="0" hai0="11,21,26,24,125,102,122,90,25,51,115,40,32" hai1="133,54,95,6,80,30,84,83,129,111,87,96,55" hai2="49,10,61,31,110,91,45,127,128,120,99,66,2" hai3="78,9,1,92,85,113,135,69,75,46,37,22,105" shuffle="mt19937ar,33AA4695,539596B9,135D4FDE,D2814B89,08DB8D67,68F06EDC,5494E46E,421B9712"/><T50/><D122/><U53/><E111/><V33/><F120/><W70/><G105/><T121/><D121/><U103/><E133/><V35/><F110/><W23/><G113/><T67/><D115/><U107/><E129/><V114/><F114/><W119/><G119/><T12/><D32/><U36/><E36/><V5/><F128/><W16/><G135/><T88/><D125/><U38/><E38/><V56/><F127/><W97/><G75/><T116/><D116/><U106/><E6/><V8/><F31/><W81/><G22/><T112/><D112/><U39/><E39/><V68/><F68/><W3/><G37/><T131/><D131/><U123/><E123/><V86/><F99/><W57/><G46/><N who="0" m="25927" /><D102/><U72/><E72/><V132/><F8/><W29/><G29/><T15/><D67/><U134/><E134/><V65/><F66/><W58/><G70/><T98/><D98/><U47/><E47/><V79/><F79/><W60/><G69/><T27/><D51/><U104/><REACH who="1" step="1"/><E30/><REACH who="1" step="2"/><V130/><F132/><W76/><G58/><T63/><D63/><U73/><E73/><V108/><F130/><W62/><G57/><T41/><D41/><U117/><E117/><V101/><F108/><W100/><G62/><T4/><D15/><U44/><E44/><V59/><F59/><W43/><G60/><T93/><D93/><U20/><E20/><V28/><F61/><W71/><G71/><T0/><D0/><U7/><E7/><V17/><F5/><N who="3" m="1199" /><G3/><T13/><D13/><U126/><E126/><V18/><F2/><W52/><G43/><RYUUKYOKU ba="0,1" sc="250,15,240,15,250,-15,250,-15" hai0="4,11,12,21,24,25,26,27,88,90" hai1="53,54,55,80,83,84,87,95,96,103,104,106,107" /><INIT seed="0,1,1,0,5,40" ten="265,255,235,235" oya="0" hai0="132,111,56,51,120,108,5,133,75,64,116,135,54" hai1="80,67,63,121,130,128,89,92,88,83,32,57,39" hai2="129,44,90,7,74,41,50,71,79,65,107,21,16" hai3="78,70,18,131,8,11,0,37,29,60,84,99,4" shuffle="mt19937ar,0E3419A0,D13E8DBD,F1555FDB,43D14889,F4C37AB4,EC942599,251B1781,660B1D8A"/><T34/><D34/><U86/><E121/><V2/><F107/><W69/><G37/><T12/><D75/><U119/><E119/><V25/><F129/><N who="1" m="49769" /><E32/><V127/><F127/><W58/><G131/><T38/><D120/><U42/><E89/><V31/><F2/><W30/><G99/><T27/><D27/><U106/><E106/><V19/><F7/><W91/><G78/><T10/><D116/><U55/><E67/><V98/><F74/><W104/><G104/><T81/><D38/><U15/><E15/><V134/><F79/><W59/><G18/><T82/><REACH who="0" step="1"/><D64/><REACH who="0" step="2"/><U17/><E17/><V115/><F19/><W123/><G123/><T122/><D122/><U100/><E100/><V28/><F65/><W61/><G4/><T13/><D13/><U125/><E125/><V87/><F16/><W66/><G66/><T95/><D95/><U20/><E20/><V112/><F21/><W77/><G0/><T110/><AGARI ba="1,2" hai="5,10,12,51,54,56,81,82,108,110,111,132,133,135" machi="110" ten="40,12000,1" yaku="1,1,0,1,14,1,10,1,20,1,53,0" doraHai="40" doraHaiUra="118" who="0" fromWho="0" sc="255,143,255,-41,235,-41,235,-41" /><INIT seed="0,2,0,5,0,72" ten="398,214,194,194" oya="0" hai0="29,11,122,18,30,116,111,61,135,129,52,123,69" hai1="124,88,114,58,38,70,125,89,86,28,9,31,77" hai2="130,53,98,10,22,42,66,71,60,59,64,80,133" hai3="4,8,25,15,95,68,12,55,39,92,65,21,107" shuffle="mt19937ar,BAC329B1,72786DD0,4FBF5979,9C8AE7B3,BFF086B1,265BCB22,603F608B,631B1600"/><T32/><D116/><U41/><E70/><V33/><F33/><W93/><G107/><T37/><D37/><U1/><E114/><V74/><F130/><W87/><G39/><T96/><D69/><U112/><E112/><V104/><F133/><W23/><G55/><T108/><D96/><U48/><E38/><V85/><F74/><W17/><G68/><T24/><D30/><N who="1" m="11307" /><E1/><V40/><F22/><W97/><G65/><T44/><D135/><U0/><E0/><V50/><F66/><W121/><G121/><T101/><D101/><U20/><E20/><V73/><F73/><W109/><G109/><N who="0" m="42059" /><D129/><U54/><E9/><V79/><REACH who="2" step="1"/><F10/><REACH who="2" step="2"/><W83/><G23/><T67/><D67/><U119/><E119/><V82/><F82/><W75/><G75/><T131/><D131/><U126/><E41/><V63/><F63/><W34/><G34/><T100/><D61/><U115/><E115/><V57/><F57/><W103/><REACH who="3" step="1"/><G25/><REACH who="3" step="2"/><T47/><D24/><U110/><E110/><V49/><F49/><W120/><G120/><T46/><D32/><U118/><E118/><V2/><F2/><W62/><G62/><T128/><D123/><U106/><E106/><V5/><F5/><W45/><G45/><T127/><D47/><U99/><E48/><V132/><F132/><W14/><G14/><T16/><D127/><U81/><E126/><V113/><F113/><W90/><AGARI ba="2,2" hai="4,8,12,15,17,21,83,87,90,92,93,95,97,103" machi="90" ten="20,5200,0" yaku="1,1,0,1,7,1,8,1,53,0" doraHai="72" doraHaiUra="134" who="3" fromWho="3" sc="398,-28,214,-15,184,-15,184,78" /><INIT seed="1,0,0,3,5,35" ten="370,199,169,262" oya="1" hai0="15,129,105,117,107,31,43,56,85,133,104,84,124" hai1="115,30,37,78,59,55,87,45,36,47,33,89,54" hai2="112,42,80,77,9,72,81,122,99,125,14,131,135" hai3="83,100,120,127,95,20,22,39,51,57,21,118,75" shuffle="mt19937ar,4D4863EC,ED52DCA1,6580B804,ED258C1A,A0DADA3E,8B3985CF,20960BEA,1806C244"/><U92/><E115/><V73/><F122/><W121/><G39/><T76/><D117/><U108/><E108/><V67/><F112/><W27/><G118/><T79/><D43/><U65/><E37/><V113/><F113/><W34/><G127/><T116/><D31/><U29/><E36/><V19/><F125/><W63/><G51/><T26/><D26/><U24/><E29/><V28/><F131/><W130/><G130/><T32/><D32/><U53/><REACH who="1" step="1"/><E78/><REACH who="1" step="2"/><V82/><F28/><W48/><G121/><T17/><D79/><U64/><E64/><V86/><F67/><W114/><G120/><T40/><D76/><U44/><E44/><V93/><F73/><W4/><G75/><T128/><D129/><U126/><E126/><V96/><F72/><W101/><G114/><T61/><D128/><U52/><N who="1" m="13824" /><DORA hai="88" /><U3/><E3/><V102/><F135/><W50/><G27/><T62/><D133/><U1/><E1/><V58/><F42/><W23/><G50/><T46/><D40/><U119/><E119/><V109/><F109/><W90/><G48/><T111/><D46/><U6/><E6/><V7/><F58/><W110/><G57/><T134/><D56/><U60/><AGARI ba="0,1" hai="24,30,33,45,47,59,60,65,87,89,92" m="13824" machi="60" ten="40,12000,1" yaku="1,1,0,1,52,1,54,1,53,0" doraHai="35,88" doraHaiUra="70,10" who="1" fromWho="1" sc="370,-40,189,130,169,-40,262,-40" /><INIT seed="1,1,0,1,0,103" ten="330,319,129,222" oya="1" hai0="61,79,105,51,54,117,92,91,78,25,41,95,48" hai1="0,21,58,75,46,121,38,112,68,14,55,44,87" hai2="82,107,66,85,76,23,29,132,47,35,67,60,5" hai3="20,94,17,24,49,32,126,129,28,114,96,80,83" shuffle="mt19937ar,E00FB606,CBF241B2,47D1A37B,5B433FF2,ABE6AD10,6733EF9C,0076D1D6,A91AD1A4"/><U6/><E75/><V108/><F108/><W134/><G114/><T119/><D105/><U31/><E68/><V27/><F132/><W109/><G134/><T43/><D61/><U22/><E0/><V131/><F131/><W13/><G109/><T7/><D25/><N who="1" m="16815" /><E38/><V15/><F67/><W70/><G70/><T3/><D3/><U33/><E33/><V110/><F110/><W73/><G129/><T69/><D69/><U127/><E121/><V128/><F128/><W99/><G126/><T100/><D91/><U90/><E127/><V16/><F47/><W81/><G73/><T45/><D100/><U97/><E97/><V102/><F5/><W118/><G118/><T116/><D116/><U56/><E56/><V26/><F26/><W52/><REACH who="3" step="1"/><G94/><REACH who="3" step="2"/><T62/><D95/><N who="1" m="54751" /><E112/><V124/><F124/><W11/><G11/><T71/><D71/><U89/><E89/><V120/><F120/><W50/><G50/><T98/><D51/><N who="1" m="31103" /><E22/><V37/><F37/><W12/><G12/><T123/><D119/><U1/><E1/><V65/><REACH who="2" step="1"/><F60/><REACH who="2" step="2"/><W101/><G101/><T74/><D62/><U135/><E135/><V104/><F104/><W9/><G9/><AGARI ba="1,2" hai="6,9,14,44,46" m="31103,54751,16815" machi="9" ten="30,1500,0" yaku="8,1" doraHai="103" who="1" fromWho="3" sc="330,0,319,38,119,0,212,-18" /><INIT seed="1,2,0,0,4,1" ten="330,357,119,194" oya="1" hai0="0,85,125,39,74,130,116,127,107,58,108,93,68" hai1="97,76,7,86,98,99,66,126,51,75,65,30,131" hai2="89,124,14,24,78,102,3,119,79,38,43,62,26" hai3="118,122,87,35,80,45,32,88,92,46,13,117,101" shuffle="mt19937ar,88526D2B,60832036,3D04C24F,9F179D0C,34D820CE,66738E6C,58C50DA8,DAC9B957"/><U120/><E120/><V12/><F3/><W123/><G101/><T95/><RYUUKYOKU type="yao9" ba="2,0" sc="330,0,357,0,119,0,194,0" hai0="0,39,58,68,74,85,93,95,107,108,116,125,127,130" /><INIT seed="1,3,0,0,3,6" ten="330,357,119,194" oya="1" hai0="19,33,21,70,94,52,117,96,90,68,84,131,113" hai1="24,87,9,111,35,80,81,30,54,45,102,106,77" hai2="7,20,105,12,126,91,86,75,92,36,58,28,129" hai3="59,71,125,41,73,134,130,123,110,119,115,127,39" shuffle="mt19937ar,EF5252E8,E7CC31C2,B58BEB6D,EEB0295A,7553A189,861EF1D2,E7C11747,E1CA33CB"/><U37/><E111/><V38/><F126/><W4/><G4/><T22/><D33/><U49/><E37/><V116/><F116/><W50/><G41/><T23/><D117/><U47/><E106/><V82/><F129/><W10/><G10/><T46/><D113/><U43/><E102/><V25/><F105/><W128/><G50/><N who="0" m="28759" /><D70/><U13/><E81/><V108/><F108/><W14/><G14/><T72/><D72/><U66/><E66/><V132/><F132/><W62/><G62/><T79/><D68/><U76/><E47/><V97/><F75/><W51/><G51/><T64/><D64/><U56/><E56/><V118/><F118/><W85/><G59/><T29/><D131/><U5/><REACH who="1" step="1"/><E54/><REACH who="1" step="2"/><V95/><F58/><W120/><G128/><T63/><D29/><U17/><E17/><V103/><REACH who="2" step="1"/><F82/><REACH who="2" step="2"/><W8/><G127/><T89/><D94/><U135/><E135/><V15/><F15/><W53/><G134/><T1/><D1/><U11/><E11/><AGARI ba="3,2" hai="7,11,12,20,25,28,36,38,86,91,92,95,97,103" machi="11" ten="40,8000,1" yaku="1,1,52,1,53,2" doraHai="6" doraHaiUra="88" who="2" fromWho="1" sc="330,0,347,-89,109,109,194,0" /><INIT seed="2,0,0,3,4,131" ten="330,258,218,194" oya="2" hai0="69,118,106,40,85,52,104,3,112,128,103,1,79" hai1="91,102,19,127,129,56,89,135,72,132,123,17,41" hai2="81,119,34,13,32,83,121,120,67,46,86,101,82" hai3="29,100,109,9,8,43,5,60,107,134,124,50,55" shuffle="mt19937ar,63A7C5E0,F1F3C7F6,8D67B41B,68FE64EB,9E40017C,60F8E8A2,3E00DDD1,DC3DC7E7"/><V20/><F119/><W66/><G43/><T78/><D69/><U125/><E123/><V92/><F67/><W75/><G75/><T48/><D40/><U99/><E129/><V122/><F46/><W68/><G109/><T110/><D112/><U35/><E35/><V80/><F101/><W11/><G124/><N who="1" m="47690" /><E72/><V44/><F44/><W65/><G65/><T76/><D128/><U70/><E70/><V36/><F36/><W0/><G29/><T18/><D110/><U26/><E41/><V57/><F92/><W88/><G134/><N who="1" m="51242" /><E56/><V94/><F57/><W30/><G30/><T25/><D118/><U31/><E31/><V38/><F38/><W23/><G23/><T62/><D78/><U6/><E6/><V98/><F34/><W24/><G24/><T16/><D76/><U2/><E2/><V95/><F32/><W10/><G107/><T61/><D79/><U27/><E27/><V49/><F122/><W53/><G100/><T64/><D3/><U63/><E63/><V12/><F121/><W42/><G42/><T126/><D1/><U105/><E26/><V33/><F33/><W111/><G111/><T117/><D62/><U133/><N who="1" m="51250" /><U45/><DORA hai="15" /><E45/><V108/><F120/><W47/><REACH who="3" step="1"/><G55/><REACH who="3" step="2"/><T114/><D52/><U130/><E130/><V90/><F108/><W39/><G39/><T7/><D25/><U37/><E37/><V87/><N who="2" m="20480" /><DORA hai="93" /><V4/><F4/><W28/><G28/><T74/><D7/><U22/><E22/><V84/><F20/><W113/><G113/><T54/><D126/><U115/><E115/><RYUUKYOKU ba="0,1" sc="330,-15,258,15,218,-15,184,15" hai1="17,19,89,91,99,102,105" hai3="0,5,8,9,10,11,47,50,53,60,66,68,88" /><INIT seed="3,1,1,2,3,105" ten="315,273,203,199" oya="3" hai0="10,129,92,45,79,90,61,77,103,55,37,7,21" hai1="24,114,32,102,76,70,117,85,121,8,133,126,39" hai2="66,60,68,36,125,116,38,99,72,57,119,22,52" hai3="5,128,41,2,18,95,6,3,74,101,58,112,97" shuffle="mt19937ar,02A5D5AB,73A189E2,2118C3D8,8896D5F3,2F37B78C,B19003EB,53C200EC,134D701B"/><W91/><G112/><T111/><D103/><U59/><E70/><V62/><F72/><W44/><G74/><T89/><D111/><U80/><E39/><N who="2" m="14891" /><F22/><W134/><G58/><N who="0" m="35039" /><D37/><U29/><E114/><V81/><F81/><W1/><G134/><T86/><D45/><U63/><E133/><V30/><F99/><W33/><G33/><T123/><D129/><U31/><E117/><N who="2" m="45131" /><F30/><W124/><G128/><T56/><D123/><U53/><E121/><V110/><F125/><W71/><G71/><T106/><D106/><U19/><E126/><V73/><F73/><W35/><G35/><T23/><D56/><U69/><E69/><V13/><F13/><W88/><G124/><T28/><D90/><U131/><E131/><V93/><F93/><W25/><G91/><T40/><D40/><U113/><E113/><V132/><F132/><W83/><G83/><T104/><D104/><U20/><E32/><V47/><F47/><W27/><G101/><T34/><D34/><U120/><E120/><V127/><F127/><W43/><G43/><T67/><D28/><U115/><E115/><V26/><F26/><W96/><G96/><T100/><D100/><U135/><E135/><V17/><F17/><W65/><G65/><T50/><D67/><U12/><REACH who="1" step="1"/><E102/><REACH who="1" step="2"/><V16/><F110/><W64/><G64/><T0/><D0/><U42/><E42/><V75/><F68/><W94/><G94/><T84/><D92/><U4/><AGARI ba="1,2" hai="4,8,12,19,20,24,29,31,53,59,63,76,80,85" machi="4" ten="20,8000,1" yaku="1,1,0,1,7,1,8,1,53,1" doraHai="105" doraHaiUra="48" who="1" fromWho="1" sc="315,-21,263,103,203,-21,199,-41" owari="294,4,366,37,182,-17,158,-24" /></mjloggm>