<mjloggm ver="2.3"><GO type="225"/><UN n0="%E9%95%B7%E5%B2%A1%E5%A4%A7%E6%98%8E%E7%A5%9E" n1="%E3%81%B5%E3%82%8B%E3%81%AD%E3%81%93%40%E4%BD%95%E5%88%87%E3%82%8B" n2="%E5%85%AD%E5%88%86%E5%84%80" n3="%E6%9C%80%E9%80%9F%E3%82%AF%E3%83%B3%E2%99%AA" dan="16,16,18,16" rate="2059,2056,2155,2078" sx="F,M,F,M"/><TAIKYOKU oya="0"/><INIT seed="0,0,0,2,1,2" ten="250,250,250,250" oya="0" hai0="21,115,27,61,65,109,69,90,44,14,104,10,108" hai1="55,93,42,74,1,75,23,12,89,119,26,103,128" hai2="83,120,118,43,28,112,79,64,78,4,130,77,15" hai3="76,107,131,20,22,62,68,58,9,19,32,35,60" shuffle="mt19937ar,C659BB46,F3EC3FBF,5063B778,880FB935,9464814B,783B35FB,569B144F,579F3B29"/><T13/><D104/><U50/><E1/><V56/><F112/><W67/><G107/><T80/><D115/><U96/><E119/><V87/><F120/><W127/><G76/><T92/><D80/><U36/><E128/><V37/><F37/><W30/><G131/><T85/><D44/><U135/><E135/><V40/><F130/><W70/><G127/><T114/><D114/><U39/><E42/><N who="2" m="15915" /><F28/><W100/><G100/><T134/><D134/><U111/><E111/><N who="0" m="42569" /><D10/><U113/><E113/><V94/><F94/><W17/><G9/><T59/><D69/><U16/><E39/><V84/><F118/><W18/><G70/><T99/><D85/><U6/><E36/><V24/><F87/><W48/><G68/><T88/><D90/><U98/><E75/><V41/><F41/><W3/><G58/><T102/><D102/><U121/><E74/><V51/><F84/><W81/><G81/><T97/><D97/><N who="1" m="57519" /><E103/><V122/><F83/><W5/><G3/><T123/><D123/><U52/><E121/><V34/><F122/><W31/><G35/><T132/><D132/><U53/><E50/><V117/><F51/><W66/><G48/><T54/><D65/><U8/><AGARI ba="0,0" hai="6,8,12,16,23,26,52,53,55,96,98" m="57519" machi="8" ten="30,7900,0" yaku="8,1,52,1,54,2" doraHai="2" who="1" fromWho="1" sc="250,-39,250,79,250,-20,250,-20" /><INIT seed="1,0,0,1,4,131" ten="211,329,230,230" oya="1" hai0="60,32,66,109,97,29,13,41,15,111,71,117,57" hai1="27,94,98,86,52,0,96,128,12,110,3,9,127" hai2="49,37,19,134,130,122,5,118,80,14,125,78,59" hai3="34,87,25,61,129,77,82,48,133,35,65,107,126" shuffle="mt19937ar,5C50C821,960530C5,87800F1D,9690F610,F661A89C,C0B5B8F2,F8ADEAEF,51A65724"/><U74/><E74/><V104/><F37/><W53/><G107/><T92/><D117/><U84/><E127/><V81/><F104/><W93/><G126/><T51/><D29/><U101/><E128/><V2/><F125/><W18/><G129/><T135/><D32/><U88/><E110/><N who="0" m="41993" /><D135/><U46/><E27/><V106/><F106/><W121/><G121/><T8/><D8/><U10/><E3/><V75/><F2/><W72/><G133/><T90/><D41/><U79/><E0/><V105/><F134/><W54/><G18/><T33/><D33/><U100/><E9/><V69/><F19/><W56/><G25/><T113/><D113/><U103/><E84/><V38/><F75/><W45/><G72/><T26/><D26/><U89/><E89/><V115/><F115/><W23/><G23/><T16/><D16/><N who="1" m="8215" /><E79/><V114/><F78/><W67/><G34/><T116/><D116/><U6/><E6/><V102/><F5/><W58/><G35/><T73/><D73/><U50/><AGARI ba="0,0" hai="46,50,52,86,88,94,96,98,100,101,103" m="8215" machi="50" ten="30,11700,0" yaku="8,1,54,3" doraHai="131" who="1" fromWho="1" sc="211,-39,329,117,230,-39,230,-39" /><INIT seed="1,1,0,0,3,99" ten="172,446,191,191" oya="1" hai0="89,88,23,17,48,62,26,128,124,14,46,91,36" hai1="108,32,25,103,115,1,39,22,60,0,30,116,86" hai2="59,70,44,51,102,110,54,111,15,78,75,7,50" hai3="52,3,41,97,24,42,109,73,80,81,76,83,117" shuffle="mt19937ar,33B0D9CF,B3097422,0D4961AD,C2DF91D8,06EC222A,2D1147F2,D69E930D,B44A2C97"/><U118/><E115/><V9/><F70/><W96/><G3/><T105/><D105/><U58/><E39/><V56/><F75/><W53/><G109/><N who="2" m="41481" /><F78/><W18/><G73/><T106/><D106/><U29/><E0/><V129/><F129/><W94/><G76/><T107/><D107/><U112/><E1/><V8/><F102/><N who="3" m="60695" /><G97/><T66/><D128/><U45/><E112/><V55/><F9/><W130/><G117/><T101/><D101/><U57/><E108/><V34/><F34/><W38/><G38/><T98/><D36/><U119/><E103/><V71/><F71/><W19/><G130/><T47/><D124/><U12/><E45/><AGARI ba="1,0" hai="7,8,15,44,45,50,51,54,55,56,59" m="41481" machi="45" ten="30,1000,0" yaku="14,1" doraHai="99" who="2" fromWho="1" sc="172,0,446,-13,191,13,191,0" /><INIT seed="2,0,0,2,0,62" ten="172,433,204,191" oya="2" hai0="108,13,14,85,47,3,128,86,106,24,48,4,64" hai1="26,23,90,45,36,41,52,127,114,0,15,29,33" hai2="104,93,56,131,124,80,125,53,102,60,11,115,10" hai3="120,109,51,20,92,38,2,123,9,111,87,46,78" shuffle="mt19937ar,105E078F,57CBFDED,C5BA1598,3E89D6B9,F60E2EFC,8058CA30,AD10F129,8248FD8D"/><V18/><F115/><W19/><G38/><T97/><D3/><U89/><E114/><V28/><F104/><W110/><G9/><T6/><D128/><U91/><E0/><V39/><F131/><W35/><G35/><T69/><D108/><U74/><E74/><V103/><F39/><W22/><G2/><T96/><D24/><U57/><E127/><N who="2" m="48715" /><F28/><W81/><G92/><T40/><D106/><U16/><E89/><V122/><F122/><N who="3" m="46635" /><G19/><T61/><D6/><U71/><E71/><V126/><F126/><W44/><G44/><T117/><D117/><U8/><E33/><V119/><F119/><W65/><G65/><T98/><REACH who="0" step="1"/><D4/><REACH who="0" step="2"/><U68/><E68/><V55/><F18/><W99/><G99/><T32/><D32/><U121/><E121/><V1/><F1/><W43/><AGARI ba="0,1" hai="20,22,43,46,51,78,81,87,109,110,111" m="46635" machi="43" ten="40,1500,0" yaku="14,1" doraHai="62" who="3" fromWho="3" sc="162,-4,433,-4,204,-7,191,25" /><INIT seed="3,0,0,0,4,101" ten="158,429,197,216" oya="3" hai0="120,52,83,49,56,108,18,57,118,76,93,104,97" hai1="72,42,121,2,78,53,114,103,109,55,132,23,61" hai2="24,66,106,124,0,34,81,113,134,25,40,131,51" hai3="89,36,133,12,69,33,59,16,41,47,54,13,3" shuffle="mt19937ar,810BD5F4,93FEA3F5,F07EEAE1,F1DFEA85,D913F61D,1F17D1AC,A6605157,48E40B57"/><W4/><G69/><T15/><D118/><U28/><E2/><V71/><F113/><W5/><G33/><T119/><D119/><U48/><E55/><V39/><F0/><W30/><G30/><T74/><D120/><U44/><E61/><V32/><F51/><W64/><G64/><T19/><D108/><U21/><E103/><V70/><F124/><W8/><G133/><T75/><D75/><U37/><E21/><V43/><F134/><W86/><G12/><T112/><D112/><U127/><E23/><V95/><F95/><W20/><G8/><T31/><D31/><U115/><E78/><V60/><F131/><W67/><G67/><T92/><D57/><U91/><E72/><V102/><F71/><W62/><REACH who="3" step="1"/><G3/><REACH who="3" step="2"/><T135/><D135/><U96/><E132/><V58/><F70/><W111/><G111/><T123/><D123/><U99/><E109/><V116/><F34/><W22/><G22/><T9/><REACH who="0" step="1"/><D19/><REACH who="0" step="2"/><U7/><E121/><V126/><F116/><W87/><G87/><T26/><D26/><U68/><E28/><V73/><F25/><W11/><G11/><T6/><D6/><U117/><E68/><V14/><F24/><W122/><G122/><T29/><D29/><U82/><E7/><V63/><F32/><W125/><G125/><T45/><D45/><N who="1" m="23759" /><E127/><V107/><F126/><W38/><G38/><T65/><D65/><U80/><E117/><V98/><F66/><W50/><G50/><T94/><D94/><AGARI ba="0,2" hai="4,5,13,16,20,36,41,47,54,59,62,86,89,94" machi="94" ten="30,5800,0" yaku="1,1,7,1,54,1,53,0" doraHai="101" doraHaiUra="46" who="3" fromWho="0" sc="148,-58,429,0,197,0,206,78" /><INIT seed="3,1,0,2,4,70" ten="90,429,197,284" oya="3" hai0="91,131,60,64,130,124,114,54,77,28,52,17,22" hai1="62,101,121,129,6,82,36,75,98,102,12,95,107" hai2="0,63,115,135,126,24,123,87,110,43,23,85,11" hai3="117,76,8,37,86,10,111,100,27,7,105,9,125" shuffle="mt19937ar,66E25BE6,A599D96E,011FF5CC,6A7D3699,F05FA44B,36135AA6,D10A47E3,76C135DF"/><W42/><G117/><T96/><D77/><U61/><E36/><V99/><F115/><W113/><G113/><T19/><D114/><U49/><E121/><V72/><F72/><W92/><G105/><T80/><D124/><U66/><E129/><V25/><F126/><W74/><G125/><T4/><D4/><U104/><E49/><V56/><F123/><W133/><G27/><T132/><D132/><U5/><E75/><V122/><F122/><W79/><G79/><T38/><D38/><U2/><E82/><V3/><F43/><W57/><G57/><T78/><D28/><U109/><E2/><V94/><F11/><W108/><G133/><T112/><D112/><U13/><E95/><V40/><F40/><W51/><G51/><T90/><D64/><U55/><E55/><V32/><F32/><W59/><G59/><T46/><D46/><U68/><E109/><N who="3" m="42058" /><G74/><T30/><D30/><U20/><E68/><V1/><F135/><W93/><G100/><T116/><D116/><U103/><E103/><V16/><F110/><W128/><G128/><T26/><D78/><U35/><E35/><V118/><F25/><W106/><G106/><T120/><D120/><U119/><E119/><V134/><F134/><W84/><G7/><T50/><D50/><U44/><E5/><V81/><F118/><W34/><G34/><T71/><D71/><U69/><E6/><V41/><F0/><W73/><G73/><T48/><D131/><U31/><E69/><V33/><F1/><W127/><G127/><T83/><D130/><U39/><E104/><V47/><F3/><RYUUKYOKU ba="1,0" sc="90,0,429,0,197,0,284,0" owari="90,-31,429,43,197,-15,284,3" /></mjloggm>