<mjloggm ver="2.3"><GO type="185"/><UN n0="%E3%81%A8%E3%81%84%E3%81%A4%E3%81%BE%E3%81%99%E3%81%9F%E3%81%81%E2%99%AA" n1="%E3%81%9F%E3%82%80%E3%81%A8%E3%83%BC" n2="%E3%80%93%E3%81%84%E3%81%A1%E3%81%AF%E3%82%89%E3%80%93" n3="" dan="16,16,18,0" rate="2122,2138,2260,1500" sx="M,M,M,C"/><TAIKYOKU oya="0"/><INIT seed="0,0,0,3,0,86" ten="350,350,350,0" oya="0" hai0="104,53,121,100,120,94,81,46,77,66,97,41,55" hai1="43,106,105,123,65,58,0,70,110,49,79,103,126" hai2="33,32,2,114,34,85,115,48,54,95,118,64,61" hai3="" shuffle="mt19937ar,4263F949,FBD253D3,F355F9E4,17854E13,CE1B69BC,A9A98E99,796B9D22,C705BCA1"/><T71/><N who="0" m="30752" /><T119/><N who="0" m="31008" /><T133/><D119/><U102/><E0/><V96/><F118/><T89/><D133/><U111/><N who="1" m="31520" /><U57/><E126/><V135/><F85/><T125/><D125/><U87/><E70/><V60/><F2/><T76/><D71/><U50/><E87/><V84/><F84/><T74/><D77/><U1/><E1/><V98/><F98/><T124/><D66/><U35/><E65/><V45/><F135/><T72/><D72/><U82/><E43/><V47/><F47/><T92/><D124/><U63/><E63/><V127/><F127/><T129/><D129/><U69/><E69/><V90/><REACH who="2" step="1"/><F61/><REACH who="2" step="2"/><T112/><D112/><U113/><E113/><V67/><F67/><T73/><D73/><U109/><E109/><V62/><F62/><T37/><D104/><U44/><E44/><V36/><F36/><T134/><D134/><U116/><E116/><V122/><N who="2" m="31264" /><V51/><F51/><T38/><D38/><U131/><E111/><V99/><F99/><AGARI ba="0,1" hai="37,41,46,53,55,74,76,81,89,92,94,97,99,100" m="31008,30752" machi="99" ten="30,11600,0" yaku="7,1,52,3" doraHai="86" who="0" fromWho="2" sc="350,126,350,0,340,-116,0,0" /><INIT seed="0,1,0,4,4,67" ten="476,350,224,0" oya="0" hai0="49,88,87,66,85,60,80,69,32,44,39,116,43" hai1="82,110,91,106,124,97,121,58,92,83,65,45,125" hai2="120,89,55,131,34,61,70,109,3,74,84,127,63" hai3="" shuffle="mt19937ar,34A33BB6,F60177E8,229914B7,09439FF5,C8235C07,E8FCCBE6,D4EB4749,8D886F58"/><T123/><N who="0" m="31520" /><T113/><D32/><U130/><N who="1" m="31008" /><U100/><E110/><V54/><N who="2" m="30752" /><V99/><F74/><T81/><D113/><U35/><E35/><V117/><F109/><T133/><D133/><U107/><E45/><V93/><F117/><T62/><D62/><U77/><E65/><V50/><F131/><T94/><D116/><U119/><E58/><V71/><F127/><N who="1" m="48713" /><E119/><V101/><F3/><T42/><D42/><U0/><E0/><V51/><F34/><T36/><D81/><N who="1" m="30731" /><E130/><V2/><F2/><T86/><REACH who="0" step="1"/><D80/><REACH who="0" step="2"/><U135/><E135/><V122/><N who="2" m="31264" /><V46/><F63/><T52/><D52/><U126/><E126/><V78/><F61/><T72/><D72/><U79/><E107/><V76/><F76/><T40/><D40/><U95/><E106/><V90/><F78/><T75/><D75/><U53/><E53/><V64/><F64/><T111/><D111/><U96/><AGARI ba="1,1" hai="77,79,91,92,95,96,97,100" m="30731,48713,31008" machi="96" ten="30,5900,0" yaku="18,1,34,2,52,1" doraHai="67" who="1" fromWho="1" sc="466,-40,350,71,224,-21,0,0" /><INIT seed="1,0,0,0,5,113" ten="426,421,203,0" oya="1" hai0="101,66,99,121,34,102,45,75,115,133,91,129,98" hai1="2,90,38,46,119,81,92,78,89,107,105,127,48" hai2="67,62,41,108,71,69,52,1,61,93,114,125,63" hai3="" shuffle="mt19937ar,16C81037,F875A229,008BE155,E44BF66D,3E7A2846,4C010680,1D891160,1702B4DD"/><U53/><E2/><V74/><F1/><T68/><N who="0" m="31008" /><T58/><D34/><U35/><E35/><V126/><F74/><T47/><D68/><N who="2" m="26186" /><F93/><T116/><D115/><U110/><E119/><V88/><F88/><T3/><D3/><U123/><N who="1" m="31520" /><U32/><E32/><V97/><F97/><T135/><D75/><U85/><E127/><N who="2" m="48651" /><F114/><T86/><D129/><U77/><E110/><V70/><F108/><T109/><D109/><U112/><E112/><V44/><F52/><T82/><D99/><U94/><E78/><V59/><N who="2" m="26194" /><V103/><DORA hai="57" /><F103/><T40/><D102/><U0/><E0/><V73/><F73/><T36/><D116/><U84/><E105/><V111/><F111/><T33/><D33/><U56/><E107/><V83/><F83/><T134/><D47/><U100/><E100/><V60/><F60/><T51/><D101/><U106/><E106/><V79/><F79/><T124/><D124/><U132/><E77/><V104/><F104/><T76/><D98/><U42/><E81/><V95/><F95/><T87/><D76/><U39/><E39/><AGARI ba="0,0" hai="39,41,44,59,61,62,63,67" m="48651,26194" machi="39" ten="40,12000,2" yaku="18,1,34,2,52,3" doraHai="113,57" who="2" fromWho="1" sc="426,0,421,-120,203,120,0,0" /><INIT seed="2,0,0,4,0,123" ten="426,301,323,0" oya="2" hai0="79,81,33,120,51,72,118,94,119,133,62,77,39" hai1="54,87,80,35,46,49,65,111,44,124,135,36,71" hai2="70,130,74,66,63,97,126,85,128,112,134,95,114" hai3="" shuffle="mt19937ar,B8D44784,08C82564,CB8E9B4F,4501AEF1,C37DB94C,6CBA9183,A7AF2C95,7471F600"/><V105/><F74/><T89/><N who="0" m="30752" /><T121/><N who="0" m="31008" /><T106/><D106/><U3/><E3/><V53/><F126/><T0/><D33/><U34/><E124/><V93/><F134/><T117/><D39/><U88/><E135/><V96/><F105/><T59/><D133/><U122/><N who="1" m="31264" /><U57/><E111/><V56/><F85/><T55/><D79/><U110/><E110/><V78/><F78/><T99/><D0/><U116/><E116/><V61/><F97/><T58/><D119/><U47/><REACH who="1" step="1"/><E36/><REACH who="1" step="2"/><V50/><F114/><T45/><REACH who="0" step="1"/><D59/><REACH who="0" step="2"/><U42/><E42/><AGARI ba="0,2" hai="42,45,51,55,58,62,72,77,81,89,94,99,117,118" m="31008,30752" machi="42" ten="30,8000,1" yaku="1,1,2,1,7,1,52,2,53,0" doraHai="123" doraHaiUra="60" who="0" fromWho="1" sc="416,100,291,-80,323,0,0,0" /><INIT seed="4,0,0,5,0,49" ten="516,211,323,0" oya="0" hai0="3,99,40,116,104,61,95,110,86,47,130,111,88" hai1="83,72,67,128,118,100,89,82,92,97,107,84,76" hai2="71,64,57,133,41,93,59,80,112,124,48,2,96" hai3="" shuffle="mt19937ar,55A79C06,678E88C8,51AD948D,1FBA349E,F2DD179E,817128A9,45F38502,8B0F9124"/><T45/><D3/><U103/><E118/><V123/><N who="2" m="31520" /><V98/><F112/><T69/><D116/><U38/><E38/><V85/><F124/><T114/><D114/><U54/><E67/><V101/><F133/><T68/><D130/><U74/><E128/><V62/><F2/><T73/><D73/><U33/><E33/><V106/><F41/><T115/><D115/><U94/><E54/><V37/><F37/><T131/><D131/><U125/><E125/><V126/><F48/><T102/><D61/><U75/><E100/><V108/><F108/><N who="0" m="41514" /><D47/><U58/><E58/><V120/><N who="2" m="30752" /><V78/><REACH who="2" step="1"/><F126/><REACH who="2" step="2"/><T1/><D1/><U34/><E34/><V87/><F87/><AGARI ba="0,1" hai="72,74,75,76,82,83,84,87,89,92,94,97,103,107" machi="87" ten="40,12000,2" yaku="35,6" doraHai="49" who="1" fromWho="2" sc="516,0,211,130,313,-120,0,0" /><INIT seed="5,0,0,0,2,73" ten="516,341,193,0" oya="1" hai0="104,53,117,101,70,81,91,50,42,58,130,67,106" hai1="64,61,82,76,60,62,110,84,65,1,105,100,93" hai2="79,87,97,56,107,0,34,35,123,115,66,112,3" hai3="" shuffle="mt19937ar,B30BD4DC,25065BEB,EB287ACF,043D7B10,B9CFC086,172D548F,C516086D,EFBEE64A"/><U86/><E1/><V132/><N who="2" m="31520" /><V89/><F132/><T48/><D117/><U103/><E110/><V74/><F3/><T119/><D119/><U124/><E124/><V118/><F0/><T121/><N who="0" m="31008" /><T46/><D130/><U134/><E134/><V135/><F118/><T49/><D101/><N who="1" m="38987" /><E105/><V52/><F66/><T59/><D70/><U96/><E86/><V113/><F97/><T75/><D75/><U94/><E94/><V39/><F39/><T71/><D71/><U47/><E47/><V98/><F98/><T78/><D106/><U57/><E64/><V40/><F40/><T122/><N who="0" m="31264" /><T2/><D104/><U133/><E133/><V36/><F36/><T116/><D67/><U114/><E114/><V83/><F135/><T102/><D2/><U131/><E131/><V127/><F127/><T92/><D116/><U41/><E41/><V125/><F125/><T77/><D42/><U45/><E45/><V126/><F126/><T120/><D46/><U111/><E111/><V44/><F44/><T43/><D43/><U109/><E109/><V51/><F107/><T33/><D120/><U68/><E68/><V80/><AGARI ba="0,0" hai="34,35,51,52,56,74,79,80,83,87,89,112,113,115" m="31520" machi="80" ten="40,9000,2" yaku="0,1,15,1,11,1,52,2,54,1" doraHai="73" who="2" fromWho="2" sc="516,-30,341,-60,193,90,0,0" /><INIT seed="6,0,0,1,0,132" ten="486,281,283,0" oya="2" hai0="125,45,41,60,71,48,111,52,37,122,102,123,81" hai1="47,85,96,46,98,120,92,51,77,54,43,65,33" hai2="93,3,103,87,55,84,110,63,73,39,135,88,121" hai3="" shuffle="mt19937ar,47B5A217,1A7BFA3D,6828C67D,F70F9F3C,126C4E89,2F311A71,EC8E1DB5,9A989B71"/><V36/><N who="2" m="31008" /><V53/><F3/><T129/><D111/><U134/><E33/><V0/><F0/><T117/><D117/><U100/><N who="1" m="30752" /><U64/><E134/><V32/><F73/><T99/><D81/><U83/><E96/><V128/><F32/><T56/><D129/><U114/><E114/><V66/><F110/><T104/><D125/><U89/><E77/><V1/><F1/><T78/><D78/><U109/><E109/><V105/><F135/><T75/><D75/><U86/><E86/><V59/><F128/><T127/><D127/><U94/><E94/><V58/><F66/><AGARI ba="0,0" hai="37,41,45,48,52,56,60,66,71,99,102,104,122,123" machi="66" ten="40,5200,0" yaku="24,2,54,1" doraHai="132" who="0" fromWho="2" sc="486,52,281,0,283,-52,0,0" owari="538,49,281,-12,231,-37,0,0" /></mjloggm>