<mjloggm ver="2.3"><GO type="225"/><UN n0="%E3%83%81%E3%83%A3%E3%82%AA%E3%83%AA" n1="%E9%95%B7%E5%B2%A1%E5%A4%A7%E6%98%8E%E7%A5%9E" n2="%62%61%6B%61%73%65" n3="%E7%90%86%E6%83%B3%E9%9B%80%E5%A3%AB" dan="17,16,16,16" rate="2106,2066,2025,2034" sx="M,F,F,M"/><TAIKYOKU oya="0"/><INIT seed="0,0,0,5,5,66" ten="250,250,250,250" oya="0" hai0="49,56,126,107,124,115,54,108,3,76,95,31,30" hai1="111,28,33,27,78,100,6,53,47,79,61,5,112" hai2="86,45,82,22,75,23,113,63,15,2,65,84,71" hai3="99,97,46,89,81,32,117,1,118,67,62,73,106" shuffle="mt19937ar,880904E0,A6DE01E7,B8618C2A,2F25DE7F,B0571D1A,0C333469,2DB96512,F9E8EEC8"/><T35/><D107/><U7/><E111/><V70/><F2/><W93/><G1/><T8/><D115/><U36/><E112/><V122/><F122/><W110/><G32/><T74/><D108/><U18/><E100/><V96/><F75/><W116/><G110/><T12/><D3/><U114/><E114/><V14/><F113/><W123/><G123/><T16/><D95/><U130/><E130/><V40/><F96/><W17/><G46/><T34/><D34/><U52/><E18/><V10/><F86/><W39/><G39/><T109/><D109/><U21/><E33/><V98/><F98/><W87/><G17/><T131/><D131/><U24/><E24/><V91/><F71/><W55/><G55/><T125/><REACH who="0" step="1"/><D35/><REACH who="0" step="2"/><U94/><E94/><V48/><REACH who="2" step="1"/><F15/><REACH who="2" step="2"/><W4/><G116/><T20/><D20/><U44/><E21/><V101/><F101/><W37/><G117/><T57/><D57/><U60/><E47/><V103/><F103/><W19/><G118/><T64/><D64/><U127/><E44/><V26/><F26/><W77/><G106/><T72/><D72/><U104/><E27/><V25/><F25/><W128/><G128/><T11/><D11/><U105/><E104/><V129/><F129/><W58/><G73/><T69/><D69/><U0/><E0/><V133/><F133/><W85/><G99/><T102/><D102/><U92/><E105/><V120/><F120/><W135/><G97/><T13/><D13/><U41/><E92/><V29/><F29/><W68/><G93/><T83/><AGARI ba="0,2" hai="8,12,16,30,31,49,54,56,74,76,83,124,125,126" machi="83" ten="40,12000,1" yaku="1,1,0,1,18,1,54,1,53,0" doraHai="66" doraHaiUra="90" who="0" fromWho="0" sc="240,140,250,-40,240,-40,250,-40" /><INIT seed="0,1,0,2,1,20" ten="380,210,200,210" oya="0" hai0="88,105,125,98,90,9,114,14,11,101,68,133,26" hai1="2,36,37,127,58,91,94,131,43,115,1,28,16" hai2="83,119,122,21,60,77,56,100,10,18,24,78,48" hai3="57,84,6,63,30,86,116,38,89,72,130,25,70" shuffle="mt19937ar,B7A12C75,33F266A7,968EBDB8,C887D26A,A4C4F94F,BE545190,3FE47FA3,43F046D3"/><T128/><D68/><U108/><E108/><V46/><F122/><W106/><G116/><T42/><D114/><U4/><E115/><V13/><F100/><W85/><G72/><T61/><D125/><U87/><E127/><V27/><F119/><W41/><G106/><T29/><D133/><U82/><E28/><V19/><F83/><W45/><G6/><T64/><D42/><U99/><E131/><V47/><F27/><W120/><G70/><N who="0" m="42255" /><D128/><U62/><E4/><V8/><F8/><N who="0" m="3146" /><D14/><U66/><E37/><V65/><REACH who="2" step="1"/><F47/><REACH who="2" step="2"/><W3/><G120/><T12/><D12/><U132/><E132/><V59/><F59/><W69/><G69/><T50/><D26/><U129/><E129/><V80/><F80/><W79/><G130/><T112/><D101/><U124/><E124/><V93/><F93/><W7/><G57/><T126/><D105/><U135/><E135/><V123/><F123/><W53/><G25/><T32/><D126/><U54/><E94/><V134/><F134/><W76/><G3/><T118/><D118/><U17/><E2/><V33/><F33/><W49/><G45/><T110/><D32/><U102/><E1/><V117/><F117/><W31/><G30/><T44/><D29/><U109/><E109/><V113/><F113/><W0/><G31/><T104/><D110/><U67/><E102/><V103/><F103/><W5/><G0/><T75/><D112/><U71/><E71/><V95/><F95/><W23/><G23/><T92/><D104/><U55/><E82/><V15/><F15/><W22/><G22/><T111/><D111/><RYUUKYOKU ba="1,1" sc="380,-10,210,-10,190,30,210,-10" hai2="10,13,18,19,21,24,46,48,56,60,65,77,78" /><INIT seed="1,2,1,4,0,28" ten="370,200,220,200" oya="1" hai0="57,116,31,58,96,77,21,71,135,22,131,67,130" hai1="113,90,93,121,123,64,99,54,1,39,126,133,107" hai2="32,63,108,122,19,89,65,44,81,106,61,5,8" hai3="115,12,2,85,38,127,26,112,80,41,56,20,7" shuffle="mt19937ar,C5807260,0FE7E3FF,2DA8A90B,790EB5FF,EB6B8B10,A3CBB6F8,FFDEC05F,AF4A9CD3"/><U17/><E1/><V15/><F122/><W16/><G2/><T9/><D116/><U82/><E39/><V75/><F106/><W27/><G127/><T52/><D77/><U109/><E64/><V105/><F105/><W79/><G56/><T117/><D71/><U43/><E43/><V35/><F108/><W94/><G94/><T0/><D117/><U11/><E113/><V62/><F65/><W101/><G101/><T104/><D135/><U87/><E133/><V125/><F125/><W91/><G79/><T97/><D57/><U55/><E107/><V114/><F114/><W132/><G132/><T129/><D67/><U60/><E126/><V70/><F70/><W37/><G27/><N who="0" m="16879" /><D104/><U110/><E121/><V102/><F102/><W10/><REACH who="3" step="1"/><G38/><REACH who="3" step="2"/><T68/><D68/><U53/><E123/><V119/><F119/><W118/><G118/><T59/><D59/><U111/><E60/><V14/><F75/><W98/><G98/><T51/><D97/><U33/><E33/><V42/><F81/><W30/><G30/><T76/><D96/><U50/><E50/><V36/><REACH who="2" step="1"/><F89/><REACH who="2" step="2"/><W83/><G83/><T69/><D69/><U72/><E72/><V23/><AGARI ba="2,3" hai="5,8,14,15,19,23,32,35,36,42,44,61,62,63" machi="23" ten="30,8000,1" yaku="1,1,2,1,0,1,52,2,53,0" doraHai="28" doraHaiUra="34" who="2" fromWho="2" sc="370,-22,200,-42,210,116,190,-22" /><INIT seed="2,0,0,2,5,97" ten="348,158,326,168" oya="2" hai0="16,95,107,130,43,28,90,126,62,68,93,96,21" hai1="133,118,84,29,44,66,25,1,109,65,103,13,47" hai2="60,72,120,26,41,0,35,75,100,59,52,98,113" hai3="76,18,78,123,99,31,64,46,108,61,70,127,50" shuffle="mt19937ar,7DC35A2E,FD0EEF0A,FD54CC53,5A78D10E,CDFBAC4E,CC717675,73A28C21,6FBABE99"/><V49/><F120/><W91/><G123/><T131/><D126/><U11/><E1/><V114/><F0/><W45/><G127/><T10/><D43/><U5/><E118/><V19/><F75/><W125/><G125/><T86/><D28/><U85/><E109/><V24/><F72/><W115/><G45/><T128/><D10/><U79/><E133/><V37/><F37/><W39/><G39/><T132/><D132/><U15/><E79/><V92/><F35/><W101/><G91/><N who="0" m="53495" /><D107/><U67/><E15/><V2/><F2/><W33/><G108/><T77/><D77/><U88/><E103/><V6/><F6/><W40/><G18/><T8/><D8/><U117/><E117/><V7/><F7/><W112/><G31/><T55/><D55/><U27/><E85/><V105/><F105/><N who="3" m="63679" /><G33/><T14/><D62/><U38/><E38/><V121/><F121/><W3/><G3/><T82/><D68/><U111/><E111/><V53/><F41/><W80/><G80/><AGARI ba="0,0" hai="14,16,21,80,82,90,95,96,128,130,131" m="53495" machi="80" ten="30,2000,0" yaku="19,1,54,1" doraHai="97" who="0" fromWho="3" sc="348,20,158,0,326,0,168,-20" /><INIT seed="3,0,0,3,1,123" ten="368,158,326,148" oya="3" hai0="53,55,16,93,13,14,65,45,50,15,133,77,39" hai1="68,116,60,36,56,112,111,32,84,132,126,106,102" hai2="109,79,76,40,28,117,7,118,129,42,82,49,99" hai3="22,48,90,44,91,71,104,80,70,5,9,103,64" shuffle="mt19937ar,4648BCAE,D3F88D14,DF1A038C,92DF29B3,B4855216,2ACB8164,8716BCA3,D89D1311"/><W73/><G64/><T8/><D39/><U17/><RYUUKYOKU type="yao9" ba="0,0" sc="368,0,158,0,326,0,148,0" hai1="17,32,36,56,60,68,84,102,106,111,112,116,126,132" /><INIT seed="3,1,0,4,3,85" ten="368,158,326,148" oya="3" hai0="81,9,13,110,35,111,27,109,101,87,55,60,16" hai1="132,113,12,99,130,96,66,36,5,14,39,25,50" hai2="8,94,128,92,18,11,43,116,76,83,106,53,79" hai3="31,56,48,58,61,3,0,89,62,78,95,75,120" shuffle="mt19937ar,5D3BA920,00C2B21B,325A74D3,5266D81E,894DB13A,47611E7A,ECC2BA57,9A7B3F85"/><W73/><G120/><T45/><D101/><U52/><E113/><V86/><F106/><W6/><G31/><N who="0" m="19967" /><D60/><U117/><E130/><V44/><F128/><W51/><G78/><N who="0" m="46519" /><D55/><U131/><E132/><V82/><F53/><W34/><G34/><T118/><D45/><U22/><E131/><V32/><F32/><W59/><G6/><T123/><D118/><U98/><E117/><V80/><F80/><W133/><G133/><T40/><D40/><U38/><E66/><V2/><F116/><W129/><G129/><T26/><D26/><U65/><E65/><V28/><F28/><W63/><G89/><T23/><D123/><U30/><REACH who="1" step="1"/><E5/><REACH who="1" step="2"/><V24/><F2/><N who="3" m="555" /><G95/><T107/><D107/><U42/><E42/><V19/><F94/><W37/><G37/><T124/><D111/><U77/><E77/><V15/><F92/><W119/><G119/><T64/><D64/><U135/><E135/><V57/><F43/><W46/><G46/><AGARI ba="1,1" hai="12,14,22,25,30,36,38,39,46,50,52,96,98,99" machi="46" ten="50,6400,0" yaku="1,1,54,1,53,1" doraHai="85" doraHaiUra="17" who="1" fromWho="3" sc="368,0,148,77,326,0,148,-67" owari="368,36,225,-12,326,8,81,-32" /></mjloggm>