<mjloggm ver="2.3"><GO type="225"/><UN n0="%E3%81%B5%E3%82%8B%E3%81%AD%E3%81%93%40%E4%BD%95%E5%88%87%E3%82%8B" n1="%E5%B1%B1%E5%B9%B8%E5%95%86%E5%BA%97" n2="%E9%95%B7%E5%B2%A1%E5%A4%A7%E6%98%8E%E7%A5%9E" n3="%E3%83%80%E3%83%A0%E3%83%9E%E3%83%8B%E3%82%A2" dan="16,17,16,16" rate="2047,2160,2059,2108" sx="M,M,F,M"/><TAIKYOKU oya="0"/><INIT seed="0,0,0,4,2,49" ten="250,250,250,250" oya="0" hai0="104,29,97,111,56,120,42,47,78,87,122,90,106" hai1="93,99,124,44,115,71,74,8,123,129,55,34,52" hai2="119,45,88,11,5,91,98,73,131,67,84,53,0" hai3="27,65,82,96,7,130,32,121,94,1,20,17,127" shuffle="mt19937ar,E73E70DA,E64968E1,8BE5DFE0,429FFDE2,ADD2D374,C43C43F3,DA70A4D1,A0E282D5"/><T102/><D106/><U58/><E71/><V113/><F73/><W37/><G37/><T59/><D78/><U18/><E34/><V4/><F119/><W12/><G121/><T6/><D111/><U16/><E123/><V40/><F113/><W22/><G65/><T105/><D105/><U108/><E74/><V125/><F5/><W134/><G82/><T9/><D29/><U80/><E80/><V107/><F67/><W126/><G94/><T41/><D122/><U24/><E108/><V135/><F135/><W33/><G96/><T31/><D31/><U26/><E115/><V72/><F72/><W57/><G57/><T114/><D114/><U109/><E109/><V100/><F131/><W46/><G46/><T69/><D69/><U83/><E83/><V89/><F125/><N who="3" m="47627" /><G134/><T15/><D120/><U85/><E129/><V14/><F0/><W86/><G86/><T54/><D56/><U101/><E85/><V10/><F10/><N who="3" m="2415" /><G130/><T64/><D47/><U50/><E124/><V75/><F75/><W81/><G81/><T63/><REACH who="0" step="1"/><D64/><REACH who="0" step="2"/><U35/><E35/><V2/><F107/><W95/><G95/><AGARI ba="0,1" hai="6,9,15,41,42,54,59,63,87,90,95,97,102,104" machi="95" ten="30,11600,0" yaku="1,1,2,1,7,1,52,1,53,0" doraHai="49" doraHaiUra="77" who="0" fromWho="3" sc="240,126,250,0,250,0,250,-116" /><INIT seed="0,1,0,0,1,129" ten="366,250,250,134" oya="0" hai0="81,36,32,67,83,0,113,1,94,53,88,34,114" hai1="39,91,6,121,20,54,103,84,17,109,55,86,131" hai2="99,123,40,119,112,116,60,49,102,63,22,133,62" hai3="61,23,19,51,4,117,100,115,18,110,56,126,9" shuffle="mt19937ar,F98A8027,CEC67674,A05F3A35,3E22F72D,221A13B7,CDD28AED,55764885,E3AAD304"/><T118/><D36/><U28/><E39/><V45/><F123/><W11/><G115/><T46/><D118/><N who="2" m="45098" /><F112/><W97/><G117/><T74/><D67/><U135/><E121/><V89/><F89/><W12/><G126/><T41/><D53/><U125/><E131/><V30/><F30/><W13/><G110/><T79/><D83/><U130/><E125/><V26/><F26/><W105/><G51/><T24/><D113/><U48/><E130/><V59/><F22/><W10/><REACH who="3" step="1"/><G19/><REACH who="3" step="2"/><T134/><D114/><U108/><E48/><V25/><F25/><W127/><G127/><T42/><D42/><U71/><E108/><V7/><F7/><W15/><G15/><T33/><D24/><U35/><E6/><V128/><F128/><W5/><G5/><T21/><D1/><U87/><E109/><V104/><F133/><W47/><G47/><T80/><D0/><U38/><E135/><V98/><F98/><W58/><G58/><AGARI ba="1,1" hai="40,45,49,58,59,60,62,63,99,102,104" m="45098" machi="58" ten="30,1000,0" yaku="12,1" doraHai="129" who="2" fromWho="3" sc="366,0,250,0,250,23,124,-13" /><INIT seed="1,0,0,4,1,75" ten="366,250,273,111" oya="1" hai0="130,64,15,3,88,98,127,121,61,0,41,2,43" hai1="33,21,118,32,12,29,119,96,132,63,20,84,11" hai2="76,81,13,16,114,110,67,52,53,34,8,105,100" hai3="71,125,45,58,115,106,122,99,62,70,38,124,50" shuffle="mt19937ar,96F88351,DDDB6F9C,0FEC8B80,5F3F12C0,D998F8EB,04294926,9CCDB31C,49E8AE30"/><U95/><E132/><V60/><F34/><W14/><G14/><T39/><D127/><N who="3" m="48713" /><G99/><T116/><D116/><U6/><E84/><V26/><F110/><W28/><G28/><T65/><D130/><U19/><E63/><V92/><F105/><W57/><G106/><T120/><D15/><U135/><E135/><V9/><F26/><W48/><G122/><N who="0" m="47211" /><D39/><U31/><E95/><V30/><F30/><N who="1" m="11273" /><E96/><N who="2" m="59399" /><F9/><W36/><G115/><T37/><D37/><N who="3" m="14441" /><G62/><T126/><D126/><U97/><E97/><V59/><F114/><W103/><G103/><T23/><D23/><N who="1" m="8779" /><E119/><V40/><F40/><N who="0" m="15434" /><D61/><U101/><E101/><V79/><F81/><W22/><G22/><T117/><D117/><U93/><E93/><AGARI ba="0,0" hai="0,2,3,64,65,88,93,98" m="15434,47211" machi="93" ten="40,2600,0" yaku="13,1,54,1" doraHai="75" who="0" fromWho="1" sc="366,26,250,-26,273,0,111,0" /><INIT seed="2,0,0,0,1,57" ten="392,224,273,111" oya="2" hai0="106,33,35,41,14,30,126,7,67,125,24,117,53" hai1="25,135,96,76,28,104,46,20,120,133,95,0,21" hai2="23,29,111,86,9,8,71,31,91,37,48,60,84" hai3="112,42,90,88,118,82,101,132,62,13,129,113,107" shuffle="mt19937ar,D69FA1B2,B6E15F9B,C691AA13,78217CCF,56647386,5ACADA3B,6A7626D0,A141D746"/><V52/><F37/><W92/><G42/><T36/><D106/><U50/><E0/><V93/><F111/><W45/><G45/><N who="0" m="23719" /><D53/><N who="1" m="29911" /><E104/><V70/><F86/><W119/><G13/><T59/><D117/><U47/><E47/><V74/><F74/><W17/><G17/><T27/><D14/><U56/><E56/><V65/><F71/><W15/><G15/><T69/><D59/><U2/><E2/><V34/><F34/><W97/><G132/><N who="1" m="50762" /><E76/><V109/><F109/><W94/><G62/><N who="0" m="40183" /><D7/><U110/><E110/><V5/><F23/><W103/><G129/><T78/><D78/><U61/><E61/><V124/><F124/><N who="0" m="47722" /><D27/><U16/><E120/><V114/><F114/><N who="3" m="44139" /><G82/><T18/><D18/><U39/><E39/><V98/><F84/><N who="3" m="52231" /><G107/><T83/><D83/><U1/><E1/><V10/><REACH who="2" step="1"/><F5/><REACH who="2" step="2"/><W116/><AGARI ba="0,1" hai="90,94,97,101,103,116,118,119" m="52231,44139" machi="116" ten="40,8000,1" yaku="11,1,34,2,54,1" doraHai="57" who="3" fromWho="3" sc="392,-20,224,-20,263,-40,111,90" /><INIT seed="3,0,0,3,0,25" ten="372,204,223,201" oya="3" hai0="54,17,107,114,71,113,14,39,82,134,76,91,4" hai1="99,26,116,46,80,61,63,11,41,45,135,43,125" hai2="81,130,115,9,100,98,103,36,69,42,124,104,95" hai3="57,117,53,29,131,75,19,105,93,85,23,30,21" shuffle="mt19937ar,5E32C8AC,1F973B4B,AA79A723,66C1F59D,ABEB855F,A9AC9F3D,4130ABAE,0B27E772"/><W18/><G105/><T60/><D39/><U33/><E135/><V84/><F69/><W64/><G75/><T58/><D107/><U112/><E112/><N who="0" m="43113" /><D134/><U37/><E125/><V111/><F115/><W0/><G0/><T44/><D71/><U70/><E70/><V31/><F31/><N who="3" m="11787" /><G64/><T8/><D44/><U67/><E33/><V52/><F36/><W55/><G131/><T92/><D92/><U16/><E67/><V65/><F130/><W77/><G117/><T22/><D91/><U48/><E116/><V68/><F65/><W5/><G5/><T3/><D82/><U79/><E99/><V109/><F68/><W133/><G133/><T96/><D96/><U78/><E78/><AGARI ba="0,0" hai="3,4,8,14,17,22,54,58,60,76,78" m="43113" machi="78" ten="30,1000,0" yaku="11,1" doraHai="25" who="0" fromWho="1" sc="372,10,204,-10,223,0,201,0" owari="382,39,194,-21,223,-3,201,-15" /></mjloggm>