<mjloggm ver="2.3"><GO type="185"/><UN n0="%E3%81%A8%E3%81%84%E3%81%A4%E3%81%BE%E3%81%99%E3%81%9F%E3%81%81%E2%99%AA" n1="%E3%81%A8%E3%81%8A%E3%82%8B%53%43%31" n2="%E7%B1%B3%E5%85%89%E5%80%B6%E6%A5%BD%E9%83%A8" n3="" dan="16,16,16,0" rate="2117,2089,2171,1500" sx="M,M,F,C"/><TAIKYOKU oya="0"/><INIT seed="0,0,0,4,4,34" ten="350,350,350,0" oya="0" hai0="52,64,54,57,96,46,59,44,89,50,125,76,65" hai1="62,1,45,105,115,84,97,40,77,98,110,74,94" hai2="39,58,51,80,126,66,2,132,82,61,106,55,113" hai3="" shuffle="mt19937ar,4636C1F3,30C803D6,CEFAEC5D,D9FBC4E5,245039FA,18613DB2,917D2AEE,2742EA3A"/><T35/><D35/><U120/><N who="1" m="30752" /><U56/><E1/><V103/><F113/><T70/><D125/><U87/><E115/><V92/><F106/><T99/><D76/><U63/><E110/><V122/><N who="2" m="31264" /><V41/><F2/><T88/><D50/><U91/><E74/><V124/><F132/><T114/><D114/><U134/><E134/><V135/><F135/><T69/><AGARI ba="0,0" hai="44,46,52,54,57,59,64,65,69,70,88,89,96,99" machi="69" ten="25,8000,1" yaku="0,1,22,2,54,2" doraHai="34" who="0" fromWho="0" sc="350,80,350,-40,350,-40,0,0" /><INIT seed="0,1,0,2,1,2" ten="430,310,310,0" oya="0" hai0="130,102,108,36,35,69,73,110,129,41,118,87,121" hai1="125,112,134,42,92,104,43,0,82,45,94,58,117" hai2="99,95,120,101,80,44,60,37,33,67,127,111,135" hai3="" shuffle="mt19937ar,0DC66325,EE291059,D6E13CD6,C4DB18AB,5F7F3B41,4285BF80,758E7826,D7B27DC8"/><T123/><N who="0" m="31008" /><T116/><N who="0" m="31520" /><T3/><D73/><U89/><E104/><V100/><N who="2" m="30752" /><V126/><F33/><T81/><D69/><U131/><E0/><V122/><N who="2" m="31264" /><V124/><F135/><T103/><D3/><U83/><E117/><N who="0" m="45161" /><D41/><U75/><E134/><V1/><F1/><T106/><D36/><U114/><E75/><V50/><F37/><T64/><D64/><U49/><E131/><N who="0" m="50185" /><D35/><U107/><E107/><V96/><F111/><N who="0" m="42538" /><D106/><U109/><E109/><V46/><F80/><T97/><D97/><U40/><E40/><V61/><F96/><T113/><D113/><U84/><E42/><V63/><F100/><T132/><D132/><U74/><E74/><V88/><F101/><T98/><D98/><U133/><E133/><V119/><F119/><T77/><AGARI ba="1,0" hai="77,81,87,102,103" m="42538,50185,45161,31520,31008" machi="77" ten="40,12000,2" yaku="19,1,14,1,10,1,34,2,52,2" doraHai="2" who="0" fromWho="0" sc="430,122,310,-61,310,-61,0,0" /><INIT seed="0,2,0,5,4,51" ten="552,249,249,0" oya="0" hai0="93,97,60,112,122,116,95,132,43,92,76,101,111" hai1="87,74,98,59,89,46,33,71,110,83,104,129,3" hai2="124,80,65,91,102,115,103,47,58,108,99,94,55" hai3="" shuffle="mt19937ar,6FEDFC2D,97051D6A,41E896E7,295EC954,FCCFEE6E,35E69D4F,C470F8A3,A4E96724"/><T41/><N who="0" m="31264" /><T52/><D116/><U34/><E71/><V135/><F115/><T85/><D112/><U130/><E3/><V39/><F65/><T86/><D132/><U114/><E110/><V82/><F135/><T133/><D133/><U44/><E114/><V63/><F108/><T50/><D60/><U73/><E59/><V0/><F0/><T64/><D64/><U78/><E34/><V49/><F39/><T125/><D125/><U53/><E33/><V131/><F131/><N who="1" m="50185" /><E53/><V126/><F126/><T72/><D72/><N who="1" m="27755" /><E89/><V1/><F1/><T56/><D111/><U81/><E81/><N who="2" m="31339" /><F124/><T109/><D109/><U42/><E42/><N who="0" m="15881" /><D76/><U96/><E96/><V66/><AGARI ba="2,0" hai="47,49,55,58,63,66,91,94,99,102,103" m="31339" machi="66" ten="30,1500,0" yaku="8,1,52,1" doraHai="51" who="2" fromWho="2" sc="552,-12,249,-7,249,19,0,0" /><INIT seed="1,0,0,0,4,54" ten="540,242,268,0" oya="1" hai0="40,135,77,72,132,60,68,133,47,131,85,37,107" hai1="108,79,104,109,127,129,122,71,97,59,55,63,32" hai2="102,67,42,33,43,62,39,89,53,105,75,119,113" hai3="" shuffle="mt19937ar,615D2259,A88E09CD,A7933390,9F002DD0,29959317,E5E7D248,A848BCEE,2121D19D"/><U121/><N who="1" m="31008" /><U57/><N who="1" m="31264" /><U91/><E71/><V117/><F33/><T74/><D107/><U81/><E32/><V50/><F75/><T111/><D111/><N who="1" m="42571" /><E129/><V84/><F113/><T46/><D46/><U101/><E127/><V51/><F117/><T98/><D98/><U99/><E99/><V114/><F114/><T78/><D131/><U38/><E38/><V48/><F119/><T58/><D68/><U94/><E104/><V65/><F105/><T103/><D103/><U45/><E45/><V3/><F102/><T87/><D87/><U83/><E91/><V123/><F39/><T66/><D78/><U112/><E112/><V120/><N who="2" m="30752" /><V106/><F106/><T110/><D110/><U56/><E81/><AGARI ba="0,0" hai="37,40,47,58,60,66,72,74,77,81,85,132,133,135" machi="81" ten="40,2600,0" yaku="20,1,52,1" doraHai="54" who="0" fromWho="1" sc="540,26,242,-26,268,0,0,0" /><INIT seed="2,0,0,0,1,119" ten="566,216,268,0" oya="2" hai0="97,105,67,87,123,101,43,39,130,74,108,35,120" hai1="48,41,75,0,96,109,114,32,55,46,133,102,99" hai2="77,68,92,62,45,73,85,83,36,86,113,76,94" hai3="" shuffle="mt19937ar,D0F12F01,E3CBF273,AB415ADE,85507CB6,37231A52,1F9AD86D,854747BA,9355B5F5"/><V127/><F113/><T79/><N who="0" m="30752" /><T116/><N who="0" m="31520" /><T81/><D116/><U1/><E114/><V84/><F127/><T56/><D35/><U71/><E71/><V110/><F110/><T106/><D108/><U63/><E32/><V57/><F68/><T82/><D130/><U61/><E109/><V3/><F3/><T49/><D106/><U40/><E75/><V103/><F76/><T128/><D128/><U33/><E33/><V93/><F45/><T52/><D67/><U53/><E133/><V134/><F36/><T118/><D118/><U107/><E99/><V66/><REACH who="2" step="1"/><F134/><REACH who="2" step="2"/><T89/><REACH who="0" step="1"/><D39/><REACH who="0" step="2"/><U122/><E0/><V65/><F65/><T60/><D60/><U95/><E1/><V72/><F72/><T112/><D112/><U51/><N who="1" m="31264" /><U91/><E63/><V34/><F34/><T69/><D69/><U104/><E61/><V132/><F132/><T129/><D129/><U111/><E111/><V90/><F90/><T70/><D70/><U100/><E91/><V50/><F50/><T47/><D47/><U115/><E115/><V42/><F42/><AGARI ba="0,2" hai="42,43,49,52,56,74,79,81,82,87,89,97,101,105" m="31520,30752" machi="42" ten="40,12000,2" yaku="1,1,52,4,54,1,53,1" doraHai="119" doraHaiUra="98" who="0" fromWho="2" sc="556,140,216,0,258,-120,0,0" /><INIT seed="4,0,0,4,5,32" ten="696,216,138,0" oya="0" hai0="86,59,76,108,42,43,57,81,44,93,85,97,50" hai1="123,132,78,58,121,3,49,94,127,55,101,91,106" hai2="51,82,33,124,84,117,92,80,45,41,103,107,2" hai3="" shuffle="mt19937ar,1F198E0E,89D4BC95,7DF1EAD2,1E17150B,0A28B732,6616B281,33480EFB,BE187854"/><T134/><D134/><U98/><N who="1" m="31008" /><U89/><N who="1" m="31520" /><U62/><E132/><V113/><F33/><T77/><D108/><U114/><E127/><V115/><F124/><T116/><D43/><U70/><E114/><N who="2" m="43531" /><F117/><T88/><D116/><U110/><E110/><V122/><N who="2" m="31264" /><V119/><F119/><T109/><D109/><U73/><E3/><V35/><F35/><T79/><REACH who="0" step="1"/><D86/><REACH who="0" step="2"/><U61/><E73/><V64/><F2/><T36/><D36/><U56/><E78/><AGARI ba="0,1" hai="42,44,50,57,59,76,77,78,79,81,85,88,93,97" machi="78" ten="40,12000,1" yaku="1,1,8,1,54,1,53,1" doraHai="32" doraHaiUra="87" who="0" fromWho="1" sc="686,130,216,-120,138,0,0,0" /><INIT seed="4,1,0,3,0,40" ten="816,96,138,0" oya="0" hai0="59,111,91,79,118,105,74,126,66,65,53,34,48" hai1="102,123,62,87,33,124,49,128,120,73,3,82,68" hai2="55,117,51,57,125,107,85,135,99,63,98,42,45" hai3="" shuffle="mt19937ar,ADBAC774,377E74EE,5E53003B,82665A79,3B9D7EE5,44C67798,9ECD8630,945B52DD"/><T70/><D105/><U121/><N who="1" m="30752" /><U47/><N who="1" m="31008" /><U41/><N who="1" m="31520" /><U81/><E3/><V58/><F117/><T127/><D34/><U61/><E33/><V38/><F125/><N who="0" m="47626" /><D118/><U93/><E124/><V78/><F135/><T46/><D111/><U103/><E128/><V122/><N who="2" m="31264" /><V35/><F107/><T69/><D91/><U84/><E73/><V76/><F35/><T77/><D74/><U54/><E68/><N who="0" m="26217" /><D79/><U43/><E93/><V90/><F78/><T108/><D77/><U0/><E0/><V67/><F76/><T95/><D95/><AGARI ba="1,0" hai="38,42,45,51,55,57,58,63,67,85,90,95,98,99" m="31264" machi="95" ten="30,3900,0" yaku="7,1,52,2" doraHai="40" who="2" fromWho="0" sc="816,-41,96,0,138,41,0,0" /><INIT seed="5,0,0,4,5,107" ten="775,96,179,0" oya="1" hai0="1,135,72,71,122,76,69,75,95,51,2,103,99" hai1="96,110,44,112,124,64,47,123,94,73,80,84,131" hai2="79,54,38,3,104,116,35,82,48,59,134,77,61" hai3="" shuffle="mt19937ar,48F50CE9,81E26C12,DAAE916A,9083A836,6DF09DB1,C0B3694F,87A1E111,3246FE0B"/><U106/><N who="1" m="31520" /><U117/><E117/><V125/><F38/><T132/><N who="0" m="31264" /><T37/><D37/><U55/><E112/><V114/><F3/><N who="0" m="1034" /><D51/><U88/><E131/><V120/><F134/><N who="0" m="51242" /><D76/><U105/><E124/><V102/><F125/><T52/><D52/><U53/><E64/><V46/><F35/><T91/><D91/><U50/><E73/><AGARI ba="0,0" hai="69,71,72,73,75,95,99,103" m="51242,1034,31264" machi="73" ten="40,8000,1" yaku="20,1,52,4" doraHai="107" who="0" fromWho="1" sc="775,80,96,-80,179,0,0,0" /><INIT seed="6,0,0,4,1,78" ten="855,16,179,0" oya="2" hai0="121,84,81,37,88,120,123,94,105,107,56,55,33" hai1="59,45,47,112,119,122,86,106,77,127,51,57,75" hai2="53,50,65,41,87,111,125,66,68,35,126,135,110" hai3="" shuffle="mt19937ar,8786FD7E,D72DD5A7,3CCA9830,22200B93,ED5F93D8,FDAF0B40,5AB8D731,86A9BE2E"/><V117/><F35/><T97/><D37/><U49/><E86/><V48/><F87/><T61/><REACH who="0" step="1"/><D33/><REACH who="0" step="2"/><U104/><N who="1" m="31264" /><U72/><E77/><AGARI ba="0,1" hai="55,56,61,77,81,84,88,94,97,105,107,120,121,123" machi="77" ten="40,5200,0" yaku="1,1,52,1,54,1,53,0" doraHai="78" doraHaiUra="44" who="0" fromWho="1" sc="845,62,16,-52,179,0,0,0" owari="907,86,-36,-64,179,-22,0,0" /></mjloggm>