<mjloggm ver="2.3"><GO type="225"/><UN n0="%E5%B1%B1%E5%B9%B8%E5%95%86%E5%BA%97" n1="%EF%BC%88%EF%BC%8A%EF%BC%9E%EF%BC%9C%EF%BC%89" n2="%E9%9B%AA%E5%9B%BD%E8%82%B2%E3%81%A1" n3="%E5%85%AD%E5%88%86%E5%84%80" dan="17,17,17,18" rate="2176,2175,2134,2164" sx="M,F,M,F"/><TAIKYOKU oya="0"/><INIT seed="0,0,0,4,3,120" ten="250,250,250,250" oya="0" hai0="130,1,36,80,81,110,63,32,38,13,60,126,24" hai1="22,79,50,43,114,72,45,26,135,44,105,82,93" hai2="102,99,39,62,65,15,20,83,37,49,51,27,78" hai3="16,53,57,46,64,55,113,90,97,109,11,31,103" shuffle="mt19937ar,5D2575A6,58509D95,02A6ECBF,39D7FEDE,8549E563,34D383E1,6630DA75,BD00EC37"/><T96/><D1/><U73/><E105/><V58/><F15/><W29/><G113/><T68/><D13/><U92/><E114/><V0/><F0/><W75/><G75/><T132/><D24/><U2/><E2/><V47/><F39/><W28/><G90/><T129/><D96/><U111/><E135/><V98/><F37/><W9/><G64/><T41/><D41/><U112/><E72/><V125/><F125/><W117/><G117/><T118/><D32/><U107/><E107/><V84/><F102/><W119/><G119/><T8/><D8/><U108/><E45/><V52/><REACH who="2" step="1"/><F51/><REACH who="2" step="2"/><W3/><G103/><T19/><D118/><U128/><E112/><V74/><F74/><W115/><G3/><T134/><D126/><U122/><E122/><V71/><F71/><W14/><G115/><T86/><D68/><U54/><E43/><V40/><F40/><W67/><G14/><T104/><D104/><U61/><E61/><V123/><F123/><W101/><G101/><T76/><D19/><AGARI ba="0,1" hai="19,20,27,47,49,52,58,62,65,78,83,84,98,99" machi="19" ten="30,7700,0" yaku="1,1,7,1,8,1,54,1,53,0" doraHai="120" doraHaiUra="106" who="2" fromWho="0" sc="250,-77,250,0,240,87,250,0" /><INIT seed="1,0,0,3,4,7" ten="173,250,327,250" oya="1" hai0="95,100,134,6,125,80,52,62,57,114,69,79,94" hai1="41,132,83,104,53,135,58,23,121,86,37,109,71" hai2="11,81,5,1,19,89,43,61,124,85,70,105,55" hai3="60,78,101,66,59,44,8,63,0,126,54,18,103" shuffle="mt19937ar,6AF2769D,44B2CAAF,6F58A780,6AD92C4E,C16693DF,E497485F,19962548,690A7BFE"/><U123/><E104/><V113/><F105/><W21/><G126/><T76/><D114/><U99/><E99/><V91/><F113/><W111/><G111/><T28/><D125/><U127/><E127/><V82/><F124/><W75/><G75/><T40/><D69/><U107/><E107/><V97/><F43/><W112/><G112/><T90/><D40/><U3/><E3/><V108/><F108/><W129/><G78/><N who="0" m="29739" /><D28/><U93/><E93/><N who="0" m="35337" /><D6/><U65/><E109/><V32/><F97/><W48/><G129/><T116/><D116/><U17/><E41/><V50/><F32/><W47/><G0/><T106/><D106/><U119/><E119/><V131/><F131/><W39/><G39/><T34/><D34/><U12/><E37/><V22/><F82/><W130/><G130/><T30/><D30/><U117/><E71/><V51/><F89/><W35/><G35/><T92/><D134/><N who="1" m="51243" /><E117/><V64/><REACH who="2" step="1"/><F55/><REACH who="2" step="2"/><W25/><G54/><T88/><D80/><U96/><E96/><AGARI ba="0,1" hai="52,57,62,88,90,92,96,100" m="35337,29739" machi="96" ten="30,3900,0" yaku="8,1,54,2" doraHai="7" who="0" fromWho="1" sc="173,49,250,-39,317,0,250,0" /><INIT seed="2,0,0,2,3,48" ten="222,211,317,250" oya="2" hai0="37,54,49,40,6,107,105,2,87,83,45,59,21" hai1="112,96,55,99,35,84,33,131,68,13,70,81,65" hai2="125,38,39,62,46,93,108,103,127,94,74,25,122" hai3="51,71,73,9,22,42,101,116,97,66,34,135,15" shuffle="mt19937ar,0652AAB8,00640264,31EFC32B,3C665C3A,8F1AD8A9,034797C1,7FB99E2F,A7D5BB09"/><V75/><F122/><W56/><G34/><T80/><D80/><U104/><E112/><V24/><F62/><W78/><G116/><T52/><D21/><U98/><E104/><V133/><F133/><W121/><G121/><T10/><REACH who="0" step="1"/><D54/><REACH who="0" step="2"/><U61/><E131/><V79/><F79/><AGARI ba="0,1" hai="2,6,10,37,40,45,49,52,59,79,83,87,105,107" machi="79" ten="30,8000,1" yaku="1,1,2,1,7,1,52,1,54,1,53,0" doraHai="48" doraHaiUra="118" who="0" fromWho="2" sc="212,90,211,0,317,-80,250,0" /><INIT seed="3,0,0,0,2,108" ten="302,211,237,250" oya="3" hai0="44,25,11,0,64,26,58,65,19,30,42,76,104" hai1="15,37,55,97,2,116,54,31,77,133,4,89,100" hai2="119,20,129,122,5,93,84,28,56,69,127,105,81" hai3="1,90,101,47,48,130,46,51,114,39,91,132,92" shuffle="mt19937ar,81592DC2,BBF17348,1F0122FD,3DF96E09,80335DF1,BB9B1F5C,47900A14,399C46A6"/><W7/><G39/><T88/><D104/><U72/><E37/><V107/><F69/><W128/><G132/><T86/><D76/><U40/><E133/><V53/><F122/><W112/><G101/><T103/><D103/><U95/><E40/><V71/><F71/><W22/><G22/><N who="0" m="15671" /><D0/><U41/><E41/><V27/><F119/><W110/><G110/><T8/><D44/><U9/><E116/><V99/><F127/><W66/><G66/><N who="0" m="25707" /><D58/><U121/><E121/><V80/><F5/><W111/><G111/><T59/><D59/><U109/><E109/><V126/><F126/><W82/><G7/><T83/><D42/><U18/><E31/><V70/><F70/><W125/><G125/><T38/><D38/><U13/><E2/><V45/><F45/><N who="3" m="16907" /><G1/><T60/><D60/><U61/><E61/><V12/><F107/><W29/><G29/><T57/><D57/><U124/><E124/><V131/><F105/><W75/><G51/><T79/><D79/><U94/><E77/><V33/><F33/><W43/><G48/><T87/><D87/><U23/><REACH who="1" step="1"/><E72/><REACH who="1" step="2"/><V135/><F135/><W98/><G43/><T96/><D96/><AGARI ba="0,1" hai="4,9,13,15,18,23,54,55,89,94,95,96,97,100" machi="96" ten="30,7700,0" yaku="1,1,2,1,7,1,8,1,53,0" doraHai="108" doraHaiUra="74" who="1" fromWho="0" sc="302,-77,201,87,237,0,250,0" /><INIT seed="4,0,0,0,1,27" ten="225,288,237,250" oya="0" hai0="69,107,77,116,10,47,38,19,7,102,109,80,33" hai1="81,113,120,0,23,8,122,132,75,50,119,112,22" hai2="41,3,11,12,126,56,105,97,91,31,46,124,35" hai3="95,108,93,45,25,74,127,34,99,103,37,117,26" shuffle="mt19937ar,8CFCDA39,DE0A8004,AF513550,98E2167D,73E71FC6,2BB1D84A,164F7428,E8D288A6"/><T14/><D116/><U29/><E119/><V92/><F105/><W43/><G117/><T129/><D129/><U54/><E132/><V76/><F3/><W115/><G108/><T94/><D69/><U16/><E29/><V130/><F76/><W90/><G74/><T52/><D33/><U13/><E81/><V128/><F56/><W17/><G127/><N who="2" m="48681" /><F35/><W82/><G82/><T5/><D107/><U135/><E75/><V110/><F110/><W68/><G68/><T114/><D109/><U98/><E135/><V64/><F64/><W87/><G115/><N who="1" m="44106" /><E98/><V101/><F31/><W86/><G86/><N who="0" m="48399" /><D38/><U70/><E70/><V49/><F101/><W59/><G34/><T62/><D114/><U84/><E84/><V78/><F78/><W4/><G87/><T121/><D121/><N who="1" m="46699" /><E0/><V83/><F83/><W133/><G133/><T100/><D62/><U32/><E32/><V53/><F41/><W2/><G43/><T63/><D63/><U85/><E85/><V66/><F66/><W131/><G99/><N who="0" m="59511" /><D102/><U18/><E18/><AGARI ba="0,0" hai="11,12,18,46,49,53,91,92,97,128,130" m="48681" machi="18" ten="30,1000,0" yaku="18,1" doraHai="27" who="2" fromWho="1" sc="225,0,288,-10,237,10,250,0" /><INIT seed="5,0,0,0,3,0" ten="225,278,247,250" oya="1" hai0="19,27,16,17,97,1,127,94,69,117,103,111,45" hai1="123,132,85,10,11,70,83,122,12,32,65,57,74" hai2="58,50,101,121,98,63,93,23,112,134,79,87,130" hai3="37,4,95,75,110,18,43,9,88,129,102,92,28" shuffle="mt19937ar,41B1F95D,C5CE7E33,42F319F7,C6123518,B2C23D0F,6AA508EB,FFEE4329,B6676838"/><U5/><E74/><V125/><F121/><W84/><G110/><T26/><D111/><U29/><E70/><V20/><F125/><W6/><G75/><T96/><D69/><U61/><E132/><V108/><F108/><W107/><G107/><T62/><D127/><U24/><E11/><V34/><F34/><W120/><G120/><T126/><D126/><U35/><E35/><V36/><F36/><W22/><G129/><T68/><D1/><U72/><E72/><V82/><F130/><W86/><G43/><T7/><D117/><U60/><E60/><V2/><F134/><W64/><G37/><T31/><D45/><U133/><E133/><V47/><F2/><W104/><G104/><T73/><D73/><U89/><AGARI ba="0,0" hai="5,10,12,24,29,32,57,61,65,83,85,89,122,123" machi="89" ten="20,3900,0" yaku="0,1,7,1,52,1" doraHai="0" who="1" fromWho="1" sc="225,-13,278,39,247,-13,250,-13" owari="212,-19,317,32,234,-12,237,-1" /></mjloggm>