<mjloggm ver="2.3"><GO type="225"/><UN n0="%73%69%64%65" n1="%E5%85%8B%E5%88%A9%E5%A5%A5%E4%BD%A9%E7%89%B9%E5%89%8C%CE%B6" n2="%E6%9C%A7%E5%A4%8F%E6%9C%88" n3="%E3%82%AF%E3%83%AB%E3%83%AB%E2%98%86" dan="17,16,17,16" rate="2089,2169,2145,2045" sx="M,F,M,F"/><TAIKYOKU oya="0"/><INIT seed="0,0,0,0,5,35" ten="250,250,250,250" oya="0" hai0="89,57,117,50,94,97,54,127,53,71,12,26,87" hai1="128,78,32,17,27,115,132,88,75,99,58,96,86" hai2="80,69,16,24,1,125,56,108,90,55,4,68,124" hai3="28,10,29,135,63,121,119,2,60,118,41,98,131" shuffle="mt19937ar,4AE10C41,C1F0F00D,9B063327,123E86BC,D36D4B81,9FE45DD6,85B90687,7ED45E65"/><T101/><D117/><U25/><E128/><V114/><F114/><W105/><G131/><T66/><D127/><N who="2" m="48714" /><F108/><W43/><G135/><T116/><D116/><U19/><E132/><V23/><F90/><W21/><G121/><T122/><D122/><U51/><E115/><V48/><F80/><W61/><G105/><T13/><D71/><N who="2" m="27210" /><F4/><W6/><G98/><N who="1" m="37418" /><E78/><V103/><F103/><W9/><G9/><T84/><D66/><U110/><E32/><V34/><F34/><W42/><REACH who="3" step="1"/><G29/><REACH who="3" step="2"/><T107/><D107/><U52/><E110/><V109/><F109/><W81/><G81/><T77/><D97/><U130/><E130/><V59/><F1/><W3/><G3/><T39/><D101/><U126/><E126/><V47/><AGARI ba="0,1" hai="16,23,24,47,48,55,56,59" m="27210,48714" machi="47" ten="30,2000,0" yaku="18,1,54,1" doraHai="35" who="2" fromWho="2" sc="250,-10,250,-5,250,30,240,-5" /><INIT seed="1,0,0,0,3,45" ten="240,245,280,235" oya="1" hai0="46,4,85,7,133,73,34,107,66,132,125,36,26" hai1="17,0,75,117,111,76,13,97,30,60,10,50,19" hai2="102,101,58,116,134,74,23,98,70,24,108,119,51" hai3="53,113,128,49,61,38,72,105,41,96,131,57,8" shuffle="mt19937ar,EFBFF76E,BC9E9008,556EFFB2,76842A31,EB724B09,327235EB,35218955,9F72F787"/><U20/><E117/><V43/><F70/><W40/><G72/><T22/><D73/><U37/><E37/><V115/><F74/><W68/><G8/><T120/><D107/><U129/><E129/><N who="3" m="49738" /><G105/><T63/><D34/><U28/><E111/><V9/><F108/><W118/><G96/><T59/><D125/><U82/><E60/><V83/><F83/><W47/><G118/><T126/><D126/><U92/><E50/><V29/><F134/><N who="0" m="51818" /><D120/><U79/><E79/><V27/><F115/><W33/><G33/><T18/><D85/><U91/><REACH who="1" step="1"/><E0/><REACH who="1" step="2"/><V100/><F119/><W78/><G78/><T5/><D36/><U135/><E135/><V123/><F116/><W103/><G113/><T62/><D63/><U16/><E16/><V31/><F51/><W130/><G130/><T109/><D46/><U11/><E11/><V32/><F9/><W80/><G103/><T52/><D109/><U15/><AGARI ba="0,1" hai="10,13,15,17,19,20,28,30,75,76,82,91,92,97" machi="15" ten="20,7800,0" yaku="1,1,0,1,7,1,53,1" doraHai="45" doraHaiUra="87" who="1" fromWho="1" sc="240,-26,235,88,280,-26,235,-26" /><INIT seed="1,1,0,4,2,35" ten="214,323,254,209" oya="1" hai0="13,14,118,27,42,95,22,61,123,16,97,49,65" hai1="30,93,18,8,99,3,125,2,74,124,69,78,105" hai2="84,52,5,127,94,4,64,56,11,120,9,128,86" hai3="60,58,0,17,32,39,7,92,111,40,75,10,72" shuffle="mt19937ar,DBED08F2,0AB748E5,7A39F156,529CBF62,F64F542F,A2B2CB31,EDFA01BA,FA03C653"/><U63/><E105/><V116/><F116/><W15/><G32/><T29/><D118/><U23/><E30/><V28/><F120/><W102/><G111/><T117/><D117/><U38/><E38/><V119/><F119/><W103/><G40/><T50/><D123/><U21/><E8/><V85/><F128/><W48/><G39/><T53/><D42/><U20/><E18/><V1/><F127/><N who="1" m="48713" /><E78/><V47/><F28/><W68/><G68/><T112/><D112/><U36/><E74/><V26/><F26/><W82/><G48/><T107/><D107/><U98/><E36/><V129/><F129/><W131/><G131/><T66/><D61/><U114/><E114/><V46/><F94/><W132/><G132/><T54/><D50/><U57/><E69/><V79/><F64/><N who="0" m="24682" /><D49/><U96/><E93/><V45/><F79/><W51/><G51/><T77/><D77/><U70/><E70/><V109/><F109/><W115/><G115/><T87/><D87/><U81/><E81/><V71/><F71/><W59/><G82/><T91/><D14/><U12/><E12/><V80/><F80/><W44/><G44/><T33/><D33/><U19/><E19/><V104/><F104/><W73/><G92/><T113/><D113/><U134/><E134/><V106/><F106/><W25/><G25/><T37/><D37/><U126/><E126/><V24/><F24/><W41/><G41/><T34/><D34/><U122/><E122/><V89/><F46/><W130/><G130/><T110/><D110/><U101/><E101/><V90/><F47/><W62/><G103/><RYUUKYOKU ba="1,0" sc="214,15,323,15,254,-15,209,-15" hai0="13,16,22,27,29,53,54,91,95,97" hai1="2,3,20,21,23,57,63,96,98,99" /><INIT seed="1,2,0,2,2,133" ten="229,338,239,194" oya="1" hai0="50,57,107,112,75,91,44,49,72,33,92,76,34" hai1="59,19,26,132,121,105,88,90,84,73,18,38,102" hai2="35,13,40,45,130,100,89,81,95,24,41,16,117" hai3="78,135,131,58,28,6,114,70,37,29,53,111,99" shuffle="mt19937ar,DA08412E,72E8E8DF,060A6FCE,6371CC54,0CD2EEB4,88F25A8B,4E9F1454,DFB4B739"/><U67/><E38/><V123/><F117/><W126/><G114/><T23/><D107/><U48/><E73/><V108/><F123/><W110/><G70/><T47/><D112/><U65/><E121/><V25/><F130/><W15/><G37/><T3/><D3/><U46/><E132/><V125/><F108/><N who="3" m="41515" /><G135/><T87/><D57/><U27/><E102/><V17/><F35/><W120/><G120/><T54/><D23/><U96/><E96/><V60/><F100/><W30/><G78/><T62/><D62/><N who="1" m="38111" /><E67/><V74/><F81/><W11/><G131/><T63/><D63/><U134/><E105/><V22/><F74/><W39/><G39/><T124/><D75/><U82/><E90/><V9/><F125/><W52/><G99/><T116/><D124/><U77/><E77/><V43/><F60/><N who="3" m="35911" /><G53/><T79/><D116/><U104/><E104/><V98/><REACH who="2" step="1"/><F25/><REACH who="2" step="2"/><N who="1" m="9225" /><E134/><V128/><F128/><W10/><G10/><T32/><REACH who="0" step="1"/><D72/><REACH who="0" step="2"/><U97/><E97/><V4/><F4/><W61/><G61/><T31/><D31/><U7/><E7/><V0/><F0/><W42/><G42/><AGARI ba="2,2" hai="32,33,34,42,44,47,49,50,54,76,79,87,91,92" machi="42" ten="40,1300,0" yaku="1,1,53,0" doraHai="133" doraHaiUra="113" who="0" fromWho="3" sc="219,39,338,0,229,0,194,-19" /><AGARI ba="2,0" hai="18,19,42,46,48,82,84,88" m="9225,38111" machi="42" ten="30,2900,0" yaku="8,1,54,1" doraHai="133" who="1" fromWho="3" sc="258,0,338,29,229,0,175,-29" /><INIT seed="1,3,0,1,4,128" ten="258,367,229,146" oya="1" hai0="21,48,75,24,102,133,42,2,46,77,6,53,56" hai1="101,123,99,130,79,30,116,34,70,122,55,73,118" hai2="88,80,117,135,85,50,61,92,121,82,41,26,78" hai3="71,49,74,13,54,112,44,47,119,124,43,66,132" shuffle="mt19937ar,E7D52FC8,14CDE3D7,1DBFE342,E1DE301C,07890F1B,0B58A1BE,33A4E9F5,9E963391"/><U81/><E55/><V20/><F117/><N who="1" m="45161" /><E70/><V111/><F121/><N who="1" m="46089" /><E30/><V7/><F111/><W23/><G74/><T11/><D102/><U31/><E31/><V4/><F135/><W32/><G32/><T129/><D133/><U67/><E67/><V106/><F106/><W89/><G119/><T68/><D68/><U59/><E59/><V19/><F61/><W105/><G105/><T83/><D129/><U18/><E18/><V40/><F82/><W103/><G103/><T15/><D15/><U45/><E45/><V3/><F3/><W97/><G132/><T10/><D10/><U107/><E34/><V29/><F29/><W51/><G71/><T96/><D96/><U36/><E36/><V100/><F100/><W5/><G66/><T125/><D21/><U120/><E120/><V86/><REACH who="2" step="1"/><F50/><REACH who="2" step="2"/><W108/><G51/><T110/><D110/><U98/><E130/><V60/><F60/><W134/><G49/><T25/><REACH who="0" step="1"/><D125/><REACH who="0" step="2"/><U52/><E101/><V76/><F76/><W109/><G109/><T27/><D27/><U63/><E107/><V69/><F69/><W113/><G108/><T126/><D126/><U57/><E79/><V104/><F104/><W0/><G124/><T95/><D95/><U9/><E81/><V64/><F64/><W93/><G93/><T115/><D115/><U1/><E1/><V87/><F87/><W131/><G113/><T28/><D28/><U58/><E98/><V17/><F17/><W14/><G97/><T12/><D12/><U62/><E99/><V90/><F90/><W16/><G89/><T33/><D33/><RYUUKYOKU ba="3,2" sc="248,15,367,-15,219,15,146,-15" hai0="2,6,11,24,25,42,46,48,53,56,75,77,83" hai2="4,7,19,20,26,40,41,78,80,85,86,88,92" /><INIT seed="2,4,2,4,1,63" ten="263,352,234,131" oya="2" hai0="77,34,89,109,22,96,98,21,9,135,134,52,121" hai1="29,106,32,93,13,100,12,76,46,69,108,127,118" hai2="80,47,71,15,16,62,25,120,128,10,18,14,37" hai3="107,7,112,19,110,130,26,23,35,57,131,1,6" shuffle="mt19937ar,059CEC6A,CC161AEF,0A9D7F79,D13F7F72,A574832F,CC6819FF,91C308F7,FFEDA9D9"/><V50/><F120/><W51/><G107/><T55/><D34/><U79/><E106/><V117/><F117/><W67/><G112/><T111/><D77/><U123/><E118/><V104/><F104/><W115/><G115/><T91/><REACH who="0" step="1"/><D9/><REACH who="0" step="2"/><U114/><E114/><V58/><F10/><W85/><G110/><T95/><D95/><U27/><E108/><V129/><F129/><N who="3" m="49163" /><G35/><T61/><D61/><U133/><E123/><AGARI ba="4,3" hai="21,22,52,55,89,91,96,98,109,111,121,123,134,135" machi="123" ten="25,6400,0" yaku="1,1,22,2,54,1,53,0" doraHai="63" doraHaiUra="103" who="0" fromWho="1" sc="253,106,352,-76,234,0,131,0" /><INIT seed="3,0,0,5,0,66" ten="359,276,234,131" oya="3" hai0="58,78,6,111,119,96,13,131,67,35,132,23,45" hai1="110,43,41,98,92,29,21,11,113,24,51,105,65" hai2="77,19,5,127,28,69,62,87,60,47,88,37,70" hai3="31,38,2,79,109,75,7,83,15,64,55,126,94" shuffle="mt19937ar,37FE1376,8B7B4BE3,F651BED9,3AA80418,65432188,87EFB32F,8BCD1767,2E5D9BF2"/><W14/><G38/><T84/><D35/><U71/><E105/><V63/><F28/><W48/><G31/><T101/><D119/><U50/><E110/><V80/><F5/><W117/><G117/><T120/><D120/><U39/><E113/><V128/><F128/><W125/><G109/><T36/><D36/><U85/><E85/><V44/><F127/><N who="3" m="48651" /><G64/><T30/><D45/><U116/><E116/><V8/><F77/><W27/><G27/><T93/><D131/><U81/><E81/><V104/><F104/><W1/><G94/><T108/><D132/><U124/><E124/><V33/><F33/><W54/><G54/><T118/><D118/><U32/><E39/><V76/><F76/><W112/><G112/><T97/><D78/><U4/><E32/><V17/><F47/><N who="3" m="28063" /><G7/><T90/><D6/><U135/><E135/><V102/><F102/><W16/><G15/><T18/><D13/><U82/><E82/><V40/><REACH who="2" step="1"/><F8/><AGARI ba="0,0" hai="1,2,8,14,16,75,79,83" m="28063,48651" machi="8" ten="30,2900,0" yaku="18,1,54,1" doraHai="66" who="3" fromWho="2" sc="359,0,276,0,234,-29,131,29" /><INIT seed="3,1,0,1,3,91" ten="359,276,205,160" oya="3" hai0="56,124,53,127,89,28,35,12,135,90,130,81,106" hai1="111,102,6,10,7,122,17,23,95,74,59,77,133" hai2="52,128,103,32,72,86,80,71,25,113,9,13,67" hai3="79,57,109,42,19,29,64,120,44,114,96,73,112" shuffle="mt19937ar,ED83CB2C,E21BA3A9,4EDC83E6,6F99AA97,417CC141,B77BE701,96130526,E7274FDE"/><W115/><G120/><T88/><D106/><U100/><E122/><V0/><F0/><W5/><G5/><T69/><D69/><U93/><E111/><V4/><F113/><W117/><G117/><T101/><D101/><N who="1" m="39019" /><E74/><V134/><F72/><W37/><G29/><T116/><D116/><U16/><E77/><V78/><F134/><W2/><G2/><T94/><D135/><U75/><E75/><V84/><F128/><W65/><G109/><T83/><D130/><U119/><E133/><V60/><F103/><W125/><G125/><N who="0" m="48203" /><D12/><N who="1" m="7191" /><E119/><V8/><F8/><W15/><G96/><T41/><D41/><U104/><E104/><V85/><F32/><W33/><G33/><T98/><D83/><U38/><E38/><V21/><F52/><W62/><G65/><T123/><D81/><U46/><E46/><V105/><F105/><W20/><REACH who="3" step="1"/><G114/><REACH who="3" step="2"/><T30/><D123/><U55/><E7/><V47/><F47/><W43/><G43/><T51/><D30/><AGARI ba="1,1" hai="4,9,13,21,25,30,60,67,71,78,80,84,85,86" machi="30" ten="30,1000,0" yaku="7,1" doraHai="91" who="2" fromWho="0" sc="359,-13,276,0,205,23,150,0" owari="346,34,276,3,228,-12,150,-25" /></mjloggm>