<mjloggm ver="2.3"><GO type="225"/><UN n0="%E8%B6%85%E3%83%92%E3%83%A2%E3%83%AA%E3%83%AD" n1="%E6%9C%A7%E5%A4%8F%E6%9C%88" n2="%E9%9B%AA%E5%9B%BD%E8%82%B2%E3%81%A1" n3="%45%56%41%4E%53%49%55" dan="17,17,17,16" rate="2067,2149,2137,2067" sx="F,M,M,M"/><TAIKYOKU oya="0"/><INIT seed="0,0,0,2,4,5" ten="250,250,250,250" oya="0" hai0="17,111,87,3,108,22,48,128,20,18,43,135,93" hai1="116,53,61,115,80,112,68,65,39,127,7,69,46" hai2="58,57,13,74,10,62,30,71,51,83,89,28,90" hai3="77,35,124,101,55,98,27,82,56,16,8,76,59" shuffle="mt19937ar,2FDDF3CB,0D21E692,11862C32,2908C7B5,49A0C410,9360A048,21888B46,1281163F"/><T66/><D3/><U44/><E80/><V120/><F71/><W117/><G117/><T121/><D121/><U2/><E2/><V133/><F120/><W88/><G124/><T107/><D107/><U33/><E33/><V95/><F133/><W123/><G123/><T78/><D135/><U6/><E116/><V132/><F132/><W12/><G35/><T34/><D34/><U11/><E127/><V29/><F74/><W119/><G119/><T42/><D66/><U125/><E125/><V37/><F37/><W38/><G27/><T86/><D128/><U110/><E110/><N who="0" m="42025" /><D78/><N who="3" m="30313" /><G38/><T14/><D48/><U45/><E39/><V47/><F83/><W19/><G55/><T36/><D36/><U113/><E69/><V129/><F129/><W122/><G122/><T9/><D22/><U102/><E53/><N who="2" m="29951" /><F62/><W109/><G19/><T106/><D106/><U21/><E21/><V31/><N who="2" m="7680" /><DORA hai="97" /><V81/><F81/><W104/><G104/><T54/><D54/><U52/><E52/><V118/><F118/><W4/><G4/><T0/><D0/><N who="1" m="455" /><E7/><N who="2" m="3295" /><F89/><W40/><G40/><N who="0" m="15403" /><D93/><U72/><E72/><V114/><F114/><W126/><G109/><T91/><D91/><U70/><E70/><V32/><F32/><W134/><G126/><T92/><D92/><U100/><AGARI ba="0,0" hai="44,45,46,61,65,68,100,102,112,113,115" m="455" machi="100" ten="40,8000,1" yaku="11,1,52,3" doraHai="5,97" who="1" fromWho="1" sc="250,-40,250,80,250,-20,250,-20" /><INIT seed="1,0,0,0,0,97" ten="210,330,230,230" oya="1" hai0="96,124,47,78,17,83,108,135,118,36,111,84,67" hai1="4,81,15,40,16,105,39,14,37,46,48,10,42" hai2="5,134,58,123,112,66,65,94,27,31,104,60,120" hai3="62,41,74,29,113,110,131,82,75,38,119,51,26" shuffle="mt19937ar,DE422BFB,3A086531,3FCE79D4,951ABBB1,D85E7DA5,CDE9DFF5,ACC481A2,096CDAE3"/><U13/><E105/><V109/><F112/><W53/><G113/><T73/><D118/><U44/><E48/><V92/><F104/><W95/><G110/><N who="0" m="42027" /><D124/><U59/><E59/><V28/><F109/><W64/><G131/><T133/><D67/><U77/><REACH who="1" step="1"/><E4/><REACH who="1" step="2"/><V2/><F5/><W22/><G119/><T102/><D36/><U18/><E18/><V126/><F58/><W45/><G95/><N who="0" m="58655" /><D17/><U91/><E91/><V121/><F94/><W52/><G82/><N who="0" m="45391" /><D47/><U7/><E7/><V23/><F121/><W125/><G125/><T132/><D132/><U0/><E0/><V20/><F123/><W24/><G38/><T106/><D106/><U107/><E107/><V115/><F2/><W103/><G45/><T56/><D56/><U54/><E54/><V98/><F120/><W63/><G52/><T87/><D87/><AGARI ba="0,1" hai="10,13,14,15,16,37,39,40,42,44,46,77,81,87" machi="87" ten="30,18000,2" yaku="1,1,7,1,9,1,54,1,53,2" doraHai="97" doraHaiUra="68" who="1" fromWho="0" sc="210,-180,320,190,230,0,230,0" /><INIT seed="1,1,0,4,3,6" ten="30,510,230,230" oya="1" hai0="117,12,64,119,24,5,133,81,20,96,73,66,39" hai1="106,100,40,3,34,130,80,89,69,22,2,33,13" hai2="41,104,43,125,91,78,57,0,74,77,29,36,28" hai3="42,98,37,50,65,90,23,27,19,113,109,67,102" shuffle="mt19937ar,96DE7401,99FA9D7F,9A1447ED,E51187BA,A9ACCE41,FAD2FCC4,3A098574,EB1585FF"/><U44/><E69/><V123/><F104/><W46/><G113/><T52/><D39/><U75/><E100/><V127/><F123/><W35/><G109/><T79/><D133/><U92/><E106/><V18/><F0/><W53/><G35/><T84/><D73/><U58/><E58/><V94/><F57/><W115/><G115/><T87/><D117/><U134/><E130/><V95/><F18/><W131/><G131/><T105/><D119/><U97/><E34/><V9/><F91/><W60/><G90/><T126/><D126/><U48/><E33/><V128/><F128/><W38/><G38/><T135/><D135/><U11/><E22/><V88/><F88/><W132/><G132/><T71/><D71/><U111/><E111/><V25/><F36/><W59/><REACH who="3" step="1"/><G37/><REACH who="3" step="2"/><T45/><D79/><U30/><E134/><V16/><F78/><W61/><G61/><T7/><D81/><U1/><E80/><V72/><F77/><W70/><G70/><T49/><D96/><U103/><E89/><V4/><F125/><W129/><G129/><T116/><D116/><U26/><E97/><V112/><F112/><W99/><G99/><T122/><D122/><U110/><E110/><V120/><F120/><W51/><G51/><T83/><D83/><U101/><E48/><V10/><F127/><W114/><G114/><T107/><D49/><U15/><E103/><V21/><F74/><W55/><G55/><T68/><D52/><U14/><E101/><V63/><F72/><W17/><G17/><T85/><D68/><U93/><E75/><V118/><F118/><RYUUKYOKU ba="1,1" sc="30,-10,510,-10,230,-10,220,30" hai3="19,23,27,42,46,50,53,59,60,65,67,98,102" /><INIT seed="2,2,1,4,0,92" ten="20,500,220,250" oya="2" hai0="127,81,44,27,95,67,51,43,89,94,107,11,29" hai1="93,130,21,65,41,33,49,77,124,103,45,132,60" hai2="106,22,1,105,126,55,54,68,85,123,100,40,61" hai3="13,48,42,20,69,24,110,90,101,83,72,97,131" shuffle="mt19937ar,D5B39D09,17D0AA64,93553052,962EE533,EC07AD0B,B6B39CC6,FABA78FE,477AACDA"/><V4/><F123/><W91/><G69/><T73/><D107/><U71/><E33/><V38/><F126/><W18/><G110/><T10/><D127/><U52/><E124/><V39/><F1/><W47/><G131/><T17/><D67/><U6/><E77/><V70/><F4/><W111/><G111/><T104/><D104/><U64/><E64/><V19/><F85/><W58/><G58/><T125/><D125/><U115/><E115/><V0/><F0/><W3/><G3/><T63/><D63/><U16/><E132/><V56/><F40/><W98/><G72/><T112/><D112/><U133/><E133/><V46/><F46/><W23/><G101/><T96/><D73/><U75/><E75/><V15/><F55/><W26/><G13/><T37/><D81/><U119/><E6/><V79/><F79/><W122/><G122/><T117/><D117/><U34/><E34/><V116/><F106/><W108/><G108/><T31/><D37/><U35/><E35/><V30/><F30/><N who="3" m="17671" /><G90/><T114/><D114/><U5/><E5/><V76/><F76/><W80/><G83/><T32/><D31/><U128/><E119/><V74/><F74/><W14/><G26/><T66/><D66/><U36/><E41/><V113/><F113/><W62/><G62/><T2/><D2/><U134/><E36/><N who="2" m="13867" /><F116/><W28/><G28/><T120/><D120/><U25/><E134/><V57/><F57/><W8/><G8/><T78/><D78/><U99/><AGARI ba="2,1" hai="16,21,25,45,49,52,60,65,71,93,99,103,128,130" machi="99" ten="30,7900,0" yaku="0,1,52,1,54,2" doraHai="92" who="1" fromWho="1" sc="20,-22,500,95,220,-41,250,-22" owari="-2,-40,595,59,179,-17,228,-2" /></mjloggm>