<mjloggm ver="2.3"><GO type="185"/><UN n0="%E3%81%B0%E3%81%8F%E3%81%92%E3%81%A3%E3%81%8D" n1="%53%54%4F%53%48%49%59%41" n2="%E5%8D%81%E5%85%AD%E5%A4%9C%E2%80%A0%E5%92%B2%E5%A4%9C" n3="" dan="16,16,16,0" rate="2281,2073,2168,1500" sx="M,M,F,C"/><TAIKYOKU oya="0"/><INIT seed="0,0,0,3,4,2" ten="350,350,350,0" oya="0" hai0="126,38,74,105,35,116,67,43,109,71,90,111,92" hai1="118,65,73,106,37,101,61,33,66,50,51,60,78" hai2="36,86,49,34,59,131,41,46,45,32,107,62,85" hai3="" shuffle="mt19937ar,6BD45FB7,8B9FC68F,0E331E88,902E9E78,74997E62,7C2AC86F,33194B73,BB4149ED"/><T113/><RYUUKYOKU type="yao9" ba="0,0" sc="350,0,350,0,350,0,0,0" hai0="35,38,43,67,71,74,90,92,105,109,111,113,116,126" /><INIT seed="0,1,0,5,2,91" ten="350,350,350,0" oya="0" hai0="89,38,0,67,42,127,107,96,45,56,109,61,73" hai1="133,130,124,53,110,35,3,102,134,105,118,101,65" hai2="135,54,106,132,59,34,74,36,116,87,71,57,51" hai3="" shuffle="mt19937ar,21D649E9,B61C8A0C,BCC4F001,9843F792,FFA81EAB,38DB6226,E30665B8,4C8588D9"/><T66/><D0/><U113/><E3/><V121/><N who="2" m="31008" /><V92/><F74/><T81/><D127/><U72/><E35/><V47/><F34/><T112/><D112/><U76/><E113/><V44/><F106/><T52/><D109/><U117/><E110/><V64/><F87/><T55/><D107/><U95/><E65/><V115/><F92/><T93/><REACH who="0" step="1"/><D66/><REACH who="0" step="2"/><U40/><E105/><V83/><F115/><T69/><D69/><U43/><E124/><V103/><F64/><T85/><D85/><U46/><E72/><V37/><F71/><T77/><AGARI ba="1,1" hai="38,42,45,52,55,56,61,67,73,77,81,89,93,96" machi="77" ten="30,7800,0" yaku="1,1,0,1,52,1,54,1,53,0" doraHai="91" doraHaiUra="122" who="0" fromWho="0" sc="340,90,350,-40,350,-40,0,0" /><INIT seed="0,2,0,4,4,133" ten="430,310,310,0" oya="0" hai0="62,3,34,66,112,91,126,61,81,2,63,36,100" hai1="76,99,128,102,130,77,40,90,79,101,64,106,42" hai2="88,47,35,44,67,56,135,73,82,109,71,41,120" hai3="" shuffle="mt19937ar,85CE01D6,215DFDB8,327E4ED2,B6D6333A,DDD38926,0D465C5C,544A055D,B49F5684"/><T58/><D34/><U53/><E64/><V45/><N who="2" m="30752" /><V52/><F35/><T83/><D112/><U125/><E53/><V121/><N who="2" m="31008" /><V108/><F135/><T32/><D32/><U111/><E111/><N who="2" m="42571" /><F67/><T59/><D36/><U96/><E90/><V55/><F71/><T80/><D100/><N who="1" m="38507" /><E106/><V39/><F55/><T75/><D91/><U57/><E57/><N who="0" m="21513" /><D66/><U69/><E69/><V98/><F98/><N who="1" m="37417" /><E125/><V105/><F105/><T50/><D50/><U86/><E86/><V74/><F88/><T92/><D92/><U54/><E54/><V131/><F131/><AGARI ba="2,0" hai="40,42,76,77,79,128,130,131" m="37417,38507" machi="131" ten="40,5200,0" yaku="28,2,19,1" doraHai="133" who="1" fromWho="2" sc="430,0,310,56,310,-56,0,0" /><INIT seed="1,0,0,1,4,48" ten="430,366,254,0" oya="1" hai0="114,87,108,102,38,49,61,81,121,125,126,98,112" hai1="32,57,109,96,89,85,100,101,99,0,84,128,51" hai2="64,63,43,37,120,40,91,77,3,105,132,68,94" hai3="" shuffle="mt19937ar,47DB332D,A48B1B83,721714F0,50AB685F,597B6527,4496B60F,32943A37,3DFDFD22"/><U33/><E0/><V130/><N who="2" m="30752" /><V118/><F3/><T110/><D38/><U39/><E39/><V88/><F105/><T42/><N who="0" m="31008" /><T55/><D42/><U45/><E57/><V133/><F118/><T116/><D61/><U86/><E128/><V59/><F130/><T117/><D55/><U93/><E89/><V79/><F91/><T75/><D49/><U135/><E135/><N who="2" m="51787" /><F68/><T46/><D46/><U106/><REACH who="1" step="1"/><E109/><REACH who="1" step="2"/><N who="0" m="42089" /><D75/><U119/><E119/><N who="0" m="45641" /><D114/><U134/><E134/><V104/><F37/><T97/><D112/><U56/><E56/><V76/><F59/><T80/><D80/><U83/><E83/><V58/><F58/><T90/><D98/><U123/><N who="1" m="31520" /><U122/><N who="1" m="31264" /><U73/><E73/><V53/><F64/><T111/><D111/><U50/><E50/><V92/><F63/><T67/><D67/><U62/><E62/><V65/><F65/><T95/><AGARI ba="0,1" hai="81,87,90,95,97,102,125,126" m="45641,42089,31008" machi="95" ten="40,6000,1" yaku="14,1,12,1,34,2,52,1" doraHai="48" who="0" fromWho="0" sc="430,70,356,-40,254,-20,0,0" /><INIT seed="2,0,0,2,3,133" ten="500,316,234,0" oya="2" hai0="131,78,44,103,96,125,72,119,134,98,3,102,112" hai1="47,114,107,58,106,86,66,123,43,110,69,41,57" hai2="36,99,1,109,76,52,121,120,54,32,51,126,37" hai3="" shuffle="mt19937ar,74C798F7,076A5C78,01761724,E536A9E4,9A8EB1AE,C6F63E27,EAEB0175,B20A12EB"/><V130/><N who="2" m="30752" /><V108/><N who="2" m="31008" /><V113/><F1/><T92/><D3/><U46/><N who="1" m="31520" /><U67/><E69/><V33/><F76/><T105/><D119/><U95/><E95/><V63/><F113/><T48/><D134/><U128/><E86/><V118/><F118/><T61/><D112/><U45/><E114/><V80/><F80/><T65/><D131/><U104/><E128/><V75/><F75/><T73/><D78/><U59/><REACH who="1" step="1"/><E110/><REACH who="1" step="2"/><V117/><F130/><T88/><D73/><U132/><E132/><V68/><F117/><T124/><D72/><U101/><E101/><V94/><F68/><T71/><REACH who="0" step="1"/><D103/><REACH who="0" step="2"/><U91/><E91/><V42/><F109/><T82/><D82/><U2/><E2/><V62/><F108/><T40/><AGARI ba="0,2" hai="40,44,48,61,65,71,88,92,96,98,102,105,124,125" machi="40" ten="30,6000,1" yaku="1,1,0,1,52,2,54,1,53,0" doraHai="133" doraHaiUra="70" who="0" fromWho="0" sc="490,80,306,-20,234,-40,0,0" /><INIT seed="4,0,0,3,1,87" ten="570,286,194,0" oya="0" hai0="91,50,82,128,60,66,45,48,99,47,97,105,70" hai1="41,61,62,1,89,42,2,106,84,57,0,64,122" hai2="127,76,39,102,92,43,78,83,125,117,81,32,52" hai3="" shuffle="mt19937ar,823D6150,4A4EBB0A,5EEE6A5C,228AFA15,8C72F346,CC934A66,A6D4A084,FC7C7211"/><T3/><D3/><U69/><N who="1" m="31264" /><U88/><E106/><V119/><F32/><T121/><N who="0" m="31008" /><T86/><D105/><U118/><E118/><N who="2" m="45067" /><F52/><T120/><N who="0" m="30752" /><T101/><D101/><U124/><E124/><N who="2" m="47691" /><F43/><T114/><D128/><U107/><E107/><V67/><F67/><T95/><D82/><N who="2" m="31242" /><F39/><T130/><D130/><U36/><E84/><V126/><N who="2" m="47699" /><V132/><DORA hai="72" /><F132/><T56/><D70/><U85/><E85/><V55/><F55/><T40/><D47/><U46/><REACH who="1" step="1"/><E42/><REACH who="1" step="2"/><V111/><F111/><T63/><D40/><U113/><E113/><V108/><F108/><T54/><D114/><U38/><E38/><V134/><F134/><T59/><D45/><U112/><E112/><V98/><AGARI ba="0,1" hai="76,78,92,98,102" m="31242,47699,45067" machi="98" ten="50,9000,2" yaku="12,1,18,1,34,2,52,2" doraHai="87,72" who="2" fromWho="2" sc="570,-60,276,-30,194,100,0,0" /><INIT seed="5,0,0,3,0,114" ten="510,246,294,0" oya="1" hai0="135,119,81,51,34,89,62,84,83,87,122,55,45" hai1="115,75,106,2,44,56,58,1,86,129,71,39,130" hai2="76,60,124,72,99,49,43,91,48,92,95,97,128" hai3="" shuffle="mt19937ar,41ACB21A,40417BE0,7F96F2E8,94340C16,9570EF4D,4524C206,CD6CD586,8375C560"/><U50/><E115/><V109/><F109/><T111/><D111/><U63/><E75/><V53/><F128/><N who="1" m="49257" /><E106/><V132/><F132/><T105/><D135/><U113/><E39/><V107/><F107/><T47/><D105/><U0/><E113/><V108/><F108/><T69/><D34/><U70/><E86/><V37/><F124/><T123/><D47/><U121/><N who="1" m="31008" /><U52/><E58/><V110/><F110/><T3/><D3/><N who="1" m="771" /><U98/><DORA hai="133" /><E98/><V101/><F37/><T125/><D87/><U40/><AGARI ba="0,0" hai="40,44,50,52,56,63,70,71" m="771,31008,49257" machi="40" ten="50,6400,0" yaku="19,1,52,1,54,1" doraHai="114,133" who="1" fromWho="1" sc="510,-32,246,64,294,-32,0,0" /><INIT seed="5,1,0,3,4,112" ten="478,310,262,0" oya="1" hai0="65,58,130,51,64,67,66,97,86,79,131,70,74" hai1="45,76,36,91,34,134,57,83,104,103,41,117,87" hai2="110,71,55,62,111,72,106,101,32,42,73,126,99" hai3="" shuffle="mt19937ar,C5BD2D54,A06AEE13,7C0708F7,50CE96D6,E1C30275,3933A331,B8747D17,7DF9E720"/><U77/><E34/><V0/><F0/><T48/><D74/><U85/><E134/><V44/><F32/><T46/><D97/><U92/><E117/><V133/><F133/><T54/><D79/><U63/><E104/><V96/><F126/><T123/><N who="0" m="31520" /><T113/><D86/><U69/><E69/><V75/><F99/><T81/><D81/><U124/><E124/><V93/><F93/><T1/><D1/><U102/><REACH who="1" step="1"/><E77/><REACH who="1" step="2"/><V80/><F71/><T50/><D70/><U82/><E82/><V114/><F80/><T33/><D33/><U98/><E98/><V115/><F96/><T125/><D125/><U119/><E119/><V59/><F106/><T132/><D132/><U122/><N who="1" m="31264" /><U60/><E60/><V68/><F62/><T109/><D131/><U56/><E56/><V61/><F59/><T40/><D130/><U127/><E127/><V118/><F61/><T47/><D58/><U90/><E90/><V52/><F68/><T43/><N who="0" m="16896" /><DORA hai="3" /><T105/><D105/><U78/><E78/><V116/><F116/><T53/><D47/><U100/><E100/><V95/><F101/><T35/><D46/><U135/><E135/><V108/><F118/><T94/><D35/><U88/><E88/><RYUUKYOKU ba="1,1" sc="478,-10,300,20,262,-10,0,0" hai1="36,41,45,57,63,76,83,85,87,91,92,102,103" /><INIT seed="5,2,1,4,4,44" ten="468,320,252,0" oya="1" hai0="76,103,51,74,38,128,97,70,126,80,34,90,78" hai1="48,116,124,64,0,107,132,55,106,69,32,109,60" hai2="93,57,89,85,127,53,135,41,36,101,113,111,50" hai3="" shuffle="mt19937ar,EAF31F5A,26C4332B,899F9361,D81B2A64,4007B425,0F932B74,8304EC4F,B2E1176F"/><U1/><E32/><V102/><F111/><T125/><D34/><U33/><E33/><V117/><F117/><T104/><D38/><U71/><E116/><V94/><F135/><T62/><D128/><U123/><N who="1" m="31520" /><U43/><E109/><V121/><N who="2" m="31008" /><V52/><F127/><N who="0" m="48650" /><D74/><U45/><E124/><V119/><F119/><T133/><D133/><U58/><E132/><V131/><F131/><T82/><D51/><U49/><REACH who="1" step="1"/><E71/><REACH who="1" step="2"/><V40/><F113/><T65/><D70/><U122/><N who="1" m="31264" /><U92/><E92/><V87/><F94/><T96/><D82/><U73/><E73/><V47/><F93/><T134/><D134/><U100/><E100/><V110/><F102/><T42/><D103/><U108/><E108/><V72/><F101/><T88/><D80/><U99/><E99/><V46/><F110/><T83/><D83/><U61/><E61/><V37/><F72/><T3/><D97/><U79/><E79/><V105/><F105/><AGARI ba="2,2" hai="0,1,43,45,48,49,55,58,60,64,69,105,106,107" m="31264,31520" machi="105" ten="40,12000,1" yaku="1,1,52,4,53,0" doraHai="44" doraHaiUra="77" who="1" fromWho="2" sc="468,0,310,144,252,-124,0,0" /><INIT seed="5,3,0,4,2,51" ten="468,454,128,0" oya="1" hai0="90,118,67,117,88,3,56,32,65,69,122,80,102" hai1="83,95,103,119,121,124,62,89,120,81,109,116,34" hai2="50,133,33,86,43,113,110,35,48,101,77,42,49" hai3="" shuffle="mt19937ar,1A369044,9D990A7E,6548D8F7,3884A2F6,EF57528F,CDF764CA,A5BD1E3F,A04A4B0F"/><U105/><N who="1" m="30752" /><U61/><N who="1" m="31008" /><U92/><E34/><V66/><F110/><T129/><N who="0" m="31264" /><T0/><D32/><U134/><E109/><V36/><F35/><T59/><D102/><U41/><E41/><V63/><F33/><T127/><D80/><U106/><E103/><V85/><F101/><T100/><D100/><U104/><E89/><N who="0" m="34409" /><D69/><U130/><E130/><V74/><F50/><T135/><D129/><U82/><E134/><V96/><F49/><T44/><D44/><U52/><E124/><V72/><F48/><T40/><D40/><U1/><E1/><N who="0" m="585" /><D135/><U53/><E105/><V84/><F43/><T38/><D38/><U68/><E83/><V87/><F36/><T111/><D111/><U112/><E68/><V76/><F42/><T55/><D127/><U78/><E78/><V98/><F77/><T71/><D71/><U39/><E39/><V94/><F76/><T57/><D55/><U99/><E99/><V107/><F98/><T126/><D126/><U60/><E60/><V114/><F96/><T58/><N who="0" m="14848" /><DORA hai="79" /><T123/><N who="0" m="31520" /><T108/><D108/><U132/><REACH who="1" step="1"/><E132/><REACH who="1" step="2"/><V46/><F63/><T37/><D37/><U47/><E47/><V70/><N who="2" m="21504" /><DORA hai="93" /><V128/><F133/><RYUUKYOKU ba="3,1" sc="468,10,444,10,128,-20,0,0" hai0="65,67,117,118" hai1="52,53,61,62,81,82,92,95,104,106,112,116,119" /><INIT seed="5,4,1,2,2,89" ten="478,454,108,0" oya="1" hai0="103,92,100,83,56,115,102,0,86,46,96,67,106" hai1="43,47,55,97,109,134,133,57,122,68,44,85,107" hai2="84,130,114,3,94,72,74,125,76,127,99,82,95" hai3="" shuffle="mt19937ar,D5F80CF3,5E959234,B9F05A26,F938DE4A,126C988A,8F8DF748,0B0794A6,0627B6F7"/><U38/><N who="1" m="31264" /><U54/><E68/><V2/><F2/><T117/><D0/><U60/><E109/><V61/><F3/><T41/><D106/><U50/><REACH who="1" step="1"/><E85/><REACH who="1" step="2"/><V79/><F84/><T39/><D117/><U101/><AGARI ba="4,2" hai="38,43,44,47,50,54,55,57,60,97,101,107,133,134" m="31264" machi="101" ten="30,8000,1" yaku="1,1,2,1,0,1,52,1,53,1" doraHai="89" doraHaiUra="70" who="1" fromWho="1" sc="478,-44,444,108,108,-44,0,0" /><INIT seed="5,5,0,2,4,115" ten="434,552,64,0" oya="1" hai0="39,116,84,56,72,125,60,38,52,132,81,35,80" hai1="44,32,89,86,61,101,90,93,85,57,128,127,118" hai2="97,129,87,58,135,34,2,111,42,92,124,70,131" hai3="" shuffle="mt19937ar,E48E3EF1,8EAB7619,55367373,564DE8BA,9EE96FB6,8B04207B,F85F2642,6AD9DA48"/><U83/><E32/><V49/><F70/><T108/><D35/><U64/><E128/><V67/><F34/><T114/><D108/><U62/><E127/><V3/><F2/><T66/><D125/><U47/><E118/><V65/><F3/><T95/><D114/><U36/><E36/><V107/><F87/><T110/><D110/><U102/><E62/><V43/><F107/><T113/><D113/><U1/><E1/><V91/><F91/><T59/><D116/><U130/><E130/><V99/><F92/><T71/><D132/><U53/><E64/><V41/><F99/><T82/><D72/><U74/><E74/><V54/><F97/><T40/><D71/><U33/><E33/><V117/><F124/><T121/><N who="0" m="31008" /><T76/><D39/><U48/><E61/><V119/><F111/><T105/><D105/><U69/><E69/><V96/><F96/><T79/><D38/><U109/><E109/><V63/><F135/><T94/><D40/><U126/><E126/><V104/><F104/><T75/><D82/><U134/><E134/><V133/><F133/><T51/><AGARI ba="5,0" hai="51,52,56,59,60,66,75,76,79,80,81,84,94,95" m="31008" machi="51" ten="20,3900,0" yaku="0,1,7,1,52,1,54,1" doraHai="115" who="0" fromWho="0" sc="434,49,552,-31,64,-18,0,0" /><INIT seed="6,0,0,5,3,78" ten="483,521,46,0" oya="2" hai0="74,84,64,87,38,88,79,122,91,131,89,46,37" hai1="58,110,52,68,106,0,65,73,123,97,107,120,124" hai2="103,125,104,47,57,92,81,101,41,55,62,77,128" hai3="" shuffle="mt19937ar,A97D1846,D7006656,25D6D7D4,C33E04DB,A6753325,AB981E14,E54048B3,E8DC7466"/><V56/><F104/><T119/><N who="0" m="31264" /><T111/><D111/><U121/><N who="1" m="30752" /><U44/><N who="1" m="31008" /><U132/><N who="1" m="31520" /><U69/><E110/><V76/><F128/><T108/><D108/><U95/><E0/><V94/><F125/><T82/><D119/><U98/><E73/><V61/><F41/><T45/><D131/><U130/><E124/><V96/><F47/><T63/><D46/><U113/><E130/><V36/><F36/><T66/><D66/><U116/><E116/><V34/><F34/><T117/><D117/><U2/><E2/><V83/><REACH who="2" step="1"/><F55/><REACH who="2" step="2"/><T112/><D45/><U40/><E107/><V32/><F32/><T53/><D53/><U126/><E126/><V70/><F70/><T85/><REACH who="0" step="1"/><D112/><REACH who="0" step="2"/><U118/><E113/><V60/><F60/><T115/><D115/><U49/><E118/><V135/><F135/><T59/><AGARI ba="0,2" hai="37,38,59,63,64,74,79,82,84,85,87,88,89,91" m="31264" machi="59" ten="30,9000,2" yaku="1,1,0,1,52,2,54,1,53,2" doraHai="78" doraHaiUra="71" who="0" fromWho="0" sc="473,110,521,-30,36,-60,0,0" owari="583,53,491,9,-24,-62,0,0" /></mjloggm>