<mjloggm ver="2.3"><GO type="225"/><UN n0="%E7%AB%9C%E9%A9%A4%E9%BA%9F%E6%8C%AF" n1="%74%EF%BC%9C%6E" n2="%E3%83%81%E3%83%A3%E3%82%AA%E3%83%AA" n3="%6E%6F%72%69%73%69%6F" dan="17,16,17,16" rate="2019,2079,2155,2026" sx="M,F,M,M"/><TAIKYOKU oya="0"/><INIT seed="0,0,0,4,3,56" ten="250,250,250,250" oya="0" hai0="20,30,109,49,19,110,28,2,73,106,75,121,101" hai1="44,89,25,92,78,0,45,97,128,117,130,15,91" hai2="80,114,135,35,69,1,126,17,108,23,7,5,71" hai3="68,127,87,100,116,57,43,39,111,64,32,34,41" shuffle="mt19937ar,FFA273C3,DA820AF7,320837EC,73522AFE,CFD115A1,F83E3831,E165F20E,26539D14"/><T27/><D2/><U33/><E0/><V134/><F35/><W10/><G68/><N who="2" m="26185" /><F114/><W104/><G116/><T90/><D121/><U133/><E117/><V99/><F99/><W11/><G39/><T86/><D49/><U3/><E3/><V107/><F107/><W85/><G104/><T74/><D101/><U29/><E78/><V84/><F108/><N who="0" m="41578" /><D106/><U98/><E133/><N who="2" m="50699" /><F1/><W94/><G100/><T53/><D53/><U59/><E15/><N who="2" m="9663" /><F126/><W58/><G127/><T46/><D46/><U124/><E124/><V24/><F24/><W77/><G111/><T60/><D60/><U18/><E44/><V6/><F6/><W16/><G43/><T31/><D31/><U79/><E45/><V13/><F13/><W88/><G41/><T76/><D76/><AGARI ba="0,0" hai="5,7,76,80,84" m="9663,50699,26185" machi="76" ten="30,1000,0" yaku="20,1" doraHai="56" who="2" fromWho="0" sc="250,-10,250,0,250,10,250,0" /><INIT seed="1,0,0,5,3,27" ten="240,250,260,250" oya="1" hai0="6,33,17,72,23,76,75,39,58,7,3,95,70" hai1="28,9,126,22,100,41,55,66,128,92,50,111,117" hai2="86,99,63,78,5,135,80,35,134,102,45,54,51" hai3="120,0,31,89,97,47,112,13,60,115,133,88,1" shuffle="mt19937ar,40A446EE,AB45733A,97279670,0317AD36,B4CB9759,1FC4D407,F21AB61B,00655E76"/><U94/><E117/><V96/><F5/><W30/><G47/><T116/><D70/><U29/><E126/><V77/><F77/><W24/><G120/><T91/><D116/><U74/><E74/><V93/><F35/><W26/><G60/><T15/><D39/><U18/><E128/><V69/><REACH who="2" step="1"/><F99/><REACH who="2" step="2"/><W84/><G97/><T25/><D76/><U118/><E118/><V43/><F43/><W46/><G84/><T130/><D7/><U62/><E41/><V87/><F87/><W53/><G53/><T113/><D33/><U90/><E111/><V32/><F32/><W123/><G123/><T36/><D6/><U59/><E100/><V79/><F79/><W61/><G61/><T71/><D130/><U124/><E124/><V108/><F108/><W49/><G133/><T121/><D121/><U114/><E62/><V38/><F38/><W129/><G129/><T14/><D36/><U11/><E66/><AGARI ba="0,1" hai="45,51,54,63,66,69,78,80,86,93,96,102,134,135" machi="66" ten="40,1300,0" yaku="1,1,53,0" doraHai="27" doraHaiUra="101" who="2" fromWho="1" sc="240,0,250,-13,250,23,250,0" /><INIT seed="2,0,0,1,2,35" ten="240,237,273,250" oya="2" hai0="134,20,17,62,68,1,100,132,90,69,108,55,118" hai1="43,36,38,80,122,126,82,77,26,127,97,23,85" hai2="99,81,111,52,28,123,18,39,116,133,101,40,129" hai3="50,79,88,86,49,110,76,37,87,34,115,112,83" shuffle="mt19937ar,16B63533,D0928F66,7CBE7DBF,3A762008,EF659FBB,733556F5,0F96527B,977A0E77"/><V102/><F116/><W51/><G37/><T10/><D100/><U121/><E97/><V16/><F123/><N who="1" m="47113" /><E80/><V65/><F65/><W124/><G34/><T45/><D108/><U0/><E0/><V94/><F111/><W135/><G110/><T4/><D118/><U15/><E15/><V113/><F113/><N who="3" m="43595" /><G135/><N who="0" m="51755" /><D90/><U2/><E2/><V8/><F133/><W61/><G61/><T9/><D9/><U33/><E33/><V6/><F28/><W42/><G124/><N who="1" m="47658" /><E43/><V98/><F40/><W114/><G114/><T92/><D92/><U11/><E11/><V105/><F94/><N who="3" m="54551" /><G42/><T57/><D45/><U47/><E47/><V73/><F73/><W31/><G31/><AGARI ba="0,0" hai="23,26,31,36,38,77,82,85" m="47658,47113" machi="31" ten="30,2000,0" yaku="13,1,18,1" doraHai="35" who="1" fromWho="3" sc="240,0,237,20,273,0,250,-20" /><INIT seed="3,0,0,2,2,67" ten="240,257,273,230" oya="3" hai0="69,20,8,95,9,52,64,15,127,72,33,75,11" hai1="10,35,57,90,53,38,54,78,28,27,86,24,70" hai2="59,43,73,37,110,6,79,18,22,83,96,91,36" hai3="131,55,111,113,87,41,42,118,49,14,23,129,134" shuffle="mt19937ar,CBAD5CA4,C20DA7B3,51819A94,BF7D3161,AE8CC441,09E6154D,87EFA426,9CB3FBF6"/><W25/><G118/><T115/><D33/><U71/><E38/><V130/><F6/><W102/><G113/><T81/><D115/><U7/><E78/><V107/><F130/><N who="3" m="49675" /><G134/><T56/><D127/><U2/><E27/><V68/><F68/><W84/><G102/><T124/><D124/><U60/><REACH who="1" step="1"/><E53/><REACH who="1" step="2"/><V39/><F39/><W80/><G111/><T82/><D52/><U51/><E51/><V116/><F37/><W128/><G128/><T5/><D5/><U30/><E30/><V21/><F36/><W61/><G61/><T112/><D112/><U66/><E66/><V16/><F79/><N who="3" m="46111" /><G87/><T29/><D29/><U100/><E100/><V63/><F63/><W132/><G132/><T34/><D75/><U125/><E125/><V19/><F110/><W46/><G14/><T117/><D15/><U106/><E106/><V114/><F114/><W97/><G97/><T99/><D72/><U109/><E109/><V108/><F108/><W135/><G135/><T103/><D117/><U62/><E62/><V123/><F73/><W77/><G77/><T65/><D103/><U76/><E76/><V98/><F98/><W85/><G85/><T3/><D99/><U104/><E104/><V126/><F96/><W17/><AGARI ba="0,1" hai="17,23,25,41,42,46,49,55" m="46111,49675" machi="17" ten="30,1500,0" yaku="19,1" doraHai="67" who="3" fromWho="3" sc="240,-5,247,-5,273,-5,230,25" /><INIT seed="3,1,0,1,4,71" ten="235,242,268,255" oya="3" hai0="53,72,19,116,129,55,22,123,16,109,11,124,99" hai1="42,14,110,130,74,41,90,75,46,54,82,66,81" hai2="100,104,119,13,105,125,122,117,50,44,3,28,62" hai3="60,2,113,111,65,26,29,121,134,73,83,6,79" shuffle="mt19937ar,D332B199,0A3B6D58,055FFF27,E97C03FD,1E59A4E2,D712A996,5F68278E,9C882049"/><W91/><G121/><T97/><D116/><U133/><E66/><V34/><F3/><W135/><G113/><T27/><D72/><U1/><E1/><V94/><F122/><W70/><G91/><T45/><D123/><U59/><E42/><V43/><F125/><W87/><G87/><T5/><D124/><U56/><E110/><V48/><F62/><W76/><G76/><T131/><D109/><U47/><E47/><V85/><F13/><W128/><G128/><N who="0" m="49227" /><D19/><U21/><E130/><V93/><F28/><W108/><G108/><T32/><D32/><U88/><E75/><V78/><F34/><N who="3" m="20791" /><G111/><T20/><D20/><U57/><E54/><N who="0" m="20489" /><D45/><U58/><E74/><V132/><F44/><W40/><G40/><T86/><D86/><U89/><E41/><V84/><F43/><W77/><G77/><T52/><N who="0" m="20497" /><T118/><DORA hai="126" /><D118/><U0/><E46/><V61/><F78/><W92/><G92/><T15/><AGARI ba="1,0" hai="5,11,15,16,22,27,97,99" m="20497,49227" machi="15" ten="40,12000,2" yaku="19,1,52,3,54,2" doraHai="71,126" who="0" fromWho="0" sc="235,123,242,-31,268,-31,255,-61" owari="358,36,211,-14,237,-1,194,-21" /></mjloggm>