<mjloggm ver="2.3"><GO type="225"/><UN n0="%41%42%49%4C%49%54%59" n1="%23%37%34%E5%A4%A7%E6%B2%BB%E9%83%8E" n2="%74%EF%BC%9C%6E" n3="%E3%83%81%E3%83%A3%E3%82%AA%E3%83%AA" dan="17,16,16,17" rate="2131,2075,2074,2160" sx="M,M,F,M"/><TAIKYOKU oya="0"/><INIT seed="0,0,0,5,0,97" ten="250,250,250,250" oya="0" hai0="91,47,20,35,132,78,13,133,39,107,76,21,17" hai1="134,118,115,25,37,59,55,105,58,19,61,130,1" hai2="82,123,64,36,102,94,16,32,114,56,57,121,79" hai3="86,100,92,41,126,0,5,84,111,29,83,46,50" shuffle="mt19937ar,DDB36420,2BEE3E03,A092A3C3,76972280,DA00A7D6,03E0A53F,4E4EC23B,166C41B5"/><T42/><D107/><U122/><E122/><V44/><F32/><W9/><G111/><T104/><D104/><U2/><E118/><V53/><F114/><W73/><G29/><T106/><D106/><U4/><E37/><V103/><F121/><W127/><G73/><T135/><D35/><U8/><E115/><V40/><F123/><W88/><REACH who="3" step="1"/><G100/><REACH who="3" step="2"/><T124/><D124/><U62/><E134/><V119/><F119/><W85/><G85/><T51/><D91/><AGARI ba="0,1" hai="0,5,9,41,46,50,83,84,86,88,91,92,126,127" machi="91" ten="40,2600,0" yaku="1,1,54,1,53,0" doraHai="97" doraHaiUra="24" who="3" fromWho="0" sc="250,-26,250,0,250,0,240,36" /><INIT seed="1,0,0,3,1,94" ten="224,250,250,276" oya="1" hai0="0,103,133,81,113,130,127,43,110,100,65,132,79" hai1="16,114,37,116,14,118,4,63,53,52,129,102,6" hai2="134,40,108,36,73,3,24,57,72,10,71,96,121" hai3="26,120,7,29,18,19,105,30,70,17,39,97,48" shuffle="mt19937ar,01DEDDDF,B0EB3991,50533C69,6B6539D5,62CFE176,4CBEF001,FCAF1DB6,129EA606"/><U50/><E114/><V41/><F71/><W21/><G39/><T89/><D113/><U45/><E129/><V128/><F121/><W33/><G70/><T106/><D0/><U84/><E37/><V93/><F128/><W64/><G64/><T125/><D65/><U122/><E122/><V20/><F108/><W135/><G120/><T35/><D43/><U75/><E75/><V91/><F134/><N who="0" m="51818" /><D35/><U22/><E102/><N who="0" m="38953" /><D106/><U115/><E115/><V49/><F36/><W47/><G105/><T88/><D110/><U54/><E84/><V67/><F72/><W62/><G135/><T119/><D130/><U27/><E63/><V11/><F73/><W101/><G62/><T32/><D32/><U28/><E118/><V69/><F69/><W44/><G33/><T86/><D119/><U46/><E116/><V13/><F3/><W92/><G30/><T104/><D104/><U124/><E124/><AGARI ba="0,0" hai="79,81,86,88,89,124,125,127" m="38953,51818" machi="124" ten="30,8000,1" yaku="18,1,20,1,34,2,54,1" doraHai="94" who="0" fromWho="1" sc="224,80,250,-80,250,0,276,0" /><INIT seed="2,0,0,1,5,17" ten="304,170,250,276" oya="2" hai0="132,116,34,28,10,31,128,84,99,109,125,75,113" hai1="52,115,87,105,72,95,3,135,15,8,35,86,44" hai2="110,32,14,93,123,80,53,51,9,92,60,39,106" hai3="81,65,0,107,64,98,74,46,54,6,41,111,97" shuffle="mt19937ar,9EE4F31E,D88CC51F,64F3525C,4B4EBC62,9E4D728F,127D3108,22A5FDCE,A5F3EBAF"/><V4/><F123/><W120/><G120/><T114/><D84/><U88/><E105/><V85/><F39/><N who="3" m="21823" /><G54/><T90/><D99/><N who="3" m="37897" /><G107/><T18/><D90/><U122/><E122/><V126/><F106/><W5/><G5/><T43/><D43/><U108/><E35/><V13/><F32/><W77/><G111/><T134/><D75/><U26/><E72/><V127/><F60/><W42/><G42/><T50/><D50/><N who="1" m="28743" /><E3/><V37/><F37/><W1/><G1/><T38/><D109/><U73/><E73/><V96/><F14/><W33/><G33/><T66/><D38/><U133/><E108/><V69/><F69/><W70/><G70/><T7/><D34/><U21/><E115/><V121/><F121/><W117/><G117/><T101/><D116/><U45/><E45/><N who="2" m="27887" /><F96/><W67/><G67/><T2/><D113/><U76/><E76/><N who="2" m="46215" /><F110/><W112/><G112/><T124/><D114/><U25/><E87/><V94/><F127/><W104/><G104/><T16/><D124/><U71/><E71/><V47/><F126/><W82/><G82/><T91/><D125/><U22/><E135/><V56/><F47/><W58/><G58/><AGARI ba="0,0" hai="4,9,13,56,58,92,93,94" m="46215,27887" machi="58" ten="30,1500,0" yaku="8,1" doraHai="17" who="2" fromWho="3" sc="304,0,170,0,250,15,276,-15" /><INIT seed="2,1,0,0,4,112" ten="304,170,265,261" oya="2" hai0="33,45,65,58,30,51,17,43,25,79,80,122,14" hai1="55,46,36,32,50,7,91,130,108,41,76,20,34" hai2="75,47,99,135,15,104,70,114,49,59,90,27,78" hai3="109,73,83,133,74,92,40,31,96,48,105,134,37" shuffle="mt19937ar,A909D62D,60129F55,A0FC99DF,AEA6C5DA,21E10F18,C03475C2,FDE7F0F5,CC48094E"/><V120/><F114/><W101/><G37/><T94/><D122/><U60/><E130/><V0/><F70/><W67/><G67/><T88/><D65/><U10/><E108/><V38/><F0/><W44/><G109/><T19/><D58/><U53/><E76/><V127/><F120/><W29/><G105/><T22/><D19/><U61/><E32/><V115/><F115/><W5/><G5/><T95/><REACH who="0" step="1"/><D88/><REACH who="0" step="2"/><U6/><E91/><V72/><F59/><W87/><G29/><T77/><D77/><U8/><E34/><V66/><F66/><W131/><G31/><T125/><D125/><U28/><E28/><V126/><F78/><N who="3" m="46583" /><G131/><T118/><D118/><U89/><E89/><V52/><F90/><W82/><G82/><T100/><D100/><U69/><E69/><V57/><F126/><W12/><G101/><T102/><D102/><U107/><E107/><V35/><F127/><W26/><G96/><T68/><D68/><U18/><E6/><V123/><F123/><W1/><G92/><T2/><D2/><U23/><E61/><V128/><F128/><W119/><G119/><T117/><D117/><U39/><E60/><V21/><F99/><W98/><G98/><T81/><D81/><U121/><E121/><V16/><F104/><W11/><G1/><T113/><D113/><U116/><E116/><V103/><F103/><W124/><G124/><T93/><D93/><U111/><E111/><V24/><F57/><W42/><G44/><T86/><AGARI ba="1,1" hai="14,17,22,25,30,33,43,45,51,79,80,86,94,95" machi="86" ten="20,2700,0" yaku="1,1,0,1,7,1,53,0" doraHai="112" doraHaiUra="84" who="0" fromWho="0" sc="294,40,170,-8,265,-14,261,-8" /><INIT seed="3,0,0,1,1,43" ten="334,162,251,253" oya="3" hai0="28,72,66,77,31,20,44,35,120,58,84,57,30" hai1="34,125,10,65,46,106,74,126,32,38,29,79,104" hai2="50,93,48,2,49,37,111,53,87,11,13,22,42" hai3="110,85,122,40,75,5,61,41,17,135,95,14,67" shuffle="mt19937ar,54FDC58E,DF3646D4,7DFEBDE0,9CF255D5,9F149735,83F7E36F,0CDA0F41,93F8B2F3"/><W24/><G75/><T109/><D120/><U83/><E65/><V70/><F70/><W108/><G122/><T112/><D35/><U88/><E88/><N who="2" m="53407" /><F37/><W0/><G24/><T9/><D72/><U55/><E55/><V96/><F2/><W133/><G5/><T82/><D109/><N who="3" m="42089" /><G0/><T123/><D123/><U6/><E32/><V52/><F111/><W59/><G95/><T115/><D9/><U4/><E4/><N who="2" m="3303" /><F42/><N who="3" m="16491" /><G85/><T33/><D33/><U71/><E71/><V73/><F73/><W100/><G100/><T47/><D20/><AGARI ba="0,0" hai="14,17,20,59,61,67,133,135" m="16491,42089" machi="20" ten="30,2900,0" yaku="14,1,10,1" doraHai="43" who="3" fromWho="0" sc="334,-29,162,0,251,0,253,29" /><INIT seed="3,1,0,0,0,103" ten="305,162,251,282" oya="3" hai0="60,85,11,1,128,105,108,118,80,117,129,2,78" hai1="37,49,82,110,38,116,107,89,133,8,102,101,40" hai2="124,79,63,7,6,72,54,30,93,74,16,71,91" hai3="83,104,66,87,53,86,25,62,113,106,44,73,132" shuffle="mt19937ar,B6A60EA6,6EDAE8F5,9B7E8D38,9411A96E,FF1D3EC5,1641CB25,A57BC6A5,E89C51FF"/><W126/><G113/><T75/><D108/><U13/><E110/><V14/><F30/><W24/><G73/><T50/><D105/><U65/><E133/><V120/><F124/><W84/><G83/><T121/><D121/><U42/><E116/><N who="0" m="44649" /><D60/><U46/><E65/><V21/><F120/><W92/><G92/><T34/><D34/><U45/><E49/><V67/><F54/><W0/><G0/><N who="0" m="107" /><D50/><U77/><E89/><V127/><F127/><W9/><G126/><T81/><D81/><U4/><REACH who="1" step="1"/><E107/><REACH who="1" step="2"/><V97/><REACH who="2" step="1"/><F79/><REACH who="2" step="2"/><W15/><G132/><T23/><D78/><U61/><E61/><V10/><F10/><W18/><G62/><T52/><D11/><U112/><E112/><V96/><F96/><W98/><G98/><T99/><D99/><U114/><E114/><V109/><F109/><W70/><G9/><T3/><D129/><U94/><E94/><V115/><F115/><W55/><G106/><T100/><D128/><U33/><E33/><V31/><F31/><W122/><G104/><T131/><D131/><U123/><E123/><V48/><F48/><W51/><G122/><T32/><D32/><U134/><E134/><V17/><F17/><W88/><G51/><T111/><D111/><U95/><E95/><V64/><F64/><W22/><G66/><T59/><D80/><U68/><E68/><V90/><F90/><W26/><G70/><T39/><D100/><U69/><E69/><V5/><AGARI ba="1,2" hai="5,6,7,14,16,21,63,67,71,72,74,91,93,97" machi="5" ten="30,4000,0" yaku="1,1,0,1,54,1,53,0" doraHai="103" doraHaiUra="135" who="2" fromWho="2" sc="305,-11,152,-11,241,63,282,-21" owari="294,4,141,-26,304,31,261,-9" /></mjloggm>