<mjloggm ver="2.3"><GO type="225"/><UN n0="%E3%81%AA%E3%83%BC%E3%81%8B%E3%82%80" n1="%E3%83%80%E3%83%A0%E3%83%9E%E3%83%8B%E3%82%A2" n2="%E3%81%9A%E3%81%86" n3="%E3%81%BE%E3%81%AB%E3%82%83%E3%82%80%E3%82%93" dan="16,16,16,16" rate="2080,2143,2009,2004" sx="M,M,M,M"/><TAIKYOKU oya="0"/><INIT seed="0,0,0,1,2,68" ten="250,250,250,250" oya="0" hai0="129,36,46,51,70,32,41,92,49,71,109,2,55" hai1="14,72,62,83,45,128,9,127,44,66,130,124,63" hai2="31,96,97,132,84,13,116,27,58,38,39,93,100" hai3="6,133,33,106,98,107,74,120,35,95,123,3,23" shuffle="mt19937ar,17AB2DD5,8E72FBD5,9CB283A3,E542971A,752F1A74,14918B8C,9F311F15,99A8BA99"/><T24/><D2/><U122/><E83/><V135/><F116/><W65/><G74/><T77/><D77/><U78/><E78/><V102/><F13/><W110/><G110/><T88/><D129/><N who="1" m="49771" /><E72/><V108/><F58/><W79/><G79/><T101/><D101/><U86/><E86/><V118/><F84/><W105/><G65/><T112/><D112/><U47/><E122/><N who="3" m="46634" /><G133/><N who="2" m="51273" /><F108/><W1/><G23/><T121/><D121/><U54/><E14/><V111/><F118/><W85/><G85/><T61/><D109/><U104/><E104/><N who="2" m="63495" /><F111/><W114/><G114/><T60/><D32/><AGARI ba="0,0" hai="27,31,32,38,39,93,97,102" m="63495,51273" machi="32" ten="30,3900,0" yaku="20,1,52,2" doraHai="68" who="2" fromWho="0" sc="250,-39,250,0,250,39,250,0" /><INIT seed="1,0,0,1,5,90" ten="211,250,289,250" oya="1" hai0="65,126,72,122,79,49,103,16,46,105,100,52,120" hai1="23,92,116,104,68,114,107,19,6,17,85,57,2" hai2="123,130,4,135,110,48,124,39,8,12,33,73,28" hai3="132,131,108,38,3,59,40,82,61,50,37,112,51" shuffle="mt19937ar,CF764D6D,A3AB4A5D,A7A17961,FE9A56FE,1EA23205,C94BD202,08831F72,D0CA18D7"/><U99/><E68/><V15/><F123/><N who="0" m="47146" /><D105/><U71/><E71/><V77/><F39/><W44/><G112/><T56/><D126/><U74/><E74/><V89/><F124/><W96/><G108/><T35/><D35/><U83/><E114/><V95/><F110/><W60/><G3/><T13/><D65/><U127/><E116/><V11/><F130/><W81/><G131/><T58/><D79/><U31/><E127/><V9/><F135/><W128/><G128/><T45/><D72/><U121/><E121/><V34/><F77/><W70/><G132/><T101/><D58/><U30/><E104/><V18/><F73/><W53/><G96/><T76/><D76/><N who="1" m="46311" /><E6/><V63/><F28/><N who="1" m="10793" /><E2/><V113/><F113/><W24/><G24/><T87/><D87/><U5/><E5/><V7/><F34/><W29/><G29/><T117/><D117/><U91/><E107/><V43/><F33/><W78/><G82/><T41/><D41/><U69/><E69/><V88/><F7/><W26/><G26/><T94/><D94/><U10/><E10/><AGARI ba="0,0" hai="10,13,16,45,46,49,52,56,100,101,103" m="47146" machi="10" ten="30,3900,0" yaku="13,1,54,2" doraHai="90" who="0" fromWho="1" sc="211,39,250,-39,289,0,250,0" /><INIT seed="2,0,0,1,1,116" ten="250,211,289,250" oya="2" hai0="97,78,89,93,95,121,108,52,31,125,106,117,26" hai1="98,119,75,118,112,113,88,134,83,49,43,25,76" hai2="44,56,35,0,81,111,5,122,40,133,101,99,130" hai3="36,63,127,126,9,55,86,29,57,72,11,54,41" shuffle="mt19937ar,D45B7A0B,72CEB060,2C65414E,EA8233F0,57798F87,01F1EC8C,8C663E02,E64C379A"/><V110/><F35/><W7/><G72/><T45/><D108/><N who="2" m="41514" /><F133/><W8/><G29/><T64/><D125/><N who="3" m="47625" /><G86/><T67/><D106/><U58/><E25/><V13/><F130/><W87/><G87/><T103/><D78/><U12/><E12/><V62/><F0/><N who="3" m="103" /><G55/><T4/><D4/><U68/><E68/><V28/><F81/><W24/><G24/><T84/><D121/><U47/><E134/><V71/><F122/><W132/><G132/><T38/><D117/><U115/><REACH who="1" step="1"/><E58/><REACH who="1" step="2"/><V19/><F56/><W53/><G54/><T129/><D129/><U17/><E17/><V69/><F19/><W61/><G63/><T50/><D38/><U33/><E33/><AGARI ba="0,1" hai="26,31,33,45,50,52,64,67,84,89,93,95,97,103" machi="33" ten="30,2000,0" yaku="7,1,54,1" doraHai="116" who="0" fromWho="1" sc="250,30,201,-20,289,0,250,0" /><INIT seed="3,0,0,3,1,45" ten="280,181,289,250" oya="3" hai0="111,51,92,18,34,11,0,69,12,119,29,112,130" hai1="60,93,129,87,107,86,2,23,27,98,62,127,124" hai2="33,66,91,13,77,16,24,85,76,89,80,81,126" hai3="56,6,128,133,120,61,113,109,10,132,79,28,19" shuffle="mt19937ar,C54E6C84,9616213C,3ACE710E,4F72B520,E0D56A68,ABB1AE60,CAB034D3,97DD4239"/><W44/><G113/><T36/><D69/><U41/><E2/><V14/><F126/><N who="1" m="48169" /><E107/><V64/><F33/><W75/><G120/><T74/><D36/><U94/><E41/><V42/><F42/><W95/><G28/><T68/><D68/><U103/><E129/><V40/><F40/><W50/><G128/><T82/><D74/><U32/><E32/><V17/><F85/><N who="1" m="32265" /><E94/><V48/><F48/><W101/><G109/><T125/><D51/><U122/><E122/><V78/><F78/><W8/><G19/><AGARI ba="0,0" hai="19,23,27,60,62,93,98,103" m="32265,48169" machi="19" ten="30,1000,0" yaku="18,1" doraHai="45" who="1" fromWho="3" sc="280,0,181,10,289,0,250,-10" /><INIT seed="4,0,0,0,1,47" ten="280,191,289,240" oya="0" hai0="102,123,103,109,65,53,48,63,5,79,70,20,24" hai1="101,93,54,18,128,112,44,96,50,82,28,115,92" hai2="12,111,11,86,45,2,94,106,56,17,75,135,126" hai3="40,57,85,27,131,71,118,6,21,84,132,4,66" shuffle="mt19937ar,72C6FF2A,A6EF4E30,AF7F72D0,C422E7E5,F5E87E83,136483F2,28648049,176FD099"/><T100/><D123/><U76/><E28/><V68/><F68/><W69/><G118/><T122/><D122/><U13/><E128/><V58/><F106/><W124/><G131/><T34/><D34/><U64/><E64/><V15/><F75/><W39/><G132/><T62/><D62/><U60/><E60/><V10/><F2/><W41/><G124/><T90/><D109/><U80/><E93/><V30/><F111/><W108/><G108/><T16/><D90/><U130/><E130/><V43/><F126/><W42/><G39/><T110/><D110/><U99/><E99/><V46/><F30/><N who="3" m="17775" /><G71/><T73/><D5/><N who="3" m="2153" /><G69/><T89/><D89/><U81/><REACH who="1" step="1"/><E76/><REACH who="1" step="2"/><V114/><F135/><W36/><G36/><T117/><D117/><U49/><E49/><V88/><F94/><W105/><G105/><T32/><D32/><U19/><E19/><V129/><F17/><W52/><G66/><T35/><D35/><U59/><E59/><V9/><F58/><W77/><G77/><T120/><D120/><U26/><E26/><V67/><F56/><W22/><G22/><AGARI ba="0,1" hai="13,18,22,44,50,54,80,81,82,92,96,101,112,115" machi="22" ten="40,2600,0" yaku="1,1,52,1,53,0" doraHai="47" doraHaiUra="25" who="1" fromWho="3" sc="280,0,181,36,289,0,240,-26" /><INIT seed="5,0,0,5,1,33" ten="280,217,289,214" oya="1" hai0="39,6,26,121,13,70,78,93,122,125,27,53,110" hai1="87,75,113,82,22,38,104,5,96,44,98,37,133" hai2="52,23,25,127,47,31,45,51,58,101,63,94,11" hai3="91,50,95,7,12,28,135,111,128,30,40,67,66" shuffle="mt19937ar,C425B29D,F30FF703,B0D0AB39,0AECE220,8ED131CC,D5137286,900055B5,DF0F7AB2"/><U60/><E133/><V57/><F127/><W107/><G135/><T61/><D39/><U46/><E75/><V79/><F79/><W76/><G107/><T90/><D110/><U2/><E113/><V21/><F11/><W112/><G111/><T24/><D125/><U19/><E60/><V86/><F23/><W83/><G112/><T97/><D78/><U43/><E104/><V120/><F120/><W74/><G128/><T48/><D6/><U99/><E5/><V34/><F34/><W126/><G126/><T80/><D80/><U49/><E44/><V118/><F118/><W4/><G4/><T115/><D115/><U132/><E132/><V36/><F36/><W68/><G68/><T3/><D3/><U106/><E106/><V62/><F51/><W55/><G40/><T131/><D131/><U108/><E2/><V65/><F86/><W0/><G12/><T119/><D13/><U92/><E92/><V10/><F10/><N who="3" m="2407" /><G28/><T8/><D8/><U124/><E124/><V42/><F42/><W64/><G30/><T69/><D119/><U130/><E130/><V29/><F29/><W102/><G102/><T54/><D48/><U116/><E116/><V9/><F9/><W56/><G67/><N who="0" m="41199" /><D70/><U85/><E108/><V59/><F59/><W129/><G129/><T114/><D114/><U17/><E17/><V117/><F117/><W32/><G32/><T77/><D77/><N who="1" m="46287" /><E87/><V81/><F81/><W103/><G103/><T134/><D134/><U89/><E89/><V35/><F35/><W105/><G105/><T20/><D20/><U72/><E72/><RYUUKYOKU ba="0,0" sc="280,0,217,0,289,0,214,0" hai0="24,26,27,53,54,90,93,97,121,122" hai1="19,22,37,38,43,46,49,96,98,99" hai2="21,25,31,45,47,52,57,58,62,63,65,94,101" hai3="50,55,56,64,66,74,76,83,91,95" /><INIT seed="5,1,0,2,2,101" ten="280,217,289,214" oya="1" hai0="16,112,15,40,72,103,60,46,106,56,84,38,18" hai1="104,110,132,135,94,49,129,121,29,0,102,127,48" hai2="111,87,89,86,108,6,99,2,24,130,64,95,116" hai3="58,14,105,65,31,118,85,77,100,133,25,62,28" shuffle="mt19937ar,87E4BF4D,CC393D15,0937FF4C,3BBE0DC8,16CC8759,8949D256,3328A403,E5D75217"/><U97/><E0/><V3/><F116/><W80/><G118/><T92/><D72/><U126/><E121/><V68/><F130/><W20/><G133/><N who="1" m="51274" /><E29/><V114/><F87/><W30/><REACH who="3" step="1"/><G14/><REACH who="3" step="2"/><T13/><D13/><U90/><E110/><V59/><F3/><W74/><G74/><T124/><D124/><N who="1" m="47659" /><E129/><V98/><F2/><W107/><G107/><T35/><D112/><U76/><E76/><V93/><F114/><W83/><G83/><T96/><D15/><U53/><E53/><V73/><F73/><W57/><G57/><T128/><D128/><U9/><E9/><V70/><F59/><W113/><G113/><T1/><D1/><U8/><E8/><V81/><F81/><W47/><G47/><T19/><D19/><U69/><E69/><V63/><F70/><W7/><G7/><T33/><D16/><U5/><E5/><V50/><F6/><W82/><G82/><T41/><D18/><U55/><E55/><V67/><F68/><W36/><G36/><T54/><D41/><U10/><E10/><V120/><F108/><W45/><G45/><T12/><D12/><U75/><E75/><V88/><F111/><W66/><G66/><T119/><D119/><U122/><E122/><V11/><F64/><W4/><G4/><T23/><D38/><U131/><E131/><V39/><F11/><W61/><G61/><T42/><D46/><U26/><E26/><V123/><F39/><W32/><G32/><N who="0" m="12363" /><D23/><U22/><E22/><V34/><F120/><W134/><G134/><T52/><D54/><U125/><E125/><V117/><F123/><RYUUKYOKU ba="1,1" sc="280,10,217,10,289,-30,204,10" hai0="40,42,52,56,60,84,92,96,103,106" hai1="48,49,90,94,97,102,104" hai3="20,25,28,30,31,58,62,65,77,80,85,100,105" /><INIT seed="5,2,1,3,1,47" ten="290,227,259,214" oya="1" hai0="69,96,19,30,38,129,48,10,89,104,78,113,21" hai1="99,54,34,77,41,64,11,15,88,83,100,68,95" hai2="72,17,36,39,58,126,49,97,135,29,132,103,57" hai3="24,106,37,114,61,40,16,52,98,122,66,109,82" shuffle="mt19937ar,3A2257B1,6406F36D,602679FE,DFEF7893,C812FAA1,9075F627,D10476CC,4A80FFBB"/><U65/><E34/><V81/><F29/><W85/><G109/><T62/><D38/><N who="2" m="14378" /><F126/><W134/><G122/><T23/><D129/><U124/><E124/><V6/><F6/><W108/><G108/><T91/><D78/><U31/><E31/><V86/><F72/><W59/><G114/><T35/><D113/><U111/><E68/><V117/><F17/><W63/><G134/><N who="2" m="51241" /><F49/><N who="3" m="31119" /><G37/><T22/><D48/><U128/><E128/><V112/><F117/><W9/><G106/><T7/><D19/><U26/><E111/><V20/><F20/><N who="3" m="13319" /><G40/><T4/><D4/><N who="1" m="3559" /><E41/><V125/><F125/><W70/><G70/><T93/><D10/><U119/><E119/><V73/><F73/><W60/><G66/><N who="1" m="25706" /><E54/><V32/><F32/><W107/><G107/><T28/><D104/><U1/><E1/><V43/><F43/><W14/><G98/><T56/><D69/><U120/><E120/><V131/><F97/><W110/><G110/><T80/><D7/><U8/><E8/><V71/><F71/><W5/><G61/><T105/><D105/><U67/><E67/><V127/><F127/><W44/><G44/><T3/><D3/><U27/><E100/><V76/><F103/><W51/><G51/><T33/><D33/><U130/><E130/><V92/><F131/><W84/><G85/><AGARI ba="2,1" hai="26,27,77,83,85,88,95,99" m="25706,3559" machi="85" ten="30,2900,0" yaku="8,1,54,1" doraHai="47" who="1" fromWho="3" sc="290,0,227,45,259,0,214,-35" /><INIT seed="5,3,0,3,5,0" ten="290,272,259,179" oya="1" hai0="88,134,97,4,29,92,107,120,5,96,11,113,8" hai1="63,17,127,81,59,41,71,21,49,51,72,32,93" hai2="36,69,30,82,114,99,19,89,52,121,28,6,20" hai3="55,39,27,13,47,111,24,132,10,37,2,87,25" shuffle="mt19937ar,23A67CDA,D26286C3,DDEFCC13,ABD97C31,EA8963CC,BB1FF1AA,F34D1F9A,3C35E74E"/><U101/><E71/><V104/><F121/><W26/><N who="3" m="6144" /><DORA hai="12" /><W91/><G111/><T67/><D29/><U125/><E32/><V131/><F69/><W118/><G2/><T33/><D33/><U133/><E133/><V3/><F36/><W68/><G68/><T77/><D67/><U78/><E41/><V109/><F109/><W79/><G79/><T57/><D113/><U128/><E128/><V76/><F114/><W42/><G132/><T65/><D134/><U58/><E58/><V43/><F43/><W90/><G118/><T103/><D77/><U34/><E34/><V45/><F131/><W123/><G123/><T95/><D107/><U98/><E21/><V86/><F6/><N who="0" m="2666" /><D120/><U116/><E17/><V14/><F3/><W38/><G55/><T40/><D40/><U18/><E18/><V35/><F35/><W85/><G85/><T126/><D126/><N who="1" m="48139" /><E116/><V115/><F115/><W50/><REACH who="3" step="1"/><G87/><REACH who="3" step="2"/><T74/><D74/><U124/><N who="1" m="48147" /><U54/><AGARI ba="3,1" hai="49,51,54,59,63,72,78,81,93,98,101" m="48147" machi="54" ten="40,3900,0" yaku="4,1,18,1" doraHai="0,12" who="1" fromWho="1" sc="290,-16,272,58,259,-16,169,-16" owari="274,2,330,34,243,-11,153,-25" /></mjloggm>