<mjloggm ver="2.3"><GO type="225"/><UN n0="%E2%98%85%E3%83%A6%E3%83%94%E3%83%86%E3%83%AB%E2%98%85" n1="%52%65%64%4D%61%67%69%63" n2="%E5%AF%82%E5%A4%9C%E9%9C%BD%E6%9C%88" n3="%E8%80%81%E9%A6%AC" dan="17,16,16,16" rate="2089,2019,2005,2008" sx="M,M,M,M"/><TAIKYOKU oya="0"/><INIT seed="0,0,0,2,5,114" ten="250,250,250,250" oya="0" hai0="64,124,60,101,50,70,89,108,14,36,119,43,129" hai1="112,123,45,96,34,8,42,2,85,61,11,128,68" hai2="100,47,99,117,22,133,23,39,80,116,88,120,30" hai3="25,10,58,131,53,110,63,94,103,69,55,113,24" shuffle="mt19937ar,4DDCFD49,0331B8D0,551ADD80,E60C7B91,317B43DF,1E86A739,A9BEDFDF,ACB75648"/><T73/><D73/><U33/><E123/><V111/><F120/><W126/><G113/><T48/><D101/><U21/><E112/><V13/><F111/><W98/><G110/><T107/><D107/><U82/><E128/><V125/><F125/><W92/><G126/><T109/><D124/><U71/><E96/><V65/><F133/><W6/><G131/><T102/><D102/><U62/><E21/><V79/><F65/><W91/><G55/><T35/><D35/><U83/><E45/><V57/><F57/><W12/><REACH who="3" step="1"/><G69/><REACH who="3" step="2"/><T75/><D129/><U31/><E71/><V66/><F66/><W46/><G46/><T0/><D64/><U18/><E68/><V132/><F132/><W135/><G135/><T74/><D70/><U93/><E42/><V106/><F30/><W95/><G95/><T122/><D43/><U59/><E93/><V20/><F47/><W90/><G90/><T52/><D89/><U26/><E31/><V27/><F88/><W40/><G40/><T44/><D52/><U105/><E105/><V49/><F39/><W38/><G38/><T28/><D44/><U130/><E130/><V3/><F49/><W81/><G81/><T104/><D48/><U76/><E83/><V87/><F80/><W29/><G29/><T7/><D50/><U37/><E37/><V118/><F79/><W51/><G51/><T19/><D36/><U86/><E82/><V4/><F118/><W54/><G54/><T127/><D28/><U115/><E76/><V41/><F117/><W17/><G17/><T56/><D19/><U77/><E18/><RYUUKYOKU ba="0,1" sc="250,-10,250,-10,250,-10,240,30" hai3="6,10,12,24,25,53,58,63,91,92,94,98,103" /><INIT seed="1,1,1,0,5,33" ten="240,240,240,270" oya="1" hai0="125,115,47,66,118,87,119,70,72,91,111,131,84" hai1="90,121,54,36,126,76,104,9,129,31,45,58,51" hai2="46,85,12,95,101,11,43,108,52,3,75,88,69" hai3="59,82,114,71,113,133,49,64,39,37,44,103,65" shuffle="mt19937ar,9050A0F5,0DBC2461,BD81CF54,F603ED7B,570D1043,4FCE1FF0,87BC28A7,CBFB9E78"/><U17/><E121/><V48/><F75/><W97/><G82/><T100/><D72/><U132/><E104/><V32/><F32/><W116/><G116/><T4/><D115/><N who="3" m="44041" /><G97/><T16/><D111/><U78/><E126/><V96/><F108/><W14/><G14/><T74/><D74/><U110/><E110/><V26/><F69/><W42/><G103/><T99/><D131/><U62/><E129/><V0/><F26/><W53/><G133/><T15/><D125/><U80/><E132/><V105/><F43/><W123/><G123/><T93/><D4/><AGARI ba="1,1" hai="0,3,4,11,12,46,48,52,85,88,95,96,101,105" machi="4" ten="30,8000,1" yaku="7,1,52,2,54,2" doraHai="33" who="2" fromWho="0" sc="240,-83,240,0,240,93,270,0" /><INIT seed="2,0,0,4,1,32" ten="157,240,333,270" oya="2" hai0="16,123,97,58,18,89,127,24,116,37,48,131,96" hai1="77,113,85,69,94,33,13,31,25,21,51,60,27" hai2="79,14,44,35,23,54,135,83,34,53,105,119,20" hai3="118,115,8,22,100,42,87,49,11,82,62,124,88" shuffle="mt19937ar,D39EDFD1,997D0A72,0A379346,5A1CE794,D6459070,9FF9BE3B,C268EFDD,2B3DD16A"/><V80/><F105/><W68/><G118/><T66/><D116/><U36/><E36/><V65/><F65/><W90/><G115/><T129/><D37/><U26/><E113/><V86/><F119/><W17/><G124/><T104/><D127/><U55/><E13/><V2/><F2/><W0/><G100/><T107/><D24/><U108/><E108/><V120/><F120/><W6/><G8/><T125/><D125/><U12/><E12/><V91/><F135/><W59/><G68/><T74/><D74/><U64/><E33/><V126/><F126/><W15/><G42/><T52/><D66/><U133/><E133/><V61/><F35/><W71/><G71/><T40/><D40/><U92/><E92/><V95/><F34/><W81/><G49/><T102/><D123/><U106/><E106/><V7/><F44/><W50/><G50/><T93/><REACH who="0" step="1"/><D107/><REACH who="0" step="2"/><U30/><E26/><V111/><F111/><W84/><G62/><T45/><D45/><U72/><E27/><V122/><F122/><W41/><G41/><T1/><D1/><U28/><E72/><V43/><F43/><W67/><G67/><T47/><D47/><U75/><E75/><V56/><F54/><W39/><G39/><T109/><D109/><U5/><E55/><V103/><F53/><W10/><G59/><T99/><D99/><U57/><E57/><V70/><F56/><W128/><G0/><T63/><D63/><U117/><E60/><V46/><F61/><W73/><G73/><T132/><D132/><U112/><E117/><V29/><F46/><W38/><G38/><RYUUKYOKU ba="0,1" sc="147,30,240,-10,333,-10,270,-10" hai0="16,18,48,52,58,89,93,96,97,102,104,129,131" /><INIT seed="3,1,1,2,2,76" ten="177,230,323,260" oya="3" hai0="101,29,49,28,8,80,69,109,82,99,133,84,64" hai1="33,104,89,120,123,13,10,2,134,42,112,16,77" hai2="53,14,128,24,54,37,79,124,91,11,19,4,78" hai3="35,45,126,97,48,105,66,122,18,90,61,86,129" shuffle="mt19937ar,CC5292D7,67AD4E61,5480EFF0,820D7738,873822EB,ED38ED01,9A03F48B,45509841"/><W70/><G122/><T135/><D109/><U68/><E104/><V22/><F124/><W83/><G126/><T95/><D8/><U74/><E68/><V87/><F37/><W119/><G119/><T130/><D130/><U115/><E33/><V1/><F128/><W118/><G118/><T9/><D9/><U102/><E2/><V56/><F1/><W65/><G129/><T71/><D49/><U67/><E67/><V85/><F85/><W117/><G117/><T110/><D110/><U81/><E102/><V47/><F47/><W23/><G35/><T31/><D84/><U40/><E134/><N who="0" m="51209" /><D64/><U93/><E120/><V38/><F38/><W62/><G105/><T116/><D116/><U73/><E73/><V60/><F54/><W50/><G97/><T43/><D43/><U26/><E123/><V27/><F27/><W59/><REACH who="3" step="1"/><G45/><REACH who="3" step="2"/><T88/><D101/><U20/><E112/><V30/><F4/><W7/><G7/><T44/><D44/><U32/><E32/><V21/><F21/><W72/><G72/><T63/><D63/><U94/><E115/><V131/><F131/><W98/><G98/><T57/><D57/><U0/><E0/><V12/><F12/><AGARI ba="1,2" hai="12,18,23,48,50,59,61,62,65,66,70,83,86,90" machi="12" ten="30,5800,0" yaku="1,1,7,1,52,1,53,0" doraHai="76" doraHaiUra="103" who="3" fromWho="2" sc="177,0,230,0,323,-61,250,81" owari="177,-22,230,-12,262,1,331,33" /></mjloggm>