<mjloggm ver="2.3"><GO type="185"/><UN n0="%E3%81%B5%E3%81%8F%EF%BC%A3%EF%BD%88%EF%BD%81%EF%BD%8E%E2%99%AA" n1="%E9%9B%80%E9%81%94" n2="%E5%8D%81%E5%85%AD%E5%A4%9C%E2%80%A0%E5%92%B2%E5%A4%9C" n3="" dan="16,16,16,0" rate="2165,2033,2175,1500" sx="F,M,F,C"/><TAIKYOKU oya="0"/><INIT seed="0,0,0,2,1,108" ten="350,350,350,0" oya="0" hai0="36,112,41,101,77,92,98,63,0,93,85,115,60" hai1="82,39,53,126,2,79,127,81,3,66,74,106,114" hai2="75,42,109,123,57,87,84,95,37,88,116,46,132" hai3="" shuffle="mt19937ar,560976C0,17861B23,D16EB6E2,798E3182,2415B9DC,213590FB,2B49DB25,AE9D2838"/><T105/><D0/><N who="1" m="43" /><E106/><V68/><N who="2" m="31520" /><V89/><F68/><T1/><D1/><U118/><E118/><V54/><F75/><T51/><D36/><U58/><E66/><V48/><F116/><T128/><D128/><U72/><E39/><V124/><F109/><T90/><D63/><U97/><E53/><V122/><N who="2" m="31264" /><V40/><F132/><T133/><D133/><U91/><E58/><V35/><F124/><N who="1" m="47657" /><E114/><V55/><F35/><T110/><D110/><U71/><E71/><V119/><F119/><T117/><D117/><U70/><E70/><V38/><F54/><T104/><D60/><U76/><E91/><V34/><F34/><T102/><D51/><U130/><E97/><V49/><REACH who="2" step="1"/><F42/><REACH who="2" step="2"/><T129/><D41/><U78/><E130/><V107/><F107/><N who="0" m="41034" /><D129/><U50/><E50/><V61/><F61/><T80/><D102/><U62/><E62/><V69/><F69/><T52/><D52/><U94/><E74/><AGARI ba="0,1" hai="74,77,80,85,90,92,93,98,101,112,115" m="41034" machi="74" ten="30,11600,0" yaku="34,2,52,2" doraHai="108" who="0" fromWho="1" sc="350,126,350,-116,340,0,0,0" /><INIT seed="0,1,0,1,3,101" ten="476,234,340,0" oya="0" hai0="43,42,51,70,123,120,113,119,82,84,130,1,125" hai1="55,92,67,79,133,49,77,41,102,57,0,135,121" hai2="61,45,88,73,32,111,116,78,3,35,62,50,131" hai3="" shuffle="mt19937ar,C0058E26,FC7A31EF,E4F70F0C,57256A14,972091FD,BB0DDF5A,7BE9E308,BC4ECF8D"/><T86/><N who="0" m="30752" /><T34/><N who="0" m="31520" /><T46/><D34/><U87/><N who="1" m="31008" /><U68/><E0/><V71/><F3/><T33/><D33/><U124/><E124/><V59/><F71/><T132/><D1/><U98/><E41/><V115/><F111/><T118/><D125/><U108/><E108/><V103/><F103/><T44/><D132/><N who="1" m="50763" /><E87/><V76/><F131/><T40/><D130/><U97/><E97/><V107/><F116/><T80/><D113/><U93/><E93/><V95/><F115/><T48/><REACH who="0" step="1"/><D40/><REACH who="0" step="2"/><U53/><E53/><V65/><F32/><T112/><D112/><U64/><E68/><AGARI ba="1,1" hai="42,43,44,46,48,51,68,70,80,82,84,86,118,119" m="31520,30752" machi="68" ten="25,12000,1" yaku="1,1,22,2,52,2,53,0" doraHai="101" doraHaiUra="122" who="0" fromWho="1" sc="466,132,234,-122,340,0,0,0" /><INIT seed="0,2,0,3,2,73" ten="598,112,340,0" oya="0" hai0="122,70,130,80,63,66,34,119,47,59,49,84,95" hai1="36,98,0,100,51,109,71,82,61,94,81,72,129" hai2="124,75,128,110,40,41,3,78,126,37,101,104,134" hai3="" shuffle="mt19937ar,B5C94E1D,09D685ED,A370A6BC,85416135,2A558FE6,C99353AC,5EB24719,E4E5791C"/><T114/><N who="0" m="31264" /><T112/><D130/><U120/><N who="1" m="30752" /><U133/><E109/><V83/><F41/><T111/><D119/><U86/><E0/><V105/><F3/><T135/><D34/><U60/><E129/><V48/><F37/><T52/><D135/><U62/><E36/><V77/><F40/><T121/><N who="0" m="31008" /><T92/><D111/><U115/><E133/><V65/><F65/><T96/><D92/><U87/><E72/><V113/><F48/><T116/><D116/><U102/><E71/><V125/><F110/><T127/><D127/><U56/><E115/><V1/><F1/><T39/><D95/><U88/><E51/><V108/><F108/><T69/><D96/><U123/><N who="1" m="31520" /><U42/><E42/><V79/><F128/><T93/><D93/><U74/><E74/><V107/><F113/><N who="0" m="43626" /><D84/><U32/><E32/><V118/><F118/><T55/><D80/><U53/><E102/><V38/><F38/><T99/><D99/><U44/><E44/><V46/><F46/><T106/><D106/><N who="2" m="41066" /><F134/><T131/><D131/><U91/><AGARI ba="2,0" hai="53,56,60,61,62,81,82,86,87,88,91,94,98,100" m="31520,30752" machi="91" ten="20,9000,2" yaku="0,1,7,1,9,1,8,1,52,2,54,1" doraHai="73" who="1" fromWho="1" sc="598,-62,112,94,340,-32,0,0" /><INIT seed="1,0,0,5,4,129" ten="536,206,308,0" oya="1" hai0="52,68,71,38,124,120,94,97,87,73,70,63,110" hai1="122,78,41,128,107,64,104,42,86,53,118,57,58" hai2="130,62,49,101,40,100,50,92,113,103,76,45,108" hai3="" shuffle="mt19937ar,9EF45B91,31BEBBA9,986F4276,F2DF0CE2,E2711DC0,9D9C0DD0,8F7DE238,4D69B6D7"/><U48/><N who="1" m="31264" /><U80/><E118/><V84/><F130/><T127/><N who="0" m="30752" /><T99/><D73/><U125/><E125/><N who="0" m="48201" /><D38/><U66/><E128/><V105/><F105/><T54/><D110/><U61/><REACH who="1" step="1"/><E66/><REACH who="1" step="2"/><V1/><F1/><T65/><D65/><U89/><E89/><V112/><F103/><T114/><D114/><U119/><E119/><V46/><F101/><T123/><N who="0" m="31520" /><T121/><N who="0" m="31008" /><T116/><D116/><U37/><E37/><V81/><F112/><T91/><D63/><U115/><E115/><V55/><F113/><T132/><D132/><U72/><E72/><V134/><F134/><T109/><D109/><U56/><E56/><V69/><F108/><T90/><D91/><U131/><E131/><V98/><F62/><T95/><D94/><U34/><E34/><V51/><F100/><T126/><D126/><U32/><E32/><V133/><F92/><T60/><D60/><U2/><E2/><V36/><F133/><T117/><D117/><U111/><E111/><V75/><F75/><T47/><D47/><U135/><E135/><V85/><F46/><T74/><D74/><U39/><E39/><V96/><F45/><T33/><D33/><U102/><E102/><V35/><F36/><RYUUKYOKU ba="0,1" sc="536,10,196,10,308,-20,0,0" hai0="52,54,68,70,71,87,90,95,97,99" hai1="41,42,48,53,57,58,61,64,78,80,86,104,107" /><INIT seed="1,1,1,0,2,131" ten="546,206,288,0" oya="1" hai0="124,45,83,79,39,105,41,108,49,81,75,84,109" hai1="2,122,125,46,128,115,96,123,118,117,85,82,3" hai2="37,95,73,88,114,1,65,51,80,132,48,52,93" hai3="" shuffle="mt19937ar,EB497AE4,0EAE10C3,CC9CEB85,5287A29E,8AF9C646,5A931F7C,DAD1495A,D947B592"/><U40/><N who="1" m="31264" /><U112/><N who="1" m="31520" /><U126/><E96/><V69/><F1/><N who="1" m="9" /><E128/><V55/><F37/><T67/><D105/><U62/><E62/><V59/><F114/><N who="1" m="43561" /><E85/><V36/><F36/><T56/><D39/><U127/><E82/><V77/><F65/><T102/><D102/><U94/><E94/><V129/><F69/><T66/><D56/><U103/><E103/><V87/><F129/><T89/><D67/><U97/><E97/><V110/><F95/><T98/><D66/><U135/><E135/><V0/><F0/><T104/><D98/><U63/><E63/><V35/><F132/><T34/><D83/><U116/><E46/><V54/><F93/><T90/><D84/><U113/><N who="1" m="43569" /><U111/><DORA hai="58" /><E111/><V68/><F110/><T121/><N who="0" m="31008" /><T57/><D109/><U42/><AGARI ba="1,1" hai="40,42,116,117,118,125,126,127" m="43569,9,31520,31264" machi="42" ten="60,8000,1" yaku="28,2,18,1,52,2" doraHai="131,58" who="1" fromWho="1" sc="546,-41,206,92,288,-41,0,0" /><INIT seed="1,2,0,4,2,92" ten="505,298,247,0" oya="1" hai0="107,33,57,32,134,43,56,120,71,111,64,125,49" hai1="63,91,67,106,84,82,58,54,72,89,53,122,48" hai2="128,96,70,129,3,38,85,97,130,2,77,102,79" hai3="" shuffle="mt19937ar,80D0DF10,8F404AA6,A66271D9,7606472E,C9F6BB6F,EA765824,3B9B8ED6,B9E5A53F"/><U114/><N who="1" m="31264" /><U1/><E1/><V118/><F38/><T69/><N who="0" m="30752" /><T126/><D107/><U112/><E106/><V116/><F70/><T101/><D101/><U35/><E35/><V66/><F66/><T86/><D86/><U51/><E72/><V117/><F85/><T47/><D32/><U61/><E61/><V52/><F52/><T105/><D105/><U119/><E119/><V68/><F68/><T104/><D104/><U113/><E91/><V42/><F42/><T88/><D88/><U76/><E76/><N who="2" m="29259" /><F102/><T60/><D33/><U131/><E131/><V127/><F127/><T34/><D34/><U36/><E36/><V73/><F73/><T108/><D71/><U98/><E98/><AGARI ba="2,0" hai="2,3,96,97,98,116,117,118,128,129,130" m="29259" machi="98" ten="40,12000,2" yaku="28,2,19,1,52,3" doraHai="92" who="2" fromWho="1" sc="505,0,298,-124,247,124,0,0" /><INIT seed="2,0,0,1,2,134" ten="505,174,371,0" oya="2" hai0="32,75,85,108,80,61,41,123,121,118,53,122,77" hai1="44,127,43,132,40,48,98,3,113,97,57,105,49" hai2="71,96,84,114,131,111,36,68,45,58,52,0,92" hai3="" shuffle="mt19937ar,7A6DC91A,7EF217A9,145CD0E8,8411CAF9,D0D03BFD,00BAF8EF,7ADEDD26,317A790E"/><V135/><F0/><T37/><N who="0" m="31008" /><T82/><N who="0" m="31264" /><T91/><N who="0" m="31520" /><T100/><D32/><U119/><E3/><V110/><F114/><T94/><D118/><U39/><E113/><V86/><F135/><T89/><D108/><U65/><E105/><V70/><F131/><T47/><D100/><U88/><E132/><V103/><F36/><T120/><N who="0" m="30752" /><T109/><D109/><N who="2" m="41482" /><F45/><T133/><D133/><U73/><E73/><V69/><N who="2" m="17408" /><DORA hai="78" /><V2/><F2/><T34/><D34/><U64/><E119/><V62/><AGARI ba="0,0" hai="52,58,62,84,86,92,96,103" m="17408,41482" machi="62" ten="60,7800,0" yaku="14,1,10,1,54,1" doraHai="134,78" who="2" fromWho="2" sc="505,-39,174,-39,371,78,0,0" /><INIT seed="2,1,0,5,1,89" ten="466,135,449,0" oya="2" hai0="1,122,95,83,121,125,134,128,90,77,129,72,2" hai1="3,74,99,105,112,113,71,39,120,69,63,0,91" hai2="56,107,114,97,109,34,118,38,127,123,117,133,62" hai3="" shuffle="mt19937ar,696F4C42,22158D4A,DFB28CD4,B2545792,CFA81424,C75FDCEC,529977D9,F4C321D4"/><V49/><RYUUKYOKU type="yao9" ba="1,0" sc="466,0,135,0,449,0,0,0" hai2="34,38,49,56,62,97,107,109,114,117,118,123,127,133" /><INIT seed="2,2,0,5,0,107" ten="466,135,449,0" oya="2" hai0="88,130,97,40,42,111,93,52,35,71,126,72,47" hai1="117,118,134,123,132,53,62,99,115,70,112,79,102" hai2="66,90,122,106,45,3,135,83,69,56,98,89,105" hai3="" shuffle="mt19937ar,B3CC7C05,99FA1B21,954094D9,D124B66D,C4CD537C,ED9D7E0A,0F2A16AF,8F909AEE"/><V36/><N who="2" m="31264" /><V51/><F3/><T46/><D111/><U121/><N who="1" m="31008" /><U108/><N who="1" m="31520" /><U60/><E79/><V75/><F135/><N who="1" m="51753" /><E108/><V92/><F69/><T68/><D35/><U74/><E74/><V0/><F0/><T86/><D72/><U94/><E53/><V82/><F36/><T39/><D52/><U113/><E70/><V120/><N who="2" m="30752" /><V54/><F89/><T84/><D86/><U103/><E103/><V1/><F1/><T101/><D130/><U125/><E125/><V131/><F131/><T49/><REACH who="0" step="1"/><D126/><REACH who="0" step="2"/><U44/><E44/><V67/><F75/><T81/><AGARI ba="2,1" hai="39,40,42,46,47,49,68,71,81,84,88,93,97,101" machi="81" ten="20,6000,1" yaku="1,1,2,1,0,1,7,1,54,1,53,0" doraHai="107" doraHaiUra="57" who="0" fromWho="0" sc="456,74,135,-22,449,-42,0,0" /><INIT seed="4,0,0,2,3,86" ten="530,113,407,0" oya="0" hai0="114,0,67,64,118,51,46,47,112,73,100,48,78" hai1="39,55,36,69,71,61,121,82,87,56,117,80,92" hai2="88,84,108,99,95,68,35,97,111,63,130,107,115" hai3="" shuffle="mt19937ar,DE0E20C0,B6CEF4F3,CDC1A352,77143849,AE44C47B,6329A0ED,E6A9E701,7E1B31EF"/><T2/><D73/><U54/><N who="1" m="31008" /><U122/><N who="1" m="31264" /><U41/><E117/><V120/><N who="2" m="30752" /><V133/><F35/><T53/><D100/><U102/><E82/><V74/><F68/><T33/><D78/><U42/><E102/><V116/><F63/><T105/><D105/><U38/><E92/><V94/><F116/><T32/><D118/><U134/><E87/><V60/><F60/><T76/><D76/><U79/><E79/><V101/><F115/><T124/><D124/><U81/><E134/><V93/><F133/><T3/><D3/><U65/><E81/><V57/><F57/><T72/><D72/><U90/><E90/><V75/><F130/><T59/><D59/><U123/><N who="1" m="31520" /><U125/><E80/><V109/><F107/><T135/><D53/><N who="1" m="19979" /><E125/><V98/><F101/><T66/><D66/><U58/><E58/><V37/><F37/><T49/><D49/><U104/><E104/><V106/><F106/><T91/><D135/><U110/><E110/><V77/><F77/><T132/><D132/><U70/><AGARI ba="0,0" hai="36,38,39,41,42,56,61,65,69,70,71" m="19979,31520,31264,31008" machi="70" ten="40,12000,3" yaku="35,5,52,3" doraHai="86" who="1" fromWho="1" sc="530,-80,113,120,407,-40,0,0" /><INIT seed="5,0,0,1,3,43" ten="450,233,367,0" oya="1" hai0="38,133,90,62,2,103,93,57,81,68,52,88,60" hai1="95,42,48,80,91,122,89,67,126,105,86,98,63" hai2="77,87,94,59,101,36,120,131,39,127,66,0,47" hai3="" shuffle="mt19937ar,C17B5BCD,1EE2EF43,2BAB4411,728F841A,A0897BE3,05CA8C81,9A6B2055,53C8F2EE"/><U111/><N who="1" m="31264" /><U54/><E111/><V53/><N who="2" m="30752" /><V75/><F0/><T1/><D38/><U3/><E3/><V76/><F75/><T129/><D129/><U114/><E114/><V45/><F131/><T106/><D133/><U70/><E126/><V65/><F127/><T41/><D41/><U64/><E64/><N who="2" m="24683" /><F39/><T121/><N who="0" m="31008" /><T35/><D35/><U44/><E105/><V118/><F36/><T72/><D68/><U55/><AGARI ba="0,0" hai="42,44,48,54,55,63,67,70,80,86,89,91,95,98" m="31264" machi="55" ten="30,4000,0" yaku="0,1,52,2" doraHai="43" who="1" fromWho="1" sc="450,-20,233,40,367,-20,0,0" /><INIT seed="5,1,0,2,3,56" ten="430,273,347,0" oya="1" hai0="96,117,45,76,129,133,88,121,108,33,99,134,35" hai1="86,83,47,124,58,74,90,79,113,116,115,107,0" hai2="114,127,102,66,95,110,61,75,55,122,131,40,94" hai3="" shuffle="mt19937ar,F87911A5,BFC4F8CB,B5E8F5FD,1424CAD6,CE09DFC0,F957B5B8,257A37F9,8D557E17"/><U87/><E0/><V85/><N who="2" m="31264" /><V2/><F75/><T101/><N who="0" m="31008" /><T60/><D108/><U63/><E116/><V51/><F2/><T125/><D129/><U119/><E119/><V39/><F114/><N who="1" m="43529" /><E107/><V100/><F110/><T130/><D76/><U44/><E124/><V80/><F131/><T54/><D130/><U112/><N who="1" m="43537" /><U78/><DORA hai="46" /><E78/><V106/><F127/><T97/><D125/><U105/><E105/><V123/><N who="2" m="31520" /><V48/><F39/><T41/><D101/><U82/><E74/><V92/><F40/><T109/><D109/><U69/><E69/><V53/><F106/><T42/><D88/><U3/><E3/><V59/><F55/><AGARI ba="1,0" hai="44,47,55,58,63,79,82,83,86,87,90" m="43537" machi="55" ten="40,3900,0" yaku="15,1,52,1" doraHai="56,46" who="1" fromWho="2" sc="430,0,273,41,347,-41,0,0" /><INIT seed="5,2,0,5,0,72" ten="430,314,306,0" oya="1" hai0="97,116,83,103,81,64,78,71,47,65,59,92,111" hai1="52,133,55,56,77,68,42,134,93,112,61,108,51" hai2="127,98,95,37,129,119,32,34,60,67,35,82,0" hai3="" shuffle="mt19937ar,2A36AFF8,979C1746,85FF0F30,B5DAC630,96F787F8,368625A3,6C25A4E0,AE2D3384"/><U99/><E108/><V87/><F0/><T33/><D33/><U106/><E106/><V3/><F3/><T84/><D116/><U46/><E112/><V43/><F119/><T48/><D71/><U94/><E94/><V76/><F129/><T102/><D111/><U79/><E68/><V101/><F127/><T40/><D103/><U41/><E41/><V49/><F37/><T38/><D38/><U88/><E42/><V73/><F73/><T110/><D59/><U105/><E105/><V109/><F109/><T104/><D110/><U117/><E117/><V96/><F96/><T75/><REACH who="0" step="1"/><D104/><REACH who="0" step="2"/><U131/><E131/><V107/><F107/><T118/><D118/><U57/><REACH who="1" step="1"/><E56/><REACH who="1" step="2"/><V1/><F35/><T130/><D130/><U121/><N who="1" m="31008" /><U86/><E86/><V53/><F34/><T91/><AGARI ba="2,2" hai="40,47,48,64,65,75,78,81,83,84,91,92,97,102" machi="91" ten="20,6000,1" yaku="1,1,0,1,7,1,52,1,53,1" doraHai="72" doraHaiUra="89" who="0" fromWho="0" sc="420,84,304,-42,306,-22,0,0" /><INIT seed="6,0,0,0,2,50" ten="504,262,284,0" oya="2" hai0="92,74,47,110,43,100,114,82,61,135,57,127,132" hai1="80,67,81,3,109,122,120,95,101,42,58,70,98" hai2="129,62,131,123,38,116,40,77,85,115,2,84,68" hai3="" shuffle="mt19937ar,8F703E63,02613E7D,5649C639,02314EF0,E19C829B,304FF30A,A8ABD9AA,A0B991BC"/><V33/><N who="2" m="31520" /><V55/><F2/><T96/><D127/><U48/><N who="1" m="30752" /><U54/><N who="1" m="31264" /><U88/><E3/><V34/><F116/><T37/><D114/><U64/><E109/><V71/><F115/><T51/><D110/><U118/><E118/><V124/><F124/><T0/><D0/><U53/><E42/><V73/><F73/><T78/><D37/><U128/><E128/><N who="2" m="49227" /><F40/><T41/><REACH who="0" step="1"/><D43/><REACH who="0" step="2"/><U46/><E70/><V119/><F38/><T134/><D134/><U83/><REACH who="1" step="1"/><E101/><REACH who="1" step="2"/><V56/><F71/><T113/><D113/><U106/><E106/><V102/><F68/><T39/><D39/><U59/><E59/><V108/><F102/><T89/><D89/><U117/><E117/><V1/><F119/><T72/><D72/><U49/><AGARI ba="0,2" hai="46,48,49,53,54,58,64,67,80,81,83,88,95,98" m="31264,30752" machi="49" ten="30,12000,3" yaku="1,1,0,1,8,1,52,4,54,1,53,0" doraHai="50" doraHaiUra="112" who="1" fromWho="1" sc="494,-40,252,140,284,-80,0,0" owari="454,41,392,-1,204,-40,0,0" /></mjloggm>