<mjloggm ver="2.3"><GO type="225"/><UN n0="%4E%6F%2E%32" n1="%EF%BC%88%27%EF%BC%88%E3%82%A7%EF%BC%89%27%6F%EF%BC%89" n2="%E3%83%9C%E3%83%84" n3="%E9%95%B7%E5%B2%A1%E5%A4%A7%E6%98%8E%E7%A5%9E" dan="16,16,16,16" rate="2081,2063,2048,2019" sx="M,M,M,F"/><TAIKYOKU oya="0"/><INIT seed="0,0,0,2,5,100" ten="250,250,250,250" oya="0" hai0="29,44,76,123,58,69,84,41,63,38,66,89,124" hai1="45,74,3,97,61,16,1,115,27,4,96,32,43" hai2="102,129,131,117,128,46,55,79,109,6,106,83,77" hai3="47,53,49,67,14,113,8,119,28,68,116,15,65" shuffle="mt19937ar,12AD3A65,35E3F51A,D5F6166B,F849686E,842E6FF3,B3C4734C,53DC9262,818B5896"/><T101/><D123/><U91/><E74/><V81/><F6/><W48/><G113/><T120/><D120/><U126/><E115/><V133/><F109/><W42/><G28/><T31/><D124/><U5/><E126/><V130/><F117/><W20/><G20/><T13/><D101/><U22/><E32/><V54/><F133/><W21/><G21/><T105/><D105/><U9/><E61/><V50/><N who="2" m="32768" /><DORA hai="25" /><V111/><F111/><W71/><G8/><T127/><D127/><U37/><E91/><V70/><F70/><N who="3" m="26667" /><G14/><T82/><D13/><U30/><E30/><V103/><F55/><W121/><G15/><T52/><REACH who="0" step="1"/><D76/><REACH who="0" step="2"/><N who="2" m="29258" /><F102/><W93/><G121/><T23/><D23/><U80/><E3/><V88/><F103/><W18/><G119/><T19/><D19/><U104/><E104/><V86/><F106/><W36/><G18/><T39/><D39/><U95/><E5/><V125/><F125/><W132/><G116/><T17/><D17/><U11/><E4/><V40/><F88/><W56/><G132/><T73/><D73/><U59/><E1/><V122/><F122/><W10/><G36/><T12/><D12/><U114/><E37/><V57/><F86/><W85/><G10/><T2/><D2/><U62/><E11/><V98/><F98/><W75/><G75/><T87/><D87/><U112/><E9/><V51/><AGARI ba="0,1" hai="40,46,50,51,54,57,81,83" m="29258,32768" machi="51" ten="60,2000,0" yaku="19,1" doraHai="100,25" who="2" fromWho="2" sc="240,-10,250,-5,250,30,250,-5" /><INIT seed="1,0,0,4,2,23" ten="230,245,280,245" oya="1" hai0="50,68,70,132,120,81,36,46,41,56,21,131,52" hai1="29,64,112,79,35,100,31,38,78,63,118,130,17" hai2="8,5,48,87,75,129,125,69,57,84,10,77,44" hai3="42,22,115,104,67,27,111,33,16,30,127,114,11" shuffle="mt19937ar,F6B0F3E3,A7E46286,2C39AF78,BB03AA67,AE3C2E6E,AF16D42A,8D8CD082,BA63449B"/><U53/><E112/><V0/><F69/><W61/><G104/><T25/><D131/><U1/><E118/><V47/><F129/><W13/><G127/><T51/><D132/><U6/><E130/><V122/><F122/><W9/><G42/><T107/><D107/><U93/><E38/><V119/><F119/><W20/><G111/><T28/><D120/><U49/><E1/><V99/><F125/><W85/><G85/><T60/><REACH who="0" step="1"/><D81/><REACH who="0" step="2"/><U135/><E135/><V65/><F77/><W58/><G115/><T4/><D4/><U24/><E6/><V83/><F83/><W86/><G114/><T55/><D55/><U105/><E105/><V74/><F5/><W95/><G33/><T54/><D54/><U124/><E124/><V72/><F65/><W102/><REACH who="3" step="1"/><G86/><REACH who="3" step="2"/><T106/><D106/><U40/><E35/><V34/><F84/><W126/><G126/><T88/><D88/><U109/><E40/><V108/><F87/><W62/><G62/><T39/><D39/><U19/><E63/><V73/><F74/><W7/><G7/><T66/><D66/><U123/><E64/><V80/><F73/><W117/><G117/><T133/><D133/><U43/><E43/><V92/><F72/><W26/><G26/><T76/><D76/><N who="1" m="29227" /><E123/><V45/><F75/><W97/><AGARI ba="0,2" hai="9,11,13,16,20,22,27,30,58,61,67,95,97,102" machi="97" ten="30,12000,2" yaku="1,1,0,1,25,2,8,1,52,1,54,1,53,0" doraHai="23" doraHaiUra="121" who="3" fromWho="3" sc="220,-30,245,-60,280,-30,235,140" /><INIT seed="2,0,0,2,3,8" ten="190,185,250,375" oya="2" hai0="20,32,15,18,89,119,62,67,125,113,3,128,31" hai1="130,101,99,38,26,132,49,123,75,10,112,21,14" hai2="71,48,134,41,69,74,44,90,70,109,34,87,76" hai3="55,56,46,12,78,23,42,68,103,36,102,9,65" shuffle="mt19937ar,67181690,1E127D51,DC08A82F,A0F5AE65,A47F7661,7456CCC0,7C55E1C9,98FEF4AE"/><V81/><F134/><W114/><G78/><T24/><D113/><U80/><E38/><V124/><F109/><W29/><G114/><T27/><D125/><U64/><E112/><V58/><F124/><W83/><G83/><T98/><D128/><U131/><E132/><V0/><F0/><W63/><G23/><T116/><D3/><U107/><E123/><V122/><F122/><W66/><G29/><T79/><D79/><U133/><E133/><V45/><F34/><W127/><G127/><T96/><D27/><U121/><E121/><V40/><F58/><W2/><G2/><T6/><D6/><U104/><E64/><V95/><REACH who="2" step="1"/><F70/><REACH who="2" step="2"/><W92/><G68/><N who="0" m="42103" /><D89/><U105/><E131/><V51/><AGARI ba="0,1" hai="40,41,44,45,48,51,69,71,74,76,81,87,90,95" machi="51" ten="20,12000,1" yaku="1,1,0,1,7,1,9,1,53,1" doraHai="8" doraHaiUra="86" who="2" fromWho="2" sc="190,-40,185,-40,240,130,375,-40" /><INIT seed="2,1,0,3,0,127" ten="150,145,370,335" oya="2" hai0="94,20,61,118,13,36,4,52,54,73,98,10,23" hai1="79,95,28,29,21,9,66,0,107,135,110,19,25" hai2="37,22,132,62,33,12,86,104,106,80,6,105,93" hai3="99,121,123,63,16,46,3,91,69,96,112,120,87" shuffle="mt19937ar,8A17BCC2,34343928,9D1E24D5,E5DAA083,5E5132A6,ED817480,0318AC3B,9C0B5430"/><V130/><F37/><W18/><G3/><T101/><D118/><U103/><E107/><V102/><F33/><W77/><G112/><T30/><D73/><U71/><E110/><V44/><F132/><W128/><G77/><T81/><D36/><U24/><E135/><V53/><F93/><W58/><G69/><T89/><D61/><U74/><E71/><V50/><F62/><W88/><G46/><T109/><D109/><U70/><E70/><V26/><F12/><W134/><G134/><T39/><D39/><U42/><E66/><V84/><F6/><W78/><G78/><T7/><D7/><U92/><E42/><V2/><F2/><W125/><G125/><T119/><D119/><U126/><E126/><V100/><F86/><W129/><G96/><T82/><D30/><U38/><E38/><V34/><F34/><W59/><G99/><T1/><D1/><U32/><E103/><V115/><F115/><W8/><G8/><T72/><D72/><U51/><E51/><V131/><F102/><W43/><G43/><T31/><D31/><U14/><REACH who="1" step="1"/><E0/><REACH who="1" step="2"/><V49/><F100/><W45/><G121/><T113/><D113/><U117/><E117/><V65/><F50/><W27/><G63/><T56/><D101/><U122/><E122/><V75/><F65/><W124/><G124/><T5/><D5/><U111/><E111/><V116/><F116/><W90/><G123/><T17/><D54/><U40/><E40/><V97/><F53/><W83/><G120/><T47/><D52/><U76/><E76/><V114/><F114/><W133/><G133/><RYUUKYOKU ba="1,1" sc="150,-10,135,30,370,-10,335,-10" hai1="9,14,19,21,24,25,28,29,32,74,79,92,95" /><INIT seed="3,2,1,4,5,89" ten="140,165,360,325" oya="3" hai0="75,134,36,58,81,86,70,94,107,10,62,85,26" hai1="14,83,105,122,51,57,23,92,25,22,130,91,15" hai2="104,66,38,8,65,4,109,116,34,124,3,13,113" hai3="78,135,17,48,11,45,106,133,24,80,2,50,73" shuffle="mt19937ar,56FAA973,A8B44388,10F930BA,8CF85EE2,AB7468F8,4BD49351,50356800,31306DEB"/><W69/><G69/><T120/><D120/><U125/><E105/><V129/><RYUUKYOKU type="yao9" ba="2,1" sc="140,0,165,0,360,0,325,0" hai2="3,4,8,13,34,38,65,66,104,109,113,116,124,129" /><INIT seed="3,3,1,4,4,0" ten="140,165,360,325" oya="3" hai0="4,126,72,75,16,3,40,76,11,28,121,96,30" hai1="101,135,91,32,29,93,59,118,45,48,62,36,38" hai2="53,44,106,58,104,26,2,90,110,51,105,65,125" hai3="102,19,64,23,60,8,35,82,111,127,85,79,21" shuffle="mt19937ar,20CBBC03,B56E0955,715DCD2F,AC3C5263,05C810DF,C6AB205F,8124B50A,44AB6503"/><W25/><G127/><T98/><D121/><U33/><E101/><V117/><F117/><W119/><G119/><T130/><D126/><U13/><E118/><V42/><F2/><W134/><G134/><T20/><D130/><U92/><E135/><V114/><F125/><W24/><G111/><T103/><D40/><U46/><E13/><V69/><F114/><W83/><G35/><T17/><D17/><U12/><E12/><V54/><F110/><W129/><G129/><T73/><D76/><U84/><E93/><V61/><F26/><W56/><G102/><T66/><D66/><U116/><E116/><V89/><REACH who="2" step="1"/><F54/><REACH who="2" step="2"/><W1/><G1/><T123/><D123/><U132/><E132/><V81/><F81/><N who="3" m="47295" /><G8/><T7/><D7/><U71/><E33/><V107/><N who="2" m="26624" /><DORA hai="43" /><V95/><F95/><W77/><G77/><T87/><D103/><U55/><E32/><V41/><F41/><W18/><AGARI ba="3,2" hai="18,19,21,23,24,25,56,60,64,82,83" m="47295" machi="18" ten="30,1500,0" yaku="8,1" doraHai="0,43" who="3" fromWho="3" sc="140,-8,165,-8,350,-8,325,44" owari="132,-27,157,-19,342,9,369,37" /></mjloggm>