<mjloggm ver="2.3"><GO type="225"/><UN n0="%73%69%64%65" n1="%E5%88%BB%E5%AD%90%E5%B8%82%E6%B0%91" n2="%E4%BA%8C%E4%B8%89%E8%B5%A4%E4%BA%94%EF%BC%94%EF%BC%96%EF%BC%98" n3="%E9%9B%AA%E5%9B%BD%E8%82%B2%E3%81%A1" dan="17,17,16,17" rate="2091,2129,2081,2184" sx="M,M,M,M"/><TAIKYOKU oya="0"/><INIT seed="0,0,0,5,3,58" ten="250,250,250,250" oya="0" hai0="15,68,29,49,47,8,17,48,127,23,70,55,93" hai1="116,60,87,106,115,44,133,112,9,99,125,121,7" hai2="66,0,102,20,73,6,130,88,67,42,52,85,37" hai3="117,26,94,69,28,118,16,101,3,21,31,95,97" shuffle="mt19937ar,1C604582,F5F497AF,7A42EAB1,E15D9387,228E90A9,6F4BBE02,7BB49929,4A342566"/><T77/><D127/><U113/><E121/><V19/><F73/><W74/><G3/><T4/><D77/><U57/><E125/><V5/><F130/><W34/><G74/><T64/><D29/><U35/><E35/><V75/><F75/><W123/><G123/><T46/><D93/><U24/><E24/><V62/><F102/><W11/><G69/><T119/><D119/><U78/><E116/><V22/><F37/><W109/><G109/><T38/><D38/><U111/><E111/><V89/><F42/><W45/><G45/><T128/><D128/><U33/><E33/><V30/><F0/><W2/><G28/><T105/><D105/><U83/><E133/><V110/><F30/><W134/><G134/><T98/><D98/><U56/><E44/><V84/><F110/><W61/><G95/><T96/><D96/><U126/><E126/><V122/><F122/><W71/><G11/><T100/><D100/><N who="1" m="62751" /><E60/><V131/><F131/><W80/><G2/><AGARI ba="0,0" hai="2,7,9,56,57,78,83,87,112,113,115" m="62751" machi="2" ten="30,1000,0" yaku="11,1" doraHai="58" who="1" fromWho="3" sc="250,0,250,10,250,0,250,-10" /><INIT seed="1,0,0,4,0,7" ten="250,260,250,240" oya="1" hai0="78,49,26,36,118,23,74,28,53,12,2,125,17" hai1="41,66,109,67,31,103,63,102,93,94,61,32,120" hai2="9,27,110,6,33,38,111,18,116,95,126,29,25" hai3="92,16,115,108,52,70,51,133,105,89,35,135,1" shuffle="mt19937ar,BFE61F1D,05897E8C,6341D8E8,7B931FC0,E1DFB307,DB61712D,F9748653,7D3E4242"/><U71/><E120/><V34/><F38/><W8/><G115/><T65/><D118/><U132/><E132/><N who="3" m="50762" /><G108/><N who="2" m="41513" /><F95/><W127/><G127/><T0/><D36/><U56/><E109/><V54/><F54/><W129/><G129/><T75/><D65/><U101/><REACH who="1" step="1"/><E41/><REACH who="1" step="2"/><V64/><F116/><W117/><G117/><T50/><D125/><U57/><E57/><V44/><F126/><W37/><G70/><T55/><D2/><U11/><E11/><V76/><F44/><W19/><G1/><T42/><D0/><U86/><E86/><V69/><F69/><W13/><G37/><T4/><D42/><U121/><E121/><V46/><F46/><N who="3" m="27767" /><G35/><T134/><D134/><U24/><AGARI ba="0,1" hai="24,31,32,56,61,63,66,67,71,93,94,101,102,103" machi="24" ten="30,12000,1" yaku="1,1,0,1,53,3" doraHai="7" doraHaiUra="98" who="1" fromWho="1" sc="250,-40,250,130,250,-40,240,-40" /><INIT seed="1,1,0,0,5,3" ten="210,380,210,200" oya="1" hai0="105,37,41,118,113,114,49,112,77,99,50,84,109" hai1="23,62,39,124,64,116,93,22,102,134,1,58,27" hai2="82,31,9,59,131,45,63,73,128,13,55,133,53" hai3="43,86,67,89,87,123,117,30,10,8,103,57,28" shuffle="mt19937ar,A439EDDD,EFF04A01,7F0F7A60,2C6B9616,4493D00F,D89CACF1,ECC33B85,5D9682AB"/><U90/><E39/><V61/><F31/><N who="3" m="11819" /><G123/><T47/><D118/><U122/><E116/><V32/><F32/><W15/><G117/><T94/><D105/><U48/><E122/><V36/><F133/><W66/><G103/><T110/><D84/><N who="3" m="32297" /><G43/><T106/><D106/><U135/><E1/><V11/><F36/><W121/><G121/><T80/><D80/><U51/><E102/><V19/><F9/><N who="3" m="3691" /><G89/><N who="0" m="55759" /><D77/><U126/><E90/><V4/><F19/><W65/><G15/><T17/><D17/><U12/><E12/><V88/><F88/><W38/><G38/><T25/><D25/><U115/><E27/><V83/><F73/><W40/><G40/><T120/><D120/><U33/><E134/><V35/><F35/><W52/><G52/><T91/><D91/><U100/><E33/><V92/><F92/><W101/><G101/><T60/><D60/><AGARI ba="1,0" hai="57,60,65,66,67" m="3691,32297,11819" machi="60" ten="30,1000,0" yaku="8,1" doraHai="3" who="3" fromWho="0" sc="210,-13,380,0,210,0,200,13" /><INIT seed="2,0,0,3,5,36" ten="197,380,210,213" oya="2" hai0="96,86,43,113,30,60,55,51,127,42,77,78,85" hai1="131,28,11,33,6,32,104,59,40,52,97,98,64" hai2="17,114,41,118,82,70,72,48,8,57,47,100,58" hai3="14,20,91,62,24,75,21,133,10,87,73,93,16" shuffle="mt19937ar,D07B71D2,13408790,27A98431,94098432,A2D8DA83,C511EB99,3FB6F53D,8EB18CBE"/><V89/><F114/><W38/><G133/><T3/><D3/><U63/><E131/><V67/><F118/><W37/><G21/><T103/><D113/><U4/><E4/><V1/><F100/><W50/><G62/><T29/><D60/><U128/><E128/><V56/><F70/><W129/><G129/><T18/><D127/><U5/><E5/><V22/><F1/><W23/><G23/><T95/><D18/><U44/><E64/><V92/><F8/><W122/><G122/><T65/><D65/><U130/><E130/><V45/><F72/><W105/><G105/><T66/><D66/><U0/><E104/><V126/><F126/><W69/><G69/><T13/><D13/><U106/><E106/><V31/><F82/><W68/><G68/><T83/><D86/><U80/><E80/><V34/><F34/><W90/><G90/><T74/><D78/><U2/><E2/><V49/><F31/><N who="0" m="11786" /><D74/><U109/><E33/><V134/><F134/><W35/><G35/><T61/><D61/><U9/><E9/><V123/><F123/><W39/><REACH who="3" step="1"/><G50/><REACH who="3" step="2"/><T112/><D112/><U53/><E32/><V79/><F79/><W108/><G108/><T25/><D25/><U84/><E109/><V102/><F67/><W81/><G81/><T125/><D125/><U135/><E135/><V107/><F107/><W71/><G71/><T99/><D99/><U7/><E97/><V124/><F124/><W111/><G111/><T27/><D27/><U15/><E98/><V46/><F49/><W76/><G76/><T119/><D119/><U19/><E63/><RYUUKYOKU ba="0,1" sc="197,15,380,-15,210,-15,203,15" hai0="42,43,51,55,77,83,85,95,96,103" hai3="10,14,16,20,24,37,38,39,73,75,87,91,93" /><INIT seed="3,1,1,0,2,126" ten="212,365,195,218" oya="3" hai0="111,54,106,91,81,41,116,66,71,72,58,101,17" hai1="63,28,0,94,110,97,38,44,36,19,117,73,123" hai2="68,56,5,121,65,84,3,21,85,32,31,25,53" hai3="9,4,43,103,8,47,26,133,113,87,1,86,108" shuffle="mt19937ar,81FF8B39,C664933C,394BA9DF,852F6F65,C3479C7C,F03724FE,C29BE901,9F1858A2"/><W64/><G113/><T35/><D116/><U83/><E0/><V18/><F121/><W6/><G133/><T10/><D35/><U14/><E28/><V77/><F77/><W34/><G103/><T24/><D41/><U55/><E123/><V75/><F75/><W49/><G108/><T80/><D111/><U124/><E110/><V29/><F68/><W78/><G64/><T40/><D40/><U112/><E112/><V27/><F65/><W120/><G120/><T20/><D71/><U100/><E124/><V127/><F127/><W23/><G34/><T67/><D106/><U12/><E12/><V129/><F129/><W57/><G57/><T122/><D101/><U134/><E134/><V105/><F105/><W92/><G92/><T52/><D72/><U51/><E63/><V96/><F96/><W88/><G78/><T69/><D69/><U82/><E117/><V132/><F132/><W42/><G42/><T95/><D10/><U128/><E83/><N who="0" m="31817" /><D122/><U16/><E19/><V98/><F98/><W45/><G88/><T74/><D74/><U131/><E14/><V62/><REACH who="2" step="1"/><F18/><REACH who="2" step="2"/><W48/><G86/><N who="0" m="52727" /><D67/><U11/><E97/><V37/><F37/><W39/><G87/><T2/><D2/><U93/><E38/><V33/><F33/><W109/><G109/><T107/><D107/><U46/><E36/><V79/><F79/><W89/><G89/><T70/><D70/><U119/><E73/><V115/><F115/><W102/><G39/><T60/><AGARI ba="1,2" hai="17,20,24,52,54,58,60,66" m="52727,31817" machi="60" ten="30,2000,0" yaku="8,1,54,1" doraHai="126" who="0" fromWho="0" sc="212,43,365,-6,185,-6,218,-11" owari="255,1,359,35,179,-22,207,-14" /></mjloggm>