<mjloggm ver="2.3"><GO type="225"/><UN n0="%52%65%64%4D%61%67%69%63" n1="%E6%9C%9D%E6%AF%94%E5%A5%88%E8%8B%B1%E7%90%86%E5%AD%90" n2="%4E%6F%2E%32" n3="%74%EF%BC%9C%6E" dan="16,16,16,16" rate="2031,2074,2079,2070" sx="M,F,M,F"/><TAIKYOKU oya="0"/><INIT seed="0,0,0,1,2,113" ten="250,250,250,250" oya="0" hai0="89,30,36,92,24,103,81,2,106,33,98,88,123" hai1="122,121,51,50,4,93,22,75,102,74,119,16,26" hai2="41,83,78,37,55,97,20,96,8,48,80,40,59" hai3="135,72,35,12,109,7,85,39,21,1,47,118,126" shuffle="mt19937ar,25BFB916,8B797885,6E4BAB8F,86FC4995,B27F79AE,22976336,112858C5,A1AB5E0D"/><T117/><D36/><U17/><E119/><V53/><F80/><W58/><G72/><T73/><D123/><U44/><E4/><V105/><F105/><W71/><G71/><T115/><D115/><U95/><E102/><V127/><F127/><W56/><G35/><T57/><D2/><U28/><E28/><V128/><F128/><W13/><G1/><T42/><D42/><U70/><E70/><V116/><F20/><W54/><G126/><T11/><D11/><U52/><E22/><V6/><F53/><W9/><G109/><T87/><D117/><U134/><E26/><V91/><F91/><W46/><G135/><T79/><D89/><U111/><E44/><V63/><F63/><W31/><G118/><T23/><REACH who="0" step="1"/><D57/><REACH who="0" step="2"/><U3/><E3/><N who="2" m="95" /><F116/><W129/><G39/><T65/><D65/><U107/><E134/><V67/><F40/><W43/><G43/><T15/><D15/><U100/><E121/><V124/><F67/><W101/><G58/><T120/><D120/><U104/><E122/><V130/><F124/><W10/><G10/><T34/><AGARI ba="0,1" hai="23,24,30,33,34,73,79,81,87,88,92,98,103,106" machi="34" ten="30,18000,2" yaku="1,1,0,1,24,2,54,1,53,1" doraHai="113" doraHaiUra="90" who="0" fromWho="0" sc="240,190,250,-60,250,-60,250,-60" /><INIT seed="0,1,0,0,0,14" ten="430,190,190,190" oya="0" hai0="69,13,66,8,26,39,125,127,109,72,6,95,31" hai1="134,124,10,29,21,118,58,133,93,56,71,63,94" hai2="34,119,115,32,67,112,2,7,129,102,59,87,75" hai3="27,81,90,16,37,114,80,123,107,108,88,62,40" shuffle="mt19937ar,49AF78BB,B27369EE,32C03831,04B273A2,943563E1,447AA146,B5223029,A637BE6F"/><T36/><D72/><U89/><E118/><V110/><F75/><W60/><G114/><T1/><D13/><U44/><E124/><N who="0" m="47689" /><D95/><U51/><E10/><V97/><F119/><W24/><G107/><T130/><D130/><U74/><E74/><V17/><F129/><W73/><G108/><T128/><D128/><U23/><E71/><V41/><F41/><W15/><G37/><T78/><D78/><U104/><E104/><V91/><F2/><W45/><G123/><T53/><D53/><U55/><E58/><V68/><F7/><W126/><G126/><T131/><D131/><U101/><E101/><V48/><F68/><W52/><G73/><T135/><D135/><N who="1" m="51723" /><E29/><V83/><F110/><W99/><G40/><T92/><D92/><N who="1" m="35435" /><E89/><N who="3" m="34410" /><G99/><T98/><D98/><U4/><E4/><V70/><F97/><W61/><G81/><T47/><D109/><U116/><E116/><V25/><F102/><W65/><G80/><T111/><D111/><U96/><E96/><V132/><F115/><W9/><G65/><AGARI ba="1,0" hai="21,23,44,51,55,56,63,65" m="35435,51723" machi="65" ten="30,1000,0" yaku="20,1" doraHai="14" who="1" fromWho="3" sc="430,0,190,13,190,0,190,-13" /><INIT seed="1,0,0,3,0,21" ten="430,203,190,177" oya="1" hai0="81,30,29,22,10,73,45,65,88,101,112,58,5" hai1="1,2,94,108,39,118,75,80,34,121,63,119,104" hai2="11,69,122,27,127,67,14,28,129,133,16,26,125" hai3="3,25,54,85,83,109,97,59,46,66,61,35,126" shuffle="mt19937ar,817F438B,B71D0754,6C621EC9,7243264F,E4E5A88B,FB6AC78A,CBFAC1BE,D194A326"/><U64/><E121/><V79/><F122/><W114/><G114/><T89/><D112/><U124/><E94/><V92/><F133/><W23/><G3/><N who="1" m="1034" /><E39/><V24/><F129/><W82/><G35/><T38/><D101/><U98/><E34/><V96/><F79/><W57/><G109/><T86/><D73/><U123/><E123/><V70/><F28/><W18/><G126/><N who="2" m="48137" /><F67/><W50/><G97/><T31/><D45/><U100/><E124/><V62/><F62/><W32/><G32/><T52/><D65/><U55/><E55/><V43/><F43/><W7/><G7/><T48/><D38/><U56/><E56/><V135/><F135/><W33/><G33/><T131/><D131/><U95/><E95/><V132/><F132/><W76/><REACH who="3" step="1"/><G83/><REACH who="3" step="2"/><T20/><D81/><U17/><E108/><V117/><F117/><W72/><G72/><T105/><D5/><U36/><E119/><V40/><F40/><W9/><G9/><T15/><D10/><U51/><E118/><V110/><F110/><W68/><AGARI ba="0,1" hai="18,23,25,46,50,54,57,59,61,66,68,76,82,85" machi="68" ten="20,5200,0" yaku="1,1,0,1,7,1,52,1,53,0" doraHai="21" doraHaiUra="0" who="3" fromWho="3" sc="430,-13,203,-26,190,-13,167,62" /><INIT seed="2,0,0,2,1,110" ten="417,177,177,229" oya="2" hai0="135,33,15,130,111,9,39,112,47,75,96,120,88" hai1="119,97,81,21,23,37,133,116,25,32,36,127,24" hai2="4,63,55,53,49,6,82,29,13,72,105,52,91" hai3="134,38,58,46,113,78,114,85,106,57,117,99,20" shuffle="mt19937ar,81C84A96,BAE879D0,F6D6A4F3,8896FFF0,20270D4F,469DF6B5,39DA4389,5C8C8899"/><V30/><F105/><W93/><G117/><T0/><RYUUKYOKU type="yao9" ba="0,0" sc="417,0,177,0,177,0,229,0" hai0="0,9,15,33,39,47,75,88,96,111,112,120,130,135" /><INIT seed="2,1,0,4,3,101" ten="417,177,177,229" oya="2" hai0="96,123,127,59,90,111,135,116,63,88,38,107,64" hai1="15,40,21,25,103,1,61,97,39,110,58,36,20" hai2="49,77,126,4,69,8,57,44,62,65,14,29,83" hai3="129,17,73,7,5,24,71,56,109,47,31,18,106" shuffle="mt19937ar,DFEF428A,1D918FE8,BBE24B2B,EDAF3FB9,0277ED0D,C68CEBF2,699600FB,DF2E3FE0"/><V28/><F126/><W81/><G71/><T92/><D123/><U100/><E1/><V114/><F69/><W78/><G109/><T131/><D127/><U54/><E110/><V23/><F23/><W33/><G129/><T11/><D111/><U72/><E72/><V13/><F13/><W53/><G47/><T35/><D131/><U89/><E40/><V42/><REACH who="2" step="1"/><F114/><REACH who="2" step="2"/><W46/><G33/><T66/><D35/><U9/><E20/><V26/><F26/><W19/><G24/><T94/><D116/><U130/><E130/><V70/><F70/><W112/><G112/><T30/><D135/><U119/><E119/><V68/><F68/><W10/><G10/><T6/><D11/><U121/><E121/><V60/><F60/><W133/><G133/><T22/><D63/><U98/><E21/><V86/><AGARI ba="1,1" hai="4,8,14,28,29,42,44,49,57,62,65,77,83,86" machi="86" ten="20,18000,2" yaku="1,1,0,1,7,1,25,2,8,1,53,1" doraHai="101" doraHaiUra="45" who="2" fromWho="2" sc="417,-61,177,-61,167,193,229,-61" /><INIT seed="2,2,0,1,4,130" ten="356,116,360,168" oya="2" hai0="79,115,41,24,65,109,89,116,98,81,33,134,29" hai1="17,128,57,68,104,62,107,20,40,117,90,93,4" hai2="122,135,102,59,73,70,85,30,49,38,14,63,45" hai3="76,46,113,50,131,67,66,74,129,1,21,55,54" shuffle="mt19937ar,7E02FAD4,953D564E,2155BD08,D9E8C08D,B0C248D8,FAACCB7E,553C41F1,69E3B3DE"/><V43/><F122/><W28/><G1/><T127/><D115/><U6/><E117/><V3/><F73/><W106/><G106/><T15/><D127/><U97/><E128/><N who="3" m="49226" /><G113/><T80/><D109/><U22/><E68/><V25/><F3/><W84/><G74/><T16/><D116/><U52/><E40/><V10/><F102/><W27/><G55/><T105/><D65/><N who="3" m="24585" /><G84/><T120/><D120/><U118/><E118/><V32/><F85/><W53/><G53/><T56/><D41/><U69/><E69/><V39/><F70/><W19/><G76/><T126/><D126/><U108/><E108/><V101/><F101/><W47/><G28/><T0/><D0/><U60/><E60/><V96/><F96/><W2/><G2/><T35/><D105/><U64/><E64/><V8/><F39/><W44/><AGARI ba="2,0" hai="19,21,27,44,46,47,50,54" m="24585,49226" machi="44" ten="30,1100,0" yaku="19,1" doraHai="130" who="3" fromWho="3" sc="356,-5,116,-5,360,-7,168,17" /><INIT seed="3,0,0,2,5,123" ten="351,111,353,185" oya="3" hai0="105,15,88,32,69,95,59,86,118,1,61,74,94" hai1="13,135,116,78,126,64,71,109,50,99,54,102,33" hai2="38,115,48,104,18,27,44,52,120,132,82,70,127" hai3="25,62,79,98,106,7,20,14,8,108,43,68,124" shuffle="mt19937ar,37ACE990,77A302CB,8276EFEC,A68904C7,D2AF26A1,F625BB6D,8096E4E7,ED3110C6"/><W92/><G106/><T87/><D105/><U47/><E109/><V119/><F115/><W73/><G43/><T84/><D118/><U114/><E114/><V101/><F119/><W85/><G73/><T9/><D1/><U66/><E135/><V117/><F117/><W28/><G124/><T134/><D74/><U41/><E126/><V107/><F70/><W103/><G108/><T91/><D69/><U5/><E116/><V93/><F127/><W37/><G37/><T65/><D32/><U42/><E33/><V40/><F132/><W29/><G68/><T58/><D134/><U133/><E133/><V80/><F104/><W16/><REACH who="3" step="1"/><G62/><REACH who="3" step="2"/><T111/><D111/><U34/><E71/><V39/><F107/><W49/><G49/><T24/><D24/><U22/><E34/><V130/><F39/><W0/><G0/><T46/><D46/><U55/><E78/><V76/><F120/><W23/><G23/><T110/><D110/><U6/><E42/><V10/><F76/><W125/><G125/><T26/><D26/><U75/><E75/><V90/><F40/><W131/><G131/><T56/><D59/><U113/><E113/><V60/><F38/><W53/><G53/><T45/><D58/><U97/><E55/><V35/><F60/><W129/><G129/><T112/><D45/><U19/><E54/><V4/><F130/><W122/><G122/><T96/><D112/><U100/><E22/><N who="2" m="13783" /><F35/><W67/><G67/><T63/><D63/><U30/><E66/><V89/><F44/><W11/><G11/><T12/><D9/><U17/><E47/><RYUUKYOKU ba="0,1" sc="351,15,111,-15,353,-15,175,15" hai0="12,15,56,61,65,84,86,87,88,91,94,95,96" hai3="7,8,14,16,20,25,28,29,79,85,92,98,103" /><INIT seed="3,1,1,5,3,18" ten="366,96,338,190" oya="3" hai0="104,6,93,31,103,29,123,60,86,13,12,37,129" hai1="114,21,85,70,92,117,81,47,36,71,57,127,25" hai2="131,108,116,99,83,95,96,133,134,1,74,3,43" hai3="27,51,44,122,46,17,78,124,32,61,48,55,112" shuffle="mt19937ar,25D96FB6,62480D36,6DA8AF98,6082964E,3641FCA8,59224001,4A1AA0E7,A20FE41C"/><W42/><G112/><T23/><D37/><U15/><E114/><V16/><F116/><W38/><G122/><T109/><D104/><U66/><E127/><V67/><F131/><W82/><G124/><T56/><D123/><U75/><E117/><V7/><F108/><W76/><G61/><T119/><D119/><U115/><E115/><V118/><F118/><W69/><G69/><T135/><D129/><U94/><E75/><V39/><F67/><W33/><G38/><T9/><D109/><U49/><E36/><V22/><F74/><W100/><G100/><T130/><D130/><U41/><E71/><V126/><F126/><W65/><G65/><N who="0" m="39047" /><D135/><N who="2" m="51722" /><F83/><W40/><G55/><T50/><D50/><U79/><E70/><V5/><F43/><W105/><G105/><T102/><D13/><U121/><E121/><V97/><F39/><W80/><G17/><T30/><D23/><U72/><E72/><V2/><F95/><W90/><G27/><AGARI ba="1,1" hai="1,2,3,5,7,16,22,27,96,97,99" m="51722" machi="27" ten="40,5200,0" yaku="20,1,52,1,54,1" doraHai="18" who="2" fromWho="3" sc="366,0,96,0,338,65,190,-55" owari="366,12,96,-30,403,39,135,-21" /></mjloggm>