<mjloggm ver="2.3"><GO type="225"/><UN n0="%EF%BC%88%27%EF%BC%88%E3%82%A7%EF%BC%89%27%6F%EF%BC%89" n1="%E9%AC%BC%E5%93%AD" n2="%E3%80%93%E3%81%84%E3%81%A1%E3%81%AF%E3%82%89%E3%80%93" n3="%E3%81%B6%E3%81%A3%E3%81%A8%E3%81%B3%E4%BE%8D" dan="16,17,16,16" rate="2066,2042,2049,2075" sx="M,M,M,M"/><TAIKYOKU oya="0"/><INIT seed="0,0,0,4,3,73" ten="250,250,250,250" oya="0" hai0="22,75,97,131,25,45,21,41,1,53,3,77,6" hai1="89,67,91,94,129,65,7,33,57,43,115,121,114" hai2="113,71,38,108,60,104,124,83,23,51,107,126,9" hai3="15,13,85,8,42,58,100,40,66,96,102,2,72" shuffle="mt19937ar,D42D0723,A292DCD0,A0199BBB,14D09F24,424289BA,281D6DCE,04299A50,94063715"/><T59/><D131/><U11/><E121/><V34/><F34/><W55/><G72/><T86/><D75/><U103/><E33/><V79/><F38/><W99/><G66/><T130/><D130/><U128/><E43/><V37/><F37/><W105/><G85/><T62/><D97/><U69/><E69/><V44/><F113/><W52/><G2/><T135/><D135/><U27/><E27/><V46/><F23/><W10/><REACH who="3" step="1"/><G58/><REACH who="3" step="2"/><T20/><D3/><U48/><E129/><V30/><F71/><W31/><G31/><T80/><D1/><U133/><E128/><V122/><F30/><W32/><G32/><T98/><D98/><U123/><E67/><V110/><F122/><W125/><G125/><T90/><D6/><U63/><E7/><V88/><F126/><W54/><G54/><T111/><D111/><U39/><E65/><V56/><F124/><W81/><G81/><T19/><REACH who="0" step="1"/><D77/><REACH who="0" step="2"/><U112/><E123/><V118/><F79/><W109/><G109/><T64/><D64/><U95/><E115/><V47/><F110/><W18/><G18/><T28/><D28/><U101/><E114/><V26/><F108/><W50/><G50/><AGARI ba="0,2" hai="19,20,21,22,25,41,45,50,53,59,62,80,86,90" machi="50" ten="30,5800,0" yaku="1,1,7,1,8,1,53,0" doraHai="73" doraHaiUra="24" who="0" fromWho="3" sc="240,78,250,0,250,0,240,-58" /><INIT seed="0,1,0,0,3,135" ten="318,250,250,182" oya="0" hai0="83,97,50,9,116,80,54,109,70,96,84,76,115" hai1="106,33,15,113,8,114,47,86,95,5,41,118,62" hai2="71,112,130,60,69,45,88,94,44,51,91,21,98" hai3="53,74,17,63,10,133,67,24,134,6,26,55,119" shuffle="mt19937ar,D7701324,37A4A86D,DA6E99D4,BDA245F8,40FAE33B,7A059FC6,ED806A60,660B5A03"/><T29/><D70/><U89/><E106/><V30/><F112/><N who="1" m="43113" /><E33/><V87/><F130/><W105/><G74/><T131/><D115/><U72/><E72/><V46/><F69/><W40/><G40/><T77/><D116/><U125/><E118/><V64/><F21/><N who="3" m="13359" /><G26/><T121/><D121/><U117/><E117/><V100/><F30/><W78/><G78/><T128/><D29/><U123/><E62/><V13/><F13/><N who="3" m="5335" /><G105/><T103/><D9/><U73/><E73/><V61/><F61/><W58/><G119/><T124/><D109/><U59/><E59/><V108/><F108/><W68/><G68/><T49/><D54/><U101/><E101/><V7/><F7/><W38/><G38/><T92/><D103/><U126/><E123/><V42/><REACH who="2" step="1"/><F91/><REACH who="2" step="2"/><W127/><G134/><T16/><D131/><U18/><E5/><V2/><F2/><W102/><G133/><T23/><D128/><U36/><AGARI ba="1,1" hai="8,15,18,36,41,47,86,89,95,125,126" m="43113" machi="36" ten="30,4000,0" yaku="11,1,52,2" doraHai="135" who="1" fromWho="1" sc="318,-21,250,53,240,-11,182,-11" /><INIT seed="1,0,0,5,0,28" ten="297,303,229,171" oya="1" hai0="97,43,88,12,120,94,2,62,130,32,134,13,96" hai1="3,107,10,25,65,105,109,26,15,9,71,119,39" hai2="129,132,122,16,11,29,58,135,7,100,60,8,86" hai3="72,103,67,131,24,22,36,66,6,123,69,108,38" shuffle="mt19937ar,E01E24EF,0888DAAC,C96A0D6A,7EAE5680,6734A9F4,5E769C3E,F05B3F91,DFC98DC2"/><U30/><E119/><V51/><F122/><W128/><G72/><T47/><D2/><U87/><E39/><V116/><F116/><W75/><G75/><T78/><D120/><U63/><E109/><V19/><F100/><W54/><G123/><T117/><D117/><U125/><E125/><V113/><F51/><W83/><G83/><T57/><D134/><N who="2" m="51242" /><F86/><W1/><G103/><T45/><D130/><U23/><E3/><N who="2" m="127" /><F60/><W44/><G38/><T33/><D78/><U98/><E98/><V5/><F58/><W121/><G121/><T40/><D97/><U56/><E87/><V53/><F53/><W124/><G69/><T133/><D133/><U82/><E82/><V68/><F68/><W101/><G101/><T81/><D81/><U46/><E71/><V27/><F129/><W76/><G76/><T41/><D47/><U99/><E46/><V106/><F106/><W77/><G77/><T34/><REACH who="0" step="1"/><D45/><REACH who="0" step="2"/><U89/><E99/><V102/><F113/><W114/><G114/><T49/><D49/><U37/><E37/><V20/><F102/><W64/><G36/><T90/><D90/><U21/><E89/><V93/><F93/><W17/><G131/><T61/><D61/><U92/><E92/><V104/><F104/><W91/><G91/><T35/><N who="0" m="8192" /><DORA hai="79" /><T80/><D80/><U52/><E107/><V0/><AGARI ba="0,1" hai="0,5,11,16,19,20,27,29" m="127,51242" machi="0" ten="30,7900,0" yaku="20,1,34,2,54,1" doraHai="28,79" who="2" fromWho="2" sc="287,-20,303,-39,229,89,171,-20" /><INIT seed="2,0,0,5,2,78" ten="267,264,318,151" oya="2" hai0="12,47,18,26,98,58,121,22,28,125,25,39,54" hai1="74,49,11,122,124,113,77,104,131,102,76,97,89" hai2="46,53,94,117,99,72,83,132,9,56,45,96,112" hai3="37,75,85,34,64,116,32,61,95,17,55,2,36" shuffle="mt19937ar,1B4D592B,A82BE7B9,F59777CA,7001DD0C,775788C9,5B1BBF1E,D465E85E,D1B6BC0D"/><V103/><F117/><W88/><G116/><T44/><D121/><U79/><E113/><V41/><F112/><W35/><G2/><T30/><D125/><U59/><E124/><V31/><F132/><W50/><G75/><T38/><D98/><U101/><E11/><V10/><F31/><W129/><G129/><T127/><D127/><U62/><E131/><V63/><F99/><W27/><G27/><T67/><D67/><U115/><E115/><V92/><F92/><W57/><REACH who="3" step="1"/><G17/><REACH who="3" step="2"/><T15/><D18/><U111/><E74/><V40/><F72/><W126/><G126/><T8/><D26/><U107/><E122/><V7/><F7/><W16/><G16/><T109/><D25/><U114/><E114/><V70/><F10/><W128/><G128/><T24/><D8/><U100/><E111/><V84/><F9/><W134/><G134/><T133/><D109/><U4/><E4/><V86/><F70/><AGARI ba="0,1" hai="32,34,35,36,37,50,55,57,61,64,70,85,88,95" machi="70" ten="40,5200,0" yaku="1,1,54,1,53,1" doraHai="78" doraHaiUra="81" who="3" fromWho="2" sc="267,0,264,0,318,-52,141,62" /><INIT seed="3,0,0,1,4,77" ten="267,264,266,203" oya="3" hai0="65,102,85,28,31,55,87,131,2,39,83,0,48" hai1="47,17,118,95,94,7,103,125,120,33,13,79,56" hai2="67,25,52,82,104,97,122,23,96,93,74,115,62" hai3="91,34,76,126,61,12,36,19,22,11,128,4,116" shuffle="mt19937ar,D16ADD98,044617B7,92B0DE23,F0693F47,4FE57754,73AC1C88,914906DB,08F9F586"/><W49/><G36/><T20/><D39/><U30/><E120/><V135/><F115/><W84/><G116/><T54/><D131/><U81/><E118/><V53/><F122/><W105/><G34/><T29/><D65/><U43/><E125/><V63/><F135/><W106/><G126/><T21/><D102/><U92/><E33/><V1/><F1/><W78/><G128/><T133/><D133/><U60/><E30/><V108/><F104/><W3/><G61/><T113/><D113/><U70/><E70/><V35/><F35/><W64/><G64/><T14/><D14/><U80/><E103/><V121/><F121/><W88/><G91/><T6/><D6/><U119/><E7/><V37/><F37/><W42/><G106/><T75/><D75/><U89/><E89/><V50/><F108/><W27/><G3/><T114/><D114/><U18/><E79/><V26/><F74/><W124/><G105/><T58/><D85/><U40/><E119/><V41/><F26/><W129/><G129/><T134/><D134/><U45/><E45/><N who="2" m="25903" /><F96/><W71/><G71/><T38/><D38/><U8/><E18/><N who="2" m="12535" /><F63/><W5/><G5/><T51/><D2/><U15/><E15/><V59/><F82/><N who="1" m="31849" /><E47/><V111/><F111/><W132/><G132/><T110/><D0/><U73/><E73/><V44/><F44/><N who="3" m="25751" /><G124/><T90/><D110/><U24/><E24/><V66/><F66/><AGARI ba="0,0" hai="8,13,17,40,43,56,60,66,92,94,95" m="31849" machi="66" ten="30,7700,0" yaku="8,1,52,3" doraHai="77" who="1" fromWho="2" sc="267,0,264,77,266,-77,203,0" owari="267,2,341,34,189,-21,203,-15" /></mjloggm>