<mjloggm ver="2.3"><GO type="225"/><UN n0="%74%EF%BC%9C%6E" n1="%E3%82%AF%E3%83%AB%E3%83%AB%E2%98%86" n2="%E3%82%B9%E3%83%91%E3%83%BC%E3%82%AF%E3%82%B9" n3="%E8%B6%85%E3%83%92%E3%83%A2%E3%83%AA%E3%83%AD" dan="16,16,16,17" rate="2074,2048,2072,2098" sx="F,F,F,F"/><TAIKYOKU oya="0"/><INIT seed="0,0,0,1,4,73" ten="250,250,250,250" oya="0" hai0="13,42,69,66,131,26,21,113,110,105,111,8,94" hai1="56,11,68,134,52,74,132,88,90,48,133,115,49" hai2="96,54,84,14,79,23,0,44,120,125,97,37,17" hai3="87,81,93,82,55,127,95,72,103,67,126,60,99" shuffle="mt19937ar,EAE5CD60,C753EBEC,7E8CE337,A3AD5343,4C96AD01,35D363D9,58EF1691,33700094"/><T4/><D105/><U3/><E68/><V101/><F0/><W128/><G55/><T78/><D42/><U80/><E115/><V24/><F120/><W50/><G50/><T118/><D113/><U62/><E3/><V77/><F125/><N who="3" m="47627" /><G128/><T114/><D114/><U28/><E28/><N who="2" m="17439" /><F37/><W112/><G112/><T6/><D118/><U30/><E30/><V47/><F84/><W100/><G60/><N who="0" m="40135" /><D94/><U38/><E38/><V35/><F35/><W83/><G67/><T46/><D46/><N who="2" m="17450" /><F54/><W107/><G72/><T89/><D131/><U41/><E11/><N who="2" m="6367" /><F101/><W36/><G36/><T39/><D39/><U121/><E121/><V2/><F2/><W76/><G103/><T9/><D9/><U71/><E41/><V117/><F117/><W104/><G93/><T19/><D4/><U15/><E15/><V86/><F86/><N who="3" m="48423" /><G82/><T25/><D6/><U53/><E71/><V109/><F109/><W98/><G98/><AGARI ba="0,0" hai="77,79,96,97,98" m="6367,17450,17439" machi="98" ten="30,3900,0" yaku="8,1,52,2" doraHai="73" who="2" fromWho="3" sc="250,0,250,0,250,39,250,-39" /><INIT seed="1,0,0,0,2,125" ten="250,250,289,211" oya="1" hai0="61,8,121,49,37,100,36,135,33,95,83,23,2" hai1="4,67,76,28,44,85,30,70,39,120,6,126,129" hai2="19,9,34,114,27,86,99,12,101,32,113,103,11" hai3="79,55,38,131,92,77,42,21,93,62,105,66,45" shuffle="mt19937ar,CF14CFF3,BFC5F2EC,E8B35BB4,43F9D032,0FAAC4B9,C1EBAA91,C6EC1372,A97C3AFA"/><U46/><E120/><V81/><F9/><W84/><G105/><T54/><D33/><U115/><E115/><N who="2" m="44043" /><F27/><W59/><G21/><T87/><D121/><U109/><E126/><V15/><F15/><W122/><G122/><T118/><D118/><U50/><E39/><V124/><F124/><W57/><G131/><T18/><D61/><U48/><E129/><V31/><F31/><N who="1" m="11817" /><E67/><V108/><F108/><W111/><G111/><T80/><D135/><U13/><E70/><V0/><F0/><W98/><G84/><T64/><D64/><U3/><E3/><V82/><F82/><W102/><REACH who="3" step="1"/><G92/><REACH who="3" step="2"/><T73/><D95/><U91/><E109/><V16/><F32/><W29/><G29/><T132/><D87/><U65/><E65/><V90/><F34/><W41/><G41/><T20/><D20/><U14/><E76/><V24/><F99/><W25/><G25/><T104/><D23/><AGARI ba="0,1" hai="11,12,16,19,23,24,81,86,90,101,103" m="44043" machi="23" ten="30,2000,0" yaku="11,1,54,1" doraHai="125" who="2" fromWho="0" sc="250,-20,250,0,289,30,201,0" /><INIT seed="2,0,0,4,0,12" ten="230,250,319,201" oya="2" hai0="41,8,53,32,46,82,108,75,96,123,40,34,128" hai1="15,118,36,22,85,81,28,78,121,134,102,61,20" hai2="114,110,43,101,103,97,3,24,115,127,70,99,124" hai3="59,63,39,100,106,91,13,17,105,30,120,21,26" shuffle="mt19937ar,BE7813EC,0B8B8AC0,3213CDD4,95FDEAE0,D82A67DE,B7FFD2BB,4112221F,9FA2FEEA"/><V87/><F70/><W90/><G39/><T66/><D123/><U48/><E118/><V47/><F3/><W9/><G120/><T79/><D66/><U2/><E36/><V56/><F56/><W57/><G57/><T42/><D108/><U133/><E2/><V50/><F110/><W84/><G100/><T55/><D128/><U86/><E121/><V80/><F24/><W52/><REACH who="3" step="1"/><G91/><REACH who="3" step="2"/><T62/><D46/><U107/><E102/><V29/><F101/><W116/><G116/><T37/><D37/><U0/><E134/><V16/><F103/><W68/><G68/><T109/><D109/><U72/><E133/><V23/><F114/><W65/><G65/><T92/><D62/><U49/><E61/><V76/><F115/><W94/><AGARI ba="0,1" hai="9,13,17,21,26,30,52,59,63,84,90,94,105,106" machi="94" ten="20,8000,1" yaku="1,1,0,1,7,1,52,1,54,1,53,0" doraHai="12" doraHaiUra="73" who="3" fromWho="3" sc="230,-20,250,-20,319,-40,191,90" /><INIT seed="3,0,0,4,0,91" ten="210,230,279,281" oya="3" hai0="76,123,42,19,40,13,49,79,31,64,15,60,72" hai1="39,69,131,75,111,59,107,82,114,68,108,81,16" hai2="53,130,41,101,89,27,104,2,50,113,46,66,126" hai3="28,38,90,99,36,125,9,83,85,43,29,14,58" shuffle="mt19937ar,8E445A26,9840A46A,472B49F0,535BDB1B,59106E02,41D778BC,786D59F5,FA2F998C"/><W12/><G125/><T57/><D123/><U120/><E120/><V117/><F2/><W109/><G109/><T51/><D31/><N who="3" m="11849" /><G38/><T65/><D72/><U119/><E114/><V22/><F117/><W8/><G36/><T20/><D65/><U95/><E107/><V25/><F113/><W129/><G129/><T33/><D33/><U115/><E39/><V32/><F126/><W98/><G43/><N who="0" m="16427" /><D13/><N who="3" m="5225" /><G58/><T21/><D21/><U17/><E115/><V71/><F32/><W11/><AGARI ba="0,0" hai="8,9,11,83,85,90,98,99" m="5225,11849" machi="11" ten="30,1500,0" yaku="8,1" doraHai="91" who="3" fromWho="3" sc="210,-5,230,-5,279,-5,281,15" /><INIT seed="3,1,0,1,2,66" ten="205,225,274,296" oya="3" hai0="107,105,124,17,11,35,115,0,71,106,58,52,95" hai1="92,69,123,114,59,31,28,51,15,7,89,86,10" hai2="91,103,29,25,46,101,48,119,39,64,118,20,1" hai3="112,133,37,40,97,129,56,108,62,111,72,85,21" shuffle="mt19937ar,3BA14FCE,928623FA,E03C46BE,B0EC4153,B0723D4C,15DE4154,13EA2288,5EFD4113"/><W98/><G72/><T61/><D35/><U16/><E123/><V70/><F1/><W82/><G112/><T27/><D115/><U4/><E114/><V75/><F75/><W122/><G122/><T134/><D134/><U42/><E69/><V54/><F39/><W36/><G133/><T55/><D124/><U96/><E96/><N who="3" m="36970" /><G21/><T126/><D126/><U67/><E67/><V9/><F9/><W2/><G2/><T57/><D95/><U135/><E135/><V22/><F22/><W68/><G68/><T94/><D94/><U30/><REACH who="1" step="1"/><E59/><REACH who="1" step="2"/><V78/><F70/><W76/><G129/><T93/><D71/><U18/><E18/><V63/><F64/><N who="3" m="38983" /><G40/><T13/><D0/><U53/><E53/><V113/><F113/><W50/><G50/><T74/><D74/><U99/><E99/><V87/><F54/><W132/><G132/><T23/><D58/><U33/><E33/><V43/><F48/><W12/><G12/><T131/><D131/><U24/><E24/><V117/><F43/><W45/><G45/><AGARI ba="1,1" hai="4,7,10,15,16,28,30,31,42,45,51,86,89,92" machi="45" ten="40,5200,0" yaku="1,1,8,1,54,1,53,0" doraHai="66" doraHaiUra="32" who="1" fromWho="3" sc="205,0,215,65,274,0,296,-55" /><INIT seed="4,0,0,0,2,104" ten="205,280,274,241" oya="0" hai0="52,63,98,47,119,103,135,65,67,106,132,43,85" hai1="128,70,38,111,93,30,0,97,71,53,10,105,120" hai2="107,123,33,46,75,23,121,72,73,59,61,41,112" hai3="24,36,13,40,100,22,130,116,12,77,31,86,17" shuffle="mt19937ar,A5D956AB,789010EC,8CF99A9F,9BB4F0CE,C831E4EC,F081E1C4,5C418297,196465E3"/><T55/><D119/><U79/><E111/><V110/><F33/><W129/><G116/><T78/><D78/><U91/><E120/><V76/><F110/><W88/><G100/><T84/><D84/><U44/><E30/><V37/><F76/><W20/><G77/><T28/><D85/><U94/><E105/><V51/><F107/><W34/><G40/><T16/><D28/><U4/><E128/><N who="3" m="49258" /><G36/><T2/><D2/><U113/><E113/><V81/><F81/><N who="3" m="49231" /><G12/><T14/><D43/><U39/><E39/><V95/><F95/><W6/><G6/><T62/><D47/><U54/><E79/><V99/><F99/><W122/><G122/><T9/><D63/><U5/><E5/><V115/><F37/><W102/><G102/><T8/><D8/><AGARI ba="0,0" hai="8,13,17,20,22,24,31,34" m="49231,49258" machi="8" ten="30,2000,0" yaku="19,1,54,1" doraHai="104" who="3" fromWho="0" sc="205,-20,280,0,274,0,241,20" /><INIT seed="5,0,0,2,1,23" ten="185,280,274,261" oya="1" hai0="51,24,129,61,120,95,118,14,67,0,18,9,106" hai1="79,40,126,6,1,114,121,84,59,56,78,81,41" hai2="32,72,113,86,112,22,111,73,80,3,74,125,91" hai3="83,13,44,99,50,55,20,36,38,71,108,29,107" shuffle="mt19937ar,25821AE9,2133859B,6936313F,66AF966A,92C3C6C3,A699F2EB,D1AF4DEE,726BB4DC"/><U124/><E121/><V100/><F111/><W5/><G71/><T42/><D118/><U109/><E79/><V46/><F32/><W122/><G122/><T70/><D120/><U90/><E109/><V34/><F34/><W117/><G108/><T15/><D106/><U2/><E114/><N who="2" m="44139" /><F3/><W8/><G117/><T101/><D129/><U10/><E1/><V130/><F130/><W85/><G107/><T93/><D0/><U33/><E33/><V43/><F100/><W65/><G65/><T7/><D101/><U134/><E134/><V21/><F125/><N who="1" m="48233" /><E78/><V53/><F53/><W105/><G105/><T64/><D64/><U119/><E119/><V31/><F31/><W133/><G133/><T27/><D42/><AGARI ba="0,0" hai="2,6,10,40,41,42,56,59,81,84,90" m="48233" machi="42" ten="30,1500,0" yaku="18,1" doraHai="23" who="1" fromWho="0" sc="185,-15,280,15,274,0,261,0" /><INIT seed="5,1,0,5,5,77" ten="170,295,274,261" oya="1" hai0="15,99,32,51,68,87,97,110,70,48,20,120,126" hai1="104,118,76,29,133,88,36,61,132,72,135,27,71" hai2="58,124,23,64,11,31,128,10,114,28,2,115,3" hai3="55,134,125,14,74,73,62,53,19,26,98,38,49" shuffle="mt19937ar,12F6F104,7BFE55C2,BC534ABD,6DD0C6B9,C22B2575,C816D737,74EB7E73,240FBA7D"/><U80/><E118/><V109/><F109/><W89/><G38/><T96/><D110/><U112/><E112/><N who="2" m="43051" /><F64/><W113/><G113/><T47/><D32/><U100/><E36/><V35/><F58/><W30/><G125/><T8/><D126/><U5/><E5/><V123/><F124/><W79/><G134/><T9/><D120/><U105/><E100/><V91/><F91/><W18/><G62/><T60/><D60/><U1/><E1/><N who="2" m="11" /><F123/><W108/><G108/><T94/><D70/><U41/><E41/><V90/><F90/><W78/><G73/><T34/><D34/><N who="1" m="20799" /><E88/><V57/><F57/><W95/><G74/><T52/><D68/><U59/><E71/><V56/><F56/><W6/><G6/><T101/><D51/><U86/><E72/><V81/><F81/><W44/><G55/><AGARI ba="1,0" hai="55,59,61,76,80,86,104,105,132,133,135" m="20799" machi="55" ten="30,2900,0" yaku="20,1,52,1" doraHai="77" who="1" fromWho="3" sc="170,0,295,32,274,0,261,-32" owari="170,-23,327,33,274,2,229,-12" /></mjloggm>