<mjloggm ver="2.3"><GO type="225"/><UN n0="%E3%82%AF%E3%83%AB%E3%83%AB%E2%98%86" n1="%E3%83%A0%E3%82%AF%E3%83%81%E3%83%A5%E3%83%B3" n2="%E3%83%9C%E3%83%84" n3="%E9%9B%81%E7%BA%8F" dan="16,16,16,16" rate="2052,2046,2037,2044" sx="F,M,M,M"/><TAIKYOKU oya="0"/><INIT seed="0,0,0,2,3,66" ten="250,250,250,250" oya="0" hai0="4,48,58,134,77,112,42,74,5,121,15,1,53" hai1="111,132,11,33,106,26,65,7,107,61,84,122,44" hai2="24,64,28,101,81,95,90,10,120,39,93,125,131" hai3="108,12,97,69,78,89,0,9,129,35,30,22,23" shuffle="mt19937ar,C2A06734,3F2FE13A,7AA93CC9,AEAB8C32,BBCC0E26,E78831DE,426E9DA1,2D6E9BF5"/><T92/><D112/><U115/><E122/><V71/><F120/><W34/><G69/><T88/><D1/><U55/><E115/><V75/><F39/><W82/><G108/><T67/><D121/><U2/><E111/><V29/><F125/><W50/><G129/><T56/><D134/><U128/><E132/><V73/><F131/><W102/><G89/><T62/><D42/><U60/><E128/><V83/><F10/><W80/><G0/><T130/><D130/><U76/><E76/><V103/><F64/><W96/><G30/><T13/><D77/><U21/><E33/><V72/><F72/><W59/><G96/><T57/><D74/><U40/><E84/><V87/><F24/><W47/><G82/><T18/><D57/><U126/><E55/><V118/><F87/><N who="3" m="48535" /><G59/><T16/><D15/><U109/><E126/><V52/><F90/><W38/><G38/><T79/><D79/><U70/><E61/><V124/><F124/><W116/><G116/><T99/><D18/><U54/><E54/><V6/><F52/><N who="3" m="29791" /><G35/><T51/><D48/><U117/><E117/><V20/><F118/><W135/><G34/><T27/><D27/><U31/><E109/><V105/><F105/><N who="3" m="63695" /><G135/><T114/><D114/><U113/><E113/><V37/><F37/><AGARI ba="0,0" hai="2,7,11,21,26,31,37,40,44,60,65,70,106,107" machi="37" ten="30,2000,0" yaku="7,1,52,1" doraHai="66" who="1" fromWho="2" sc="250,0,250,20,250,-20,250,0" /><INIT seed="1,0,0,1,0,107" ten="250,270,230,250" oya="1" hai0="21,87,41,72,96,121,6,86,132,90,13,37,5" hai1="89,64,98,25,35,102,51,60,30,46,83,12,17" hai2="29,55,23,61,124,133,77,31,126,49,11,131,47" hai3="112,71,95,0,85,26,59,62,18,108,7,19,27" shuffle="mt19937ar,6805FA97,C5F9DBCF,DB57D27C,0D19E8D5,D10AF74D,4E1B62DB,ED2149AF,6C74FC50"/><U84/><E12/><V94/><F131/><W135/><G112/><T114/><D114/><U68/><E17/><V44/><F133/><W128/><G71/><T63/><D132/><U115/><E115/><V125/><F11/><W92/><G135/><T113/><D113/><U20/><E20/><V109/><F109/><W74/><G108/><T103/><D63/><U122/><E122/><V76/><F61/><W67/><G128/><T48/><D37/><U3/><E3/><V52/><F94/><W119/><G74/><T14/><D121/><U100/><REACH who="1" step="1"/><E98/><REACH who="1" step="2"/><V40/><F23/><W8/><G19/><T79/><D21/><U36/><E36/><V73/><F124/><W78/><G18/><T56/><D96/><U123/><E123/><V111/><F111/><W54/><G26/><T45/><D14/><U70/><E70/><V42/><F49/><W104/><G27/><T130/><D13/><U4/><E4/><V16/><F73/><W28/><G0/><T69/><D72/><U129/><E129/><V53/><F16/><W106/><G7/><T2/><D5/><U88/><E88/><V15/><F15/><W10/><G8/><T134/><D6/><U120/><E120/><V9/><F55/><AGARI ba="0,1" hai="25,30,35,46,51,55,60,64,68,83,84,89,100,102" machi="55" ten="30,2900,0" yaku="1,1,7,1,53,0" doraHai="107" doraHaiUra="91" who="1" fromWho="2" sc="250,0,260,39,230,-29,250,0" /><INIT seed="1,1,0,4,1,96" ten="250,299,201,250" oya="1" hai0="110,62,66,21,55,88,109,61,44,4,120,32,122" hai1="72,50,74,5,104,57,85,46,79,63,76,78,10" hai2="125,128,99,90,89,116,51,94,82,53,26,52,83" hai3="43,0,60,33,127,97,37,35,134,111,13,101,47" shuffle="mt19937ar,71FDC441,110A3574,DDFDE354,17504FEF,587FA054,6EBFB92B,784296B2,EE2375EB"/><U69/><E104/><V98/><F116/><W25/><G0/><T14/><D32/><U54/><E69/><V18/><F125/><W15/><G127/><T77/><D77/><U38/><E38/><V17/><F128/><W123/><G123/><N who="0" m="47147" /><D44/><U19/><E19/><V135/><F135/><W23/><G134/><T48/><D48/><U68/><E68/><V133/><F133/><W39/><G39/><T36/><D36/><U31/><E31/><V91/><F26/><W117/><G117/><T105/><D105/><U121/><E121/><V59/><F53/><W11/><G111/><N who="0" m="42507" /><D55/><U124/><E85/><V95/><F90/><W131/><G131/><T65/><D88/><U34/><E34/><V106/><F106/><W86/><G86/><T130/><D130/><U49/><E124/><V42/><F42/><W56/><G35/><T84/><D84/><U24/><E50/><V8/><F8/><W7/><G33/><T113/><D113/><U20/><E72/><V100/><F91/><W40/><G47/><T129/><D129/><U64/><E74/><V73/><F73/><W75/><G37/><T103/><D103/><U67/><E67/><N who="0" m="25609" /><D21/><U22/><E22/><V108/><F108/><W92/><G75/><T6/><D14/><N who="1" m="5455" /><E20/><V102/><F89/><W132/><G15/><T80/><D80/><AGARI ba="1,0" hai="17,18,51,52,59,80,82,83,94,95,98,99,100,102" machi="80" ten="40,8000,1" yaku="9,1,8,1,52,2,54,1" doraHai="96" who="2" fromWho="0" sc="250,-83,299,0,201,83,250,0" /><INIT seed="2,0,0,5,1,42" ten="167,299,284,250" oya="2" hai0="28,23,31,37,133,83,118,39,111,121,122,99,68" hai1="49,80,89,45,77,102,124,115,69,62,132,29,1" hai2="71,66,27,35,8,48,2,97,129,46,101,100,81" hai3="106,10,85,38,12,6,86,36,21,15,96,108,41" shuffle="mt19937ar,A1A01484,68209E0D,D64B057B,81CB85AE,B07012E4,7E2E60D1,EBB37B20,E282E11F"/><V134/><F129/><W0/><G108/><T72/><D68/><U75/><E1/><V92/><F134/><W113/><G113/><T88/><D111/><U103/><E115/><V117/><F117/><W116/><G116/><T58/><D118/><U126/><E132/><V91/><F66/><W90/><G0/><T84/><D133/><U51/><E29/><V127/><F71/><W11/><G21/><T4/><D122/><U67/><E89/><V52/><F127/><N who="1" m="48681" /><E51/><V131/><F131/><W20/><G20/><T95/><D121/><U93/><E93/><V34/><F27/><W135/><G135/><T112/><D72/><U53/><AGARI ba="0,0" hai="45,49,53,62,67,69,75,77,80,102,103" m="48681" machi="53" ten="30,2000,0" yaku="18,1,52,1" doraHai="42" who="1" fromWho="1" sc="167,-5,299,20,284,-10,250,-5" /><INIT seed="3,0,0,5,1,120" ten="162,319,274,245" oya="3" hai0="79,87,35,135,16,74,73,100,92,1,65,26,103" hai1="30,123,91,22,18,64,21,75,58,24,88,128,49" hai2="29,67,132,62,7,52,47,19,69,71,101,99,113" hai3="104,17,93,44,61,39,60,118,109,6,119,32,124" shuffle="mt19937ar,045AEE77,EBA386F5,18B0FA9B,A0EF2BA6,DAF3EA4E,D6BE5ACD,1F8E7300,CA97954A"/><W76/><G104/><T116/><D1/><U36/><E36/><V0/><F113/><W42/><G32/><T94/><D116/><U106/><E106/><V111/><F19/><W37/><G37/><T85/><D65/><U105/><E75/><N who="0" m="28681" /><D35/><U55/><E105/><V126/><F29/><W81/><G6/><T10/><D26/><N who="1" m="16719" /><E123/><V89/><F89/><N who="1" m="34377" /><E128/><V27/><F71/><W28/><G124/><T46/><D46/><U77/><E64/><V9/><F126/><W31/><G118/><T84/><D10/><U66/><E66/><V11/><F27/><W2/><G119/><T5/><D16/><U90/><E90/><V50/><F9/><W45/><G2/><T110/><D5/><U80/><E77/><V83/><F83/><AGARI ba="0,0" hai="18,22,24,49,55,58,80,83" m="34377,16719" machi="83" ten="30,2000,0" yaku="8,1,54,1" doraHai="120" who="1" fromWho="2" sc="162,0,319,20,274,-20,245,0" owari="162,-24,339,34,254,0,245,-10" /></mjloggm>