<mjloggm ver="2.3"><GO type="185"/><UN n0="%E5%83%8D%E3%81%8D%E3%81%9F%E3%81%8F%E3%81%AA%E3%81%84" n1="%E7%B1%B3%E5%85%89%E5%80%B6%E6%A5%BD%E9%83%A8" n2="%53%54%4F%53%48%49%59%41" n3="" dan="17,16,16,0" rate="2212,2182,2086,1500" sx="M,F,M,C"/><TAIKYOKU oya="0"/><INIT seed="0,0,0,5,4,39" ten="350,350,350,0" oya="0" hai0="121,82,83,112,116,54,127,45,41,93,78,89,119" hai1="36,92,123,131,46,58,42,122,48,62,66,94,67" hai2="2,57,76,80,49,44,65,97,125,88,50,130,91" hai3="" shuffle="mt19937ar,C55342BB,A08CBC6C,3FD688C5,99C9F309,F27AE653,07F4F84B,EA75796F,DAE0E2A2"/><T113/><N who="0" m="31008" /><T109/><D127/><U0/><N who="1" m="31264" /><U95/><N who="1" m="31520" /><U73/><E0/><V77/><F2/><T118/><D109/><U120/><N who="1" m="30752" /><U135/><E73/><V90/><F125/><T104/><D104/><U132/><E131/><V101/><F130/><T111/><D111/><U117/><E117/><V75/><F77/><T105/><D105/><U96/><E36/><V79/><F79/><T69/><D69/><U33/><E33/><V124/><F124/><T55/><D112/><U128/><E128/><V63/><REACH who="2" step="1"/><F44/><REACH who="2" step="2"/><T35/><D113/><U81/><E96/><V70/><F70/><T85/><D35/><U40/><E135/><V84/><F84/><T43/><D45/><U134/><E132/><V99/><F99/><T103/><D78/><U74/><E134/><V52/><F52/><T53/><D118/><U38/><E74/><V32/><F32/><T87/><D119/><U59/><E59/><V34/><F34/><T51/><D116/><U102/><E58/><V107/><AGARI ba="0,1" hai="49,50,57,63,65,75,76,80,88,90,91,97,101,107" machi="107" ten="30,3000,0" yaku="1,1,0,1,54,1,53,0" doraHai="39" doraHaiUra="110" who="2" fromWho="2" sc="350,-20,350,-10,340,40,0,0" /><INIT seed="1,0,0,1,2,38" ten="330,340,380,0" oya="1" hai0="134,126,67,78,45,76,36,37,42,127,122,75,109" hai1="69,51,83,89,47,79,56,95,105,53,84,88,65" hai2="97,121,74,110,80,112,82,133,91,48,66,34,77" hai3="" shuffle="mt19937ar,063602D2,F62588C9,9AC23AD6,3FCE84A2,5151ABD6,7EA9BE64,985BFDB7,D154E5F0"/><U87/><E105/><V64/><N who="2" m="31008" /><V94/><F34/><T54/><N who="0" m="31264" /><T81/><D109/><U102/><E102/><V124/><F110/><T58/><D134/><U2/><E2/><V40/><F133/><T104/><D104/><U62/><REACH who="1" step="1"/><E79/><REACH who="1" step="2"/><V118/><F118/><T55/><D78/><U41/><E41/><V132/><F132/><T107/><D107/><U108/><E108/><V119/><F119/><T106/><D106/><U68/><AGARI ba="0,1" hai="47,51,53,56,62,65,68,69,83,84,87,88,89,95" machi="68" ten="30,4000,0" yaku="1,1,0,1,54,1,53,0" doraHai="38" doraHaiUra="99" who="1" fromWho="1" sc="330,-20,330,50,380,-20,0,0" /><INIT seed="1,1,0,1,4,119" ten="310,380,360,0" oya="1" hai0="135,111,104,56,96,49,74,95,117,54,3,60,108" hai1="34,53,128,43,79,51,35,118,125,72,36,48,58" hai2="62,71,81,134,45,124,73,57,116,78,120,85,131" hai3="" shuffle="mt19937ar,36C5A0EC,674619E0,B9AB4D9F,278529A4,5D38B5A0,28B9E27F,A236B5CB,EDE01536"/><U50/><E118/><V37/><N who="2" m="30752" /><V133/><F116/><T66/><D117/><U59/><E128/><V122/><N who="2" m="31264" /><V40/><F131/><T102/><D135/><N who="2" m="51722" /><F124/><T1/><D74/><U77/><E125/><V76/><F71/><T100/><D100/><U75/><E36/><V82/><F57/><T88/><D1/><U83/><E43/><V93/><F93/><T91/><D3/><U52/><E50/><V127/><F127/><T99/><REACH who="0" step="1"/><D91/><REACH who="0" step="2"/><U129/><E129/><V126/><F126/><T130/><D130/><U98/><E98/><V64/><F64/><T39/><D39/><U63/><E63/><AGARI ba="1,1" hai="37,40,45,62,63,73,76,78,81,82,85" m="51722,31264,30752" machi="63" ten="30,8000,1" yaku="20,1,52,4" doraHai="119" who="2" fromWho="1" sc="300,0,380,-82,360,92,0,0" /><INIT seed="2,0,0,5,3,101" ten="300,298,452,0" oya="2" hai0="90,0,41,125,129,32,62,33,70,56,103,132,35" hai1="89,99,97,61,58,116,40,80,115,127,37,3,92" hai2="122,118,88,117,85,44,94,34,48,121,102,66,54" hai3="" shuffle="mt19937ar,A2FC3285,C7168550,338CDB49,38D57B49,0B7285A3,56439B43,ADF4D2BD,562866D9"/><V112/><N who="2" m="31008" /><V79/><N who="2" m="31264" /><V119/><F34/><T68/><D0/><U65/><E3/><V59/><F112/><T45/><D132/><U123/><N who="1" m="31520" /><U77/><E115/><V120/><N who="2" m="30752" /><V67/><F102/><T130/><D125/><U81/><E127/><V96/><F96/><T78/><D78/><U131/><E116/><V83/><F79/><T128/><D90/><U75/><E131/><V47/><F94/><T52/><REACH who="0" step="1"/><D103/><REACH who="0" step="2"/><U114/><E114/><V82/><F82/><T113/><D113/><U126/><E80/><V86/><F86/><T43/><D43/><U53/><E126/><V36/><F36/><AGARI ba="0,1" hai="32,33,35,36,41,45,52,56,62,68,70,128,129,130" machi="36" ten="50,8000,1" yaku="1,1,19,1,54,1,53,1" doraHai="101" doraHaiUra="71" who="0" fromWho="2" sc="290,90,298,0,452,-80,0,0" /><INIT seed="4,0,0,4,4,1" ten="380,298,372,0" oya="0" hai0="47,45,40,54,118,35,58,33,41,123,108,125,128" hai1="94,89,49,65,43,68,64,61,130,87,46,67,104" hai2="82,133,78,107,106,71,112,70,74,80,127,38,76" hai3="" shuffle="mt19937ar,1DE45013,54AC2F0A,5AF77EC8,FFDF32AB,6B19E8AC,0C827929,B6BA4558,D619599A"/><T62/><N who="0" m="31520" /><T117/><D128/><U98/><E130/><V3/><F112/><T124/><D108/><U91/><REACH who="1" step="1"/><E104/><REACH who="1" step="2"/><V32/><F3/><T111/><D111/><U72/><E72/><V50/><F107/><T135/><D135/><U105/><E105/><V2/><F106/><T131/><D131/><U36/><E36/><V122/><F38/><T95/><D118/><U77/><E77/><V79/><F2/><T120/><N who="0" m="30752" /><T96/><D117/><U85/><E85/><V73/><N who="2" m="31264" /><V48/><F79/><T55/><D125/><U51/><E51/><V126/><F133/><T99/><D124/><U88/><E88/><V109/><F109/><T119/><D119/><U69/><E69/><V86/><F86/><T60/><D95/><AGARI ba="0,1" hai="43,46,49,61,64,65,67,68,87,89,91,94,95,98" machi="95" ten="30,2000,0" yaku="1,1,7,1,53,0" doraHai="1" doraHaiUra="110" who="1" fromWho="0" sc="380,-20,288,30,372,0,0,0" /><INIT seed="5,0,0,2,2,80" ten="360,318,372,0" oya="1" hai0="77,92,61,59,32,65,90,52,86,73,103,96,121" hai1="127,69,58,54,105,49,83,70,114,88,120,66,98" hai2="63,3,34,100,117,94,89,33,87,118,51,37,68" hai3="" shuffle="mt19937ar,6B0D2654,4864BA80,C0844CCE,86FC778E,FCAE59C4,80F24ECE,66335557,D7721F62"/><U50/><N who="1" m="30752" /><U106/><E127/><V129/><F37/><T71/><N who="0" m="31008" /><T85/><D32/><U41/><E114/><V67/><F3/><T110/><D110/><U35/><E35/><V81/><F34/><T93/><D73/><U60/><E69/><V111/><F33/><T122/><N who="0" m="31264" /><T75/><D75/><U116/><E116/><V91/><F111/><T44/><D77/><U115/><E115/><V130/><F100/><T123/><N who="0" m="31520" /><T101/><D44/><U132/><E132/><V113/><F51/><T56/><D71/><U124/><E124/><V134/><F134/><T42/><D42/><U78/><E49/><V53/><F53/><T128/><D128/><N who="2" m="49258" /><F113/><T38/><D38/><U2/><E41/><V104/><F104/><T135/><D135/><U107/><E2/><V43/><F43/><T64/><D103/><U125/><E125/><V133/><F133/><T126/><D126/><U131/><E131/><V99/><AGARI ba="0,0" hai="63,67,68,81,87,89,91,94,99,117,118" m="49258" machi="99" ten="30,1500,0" yaku="19,1,52,1" doraHai="80" who="2" fromWho="2" sc="360,-5,318,-10,372,15,0,0" /><INIT seed="6,0,0,3,0,121" ten="355,308,387,0" oya="2" hai0="64,110,48,0,123,34,132,74,133,70,104,122,125" hai1="124,2,61,35,33,1,59,114,118,112,67,66,46" hai2="98,117,41,54,102,106,39,36,47,60,57,40,52" hai3="" shuffle="mt19937ar,F37AE2E0,6FFA95C3,16959458,3156DCEB,7F68FCDF,DFB18455,7E9D2A98,A31BE34D"/><V99/><F117/><T68/><N who="0" m="31264" /><T111/><N who="0" m="31520" /><T76/><D34/><N who="1" m="12811" /><E46/><V83/><F41/><T120/><N who="0" m="30752" /><T72/><D0/><N who="1" m="107" /><E118/><V92/><F83/><T107/><D125/><U78/><E78/><V62/><F39/><T86/><D48/><U130/><E124/><V105/><F99/><T90/><D64/><N who="1" m="24619" /><E130/><V100/><F100/><T71/><D76/><U50/><E50/><V119/><F119/><T82/><D82/><U84/><E59/><AGARI ba="0,0" hai="36,40,47,52,54,57,59,60,62,92,98,102,105,106" machi="59" ten="40,3900,0" yaku="9,1,54,1" doraHai="121" who="2" fromWho="1" sc="355,0,308,-39,387,39,0,0" owari="355,-4,269,-33,426,37,0,0" /></mjloggm>